2370 3878
136 164 200 230 288
419 168 455 221 M.
476 167 599 222 TULLII
618 169 807 225 CICERONIS

294 312 389 375 modo
413 311 497 376 forte

133 469 175 480 -
200 435 287 498 nosti
311 434 481 518 canticum,
503 436 678 500 meministi
700 437 853 533 Roscium
870 442 919 487 '-

495 559 542 623 ita
564 581 615 624 me
640 560 787 626 destituit
809 563 932 629 nudum

132 685 278 746 -totus
297 685 346 748 est
365 704 469 747 sermo
489 682 594 747 verbis
612 687 725 769 tectus,
748 708 783 750 re
801 688 1019 771 impudentior
1039 727 1090 765 -‚

132 771 188 834 sed
211 771 308 834 etiam
330 772 366 835 in
387 771 576 855 tragoediis3
599 772 675 855 quid
699 778 749 838 est
771 776 857 839 enim
880 778 960 842 illud

176 915 258 977 quae
280 895 395 959 mulier
416 895 504 959 uua?

131 1017 216 1101 quid,
239 1017 380 1103 inquam,
404 1022 453 1083 est

448 1144 584 1227 usurpat
608 1142 724 1227 duplex
748 1144 875 1209 cubile?

130 1245 229 1329 quid?

819 1337 915 1401 huius
929 1339 950 1416 †
963 1339 1043 1403 ferei

53 1485 56 1492 .
173 1438 226 1501 hie
250 1438 353 1504 cubile
376 1440 457 1504 inire
481 1445 530 1506 est
554 1463 650 1506 ausus

130 1561 207 1644 quid
232 1560 303 1625 est?

173 1683 342 1770 Virginem
369 1708 420 1752 me
448 1687 610 1839 qupndanp
641 1688 776 1752 inritam
808 1709 866 1772 per
892 1688 958 1752 vim
984 1689 1085 1752 violat

516 1798 594 1860 uppr
611 1797 653 1839 er.

129 1897 217 1962 Bene
248 1897 396 1981 „violat‘z
430 1899 519 1982 atqui
546 1898 631 1963 idem
659 1899 832 1984 siguificat,
865 1900 921 1964 sed
948 1901 1084 1965 alterum

93 2002 223 2051 ‘anemo
246 1988 382 2051 tulisset.
428 1987 527 2052 Vides
550 1987 663 2072 igitur,
691 2008 790 2070 quum
820 1986 931 2052 eadem
959 2000 1010 2053 r'es
1034 1990 1085 2073 sit,

129 2077 204 2159 quia
226 2076 324 2139 verba
345 2097 413 2140 non
437 2077 515 2160 sint,
542 2075 624 2139 nihil
650 2075 753 2139 videri
779 2079 882 2160 turpe.
932 2076 1021 2163 Ergo
1050 2079 1085 2141 in

128 2185 162 2226 re
185 2184 253 2227 non
276 2168 337 2227 est:
360 2164 462 2228 multo
485 2165 593 2228 minus
616 2164 650 2227 in
673 2164 792 2247 verbis3
820 2165 847 2228 si
871 2165 969 2248 enim,
998 2165 1083 2248 quod

128 2252 225 2314 verbo
250 2252 458 2336 significatur,
480 2253 513 2316 id
535 2256 629 2337 turpe
652 2256 805 2336 nonest,
829 2254 974 2336 verbum,
997 2253 1083 2336 quod

129 2339 298 2424 signifieat,
319 2343 413 2424 turpe
437 2362 505 2404 esse
529 2362 600 2405 non·
618 2343 735 2424 potest.
771 2339 918 2424 ‚plnum“
939 2342 1082 2426 appellas

129 2428 232 2492 alieno
256 2428 399 2492 nomine:
433 2427 510 2493 eur?
543 2429 570 2492 si
597 2432 690 2513 turpe
718 2432 781 2512 est,
812 2450 853 2492 ne
882 2429 986 2493 alieno
1015 2430 1082 2512 qui-

104 2517 214 2597 ¹‹lem3
237 2517 264 2580 si
287 2538 355 2580 non
378 2520 434 2599 est,
458 2539 516 2581 suo
539 2516 657 2601 potius.
698 2513 842 2581 (laudam
865 2517 990 2601 antiqui
1012 2540 1083 2602 „pe-

127 2603 220 2669 nem“
246 2606 419 2688 recubant,
447 2627 485 2668 ex
513 2627 576 2688 quo
605 2609 654 2669 est
680 2608 813 2689 propter
841 2605 1082 2670 similitudinem

126 2692 345 2776 ‚,penieillus“;
369 2697 403 2757 at
420 2693 515 2757 hodie
534 2691 663 2777 „penis“
685 2696 735 2756 est
751 2693 786 2757 in
806 2693 983 2758 obscoenis,
1018 2692 1083 2777 „Ae

127 2803 202 2844 vero
233 2781 309 2846 Piso
341 2782 395 2845 ille
427 2781 527 2866 Frugi
558 2782 594 2844 in
625 2781 807 2846 Annalibus
840 2782 906 2846 suis
939 2781 1083 2866 queritur

127 2869 346 2933 adolescentes
373 2870 449 2954 peni
477 2869 601 2934 deditos
629 2868 725 2934 esse“.
775 2867 867 2944 Quod
894 2872 931 2934 tu
960 2871 995 2934 in
1017 2871 1082 2953 epi·

128 2958 211 3023 stola
243 2958 387 3042 appellas
419 2980 477 3022 suo
510 2957 656 3042 nomine,
688 2958 741 3022 ille
769 2958 885 3022 tectius
916 2957 1083 3041 „penem“;

127 3047 192 3131 sed,
215 3047 290 3130 quia
312 3046 419 3131 multi,
446 3047 569 3112 factum
595 3048 645 3111 est
671 3048 739 3110 tam
762 3046 958 3111 obscoenum
986 3068 1082 3130 quam

126 3135 159 3198 id
191 3135 338 3219 verbum,
370 3157 433 3218 quo
465 3139 502 3199 tu
534 3156 611 3199 usus
643 3155 686 3199 es.
738 3133 834 3218 Quid,
867 3133 952 3219 quod
984 3135 1082 3219 vulgo

197 3291 249 3360 Ep.
264 3297 307 3359 22,
323 3298 345 3345 1.
374 3292 456 3346 huius
469 3297 488 3359 †
501 3291 568 3359 ferei
586 3291 641 3358 (ll,
651 3289 715 3358 W.).
751 3291 786 3357 la,
802 3289 897 3358 Puero,
906 3289 1041 3357 Ribbeck,
1051 3290 1087 3362 B„

124 3367 150 3413 2.
174 3361 245 3415 eur?
267 3364 293 3415 si
311 3364 391 3431 trapa
408 3363 482 3432 (W).
529 3377 579 3416 eur
596 3377 646 3416 sua
659 3361 756 3430 potius
773 3361 799 3415 ei
816 3366 834 3416 t.
853 3360 891 3415 M.
932 3359 1003 3417 aar?
1022 3358 1083 3430 [suo

94 3431 308 3571 {Zmff'gffl'
328 3433 360 3488 Β,
381 3464 416 3474 -
434 3433 495 3502 „At
512 3447 574 3488 aero
654 3431 712 3487 cled.
729 3434 807 3486 eese‘.
827 3431 901 3498 (Ν).
939 3431 979 3485 At
995 3446 1019 3485 a.
