2370 3878
366 170 625 228 EPISTOLARUM
641 172 689 227 Vl.
709 180 732 227 1.
752 178 767 225 2
991 173 1052 235 161

92 315 235 380 fortasse
268 314 413 399 fuerunt,
449 337 546 399 quam
582 336 711 380 neeesse
747 315 826 398 fuit3
866 316 935 398 illa,
973 338 1054 400 quae

94 404 221 467 maiora
244 407 328 486 sunt,
350 404 479 467 brevius
499 425 669 487 exponam:
694 425 753 488 ego
772 403 886 488 habeo,
910 404 960 468 eui
981 406 1054 489 plus

95 513 196 574 quam
217 491 278 554 tibi
301 491 443 575 debeam,
466 490 627 555 neminem
651 528 692 538 -
716 492 832 574 quibus
850 496 979 556 tantum
1003 493 1054 556 de-

95 580 223 663 bebam,
246 584 403 662 quantum
425 583 462 643 tu
483 580 652 665 intelligis,
678 600 734 644 eos
756 580 853 643 huius
876 580 956 644 mihi
979 582 1055 645 belli

96 688 191 732 oasus
209 667 328 750 eripuit
344 691 399 750 -3
421 668 477 750 qui
496 668 557 731 sim
575 672 683 732 autem
701 668 763 732 hoe
785 671 939 752 tempore,
962 669 1055 733 intel-

96 757 175 840 ligo,
198 756 262 837 sed,
285 758 361 839 quia
380 776 474 819 nemo
493 759 543 820 est
560 760 628 819 tam
646 755 794 839 afflictae,
817 758 905 840 quin,
928 758 956 821 si
973 757 1055 821 nihil

96 844 187 908 aliud
211 844 338 908 studeat
361 844 423 907 nisi
446 844 492 927 id,
521 845 606 927 quod
630 845 707 929 agit,
729 845 833 928 possit
856 866 975 909 navare
999 847 1056 909 ali-

97 931 176 1016 quid
203 936 237 995 et
268 932 407 1014 efficere,
440 952 534 995 omne
566 953 673 996 meum
701 932 884 1016 eonsilium,
916 954 1056 1017 operam,

98 1019 241 1084 studium
266 1024 364 1103 certe,
391 1019 488 1083 velim
515 1021 676 1084 existimes
704 1021 764 1084 tibi
791 1020 919 1102 tuisque
946 1021 1056 1085 liberis

98 1128 169 1171 esse
193 1108 344 1171 debitum.

555 1298 597 1368 H.

159 1411 217 1466 Ser.
236 1412 355 1466 Asturae
373 1428 468 1466 mense
486 1411 566 1467 Iunio
586 1413 636 1466 aut
653 1410 788 1476 Quinotili
806 1428 830 1466 a.
850 1431 876 1466 u.
896 1430 918 1467 e.
940 1418 998 1468 709.

295 1536 332 1589 Μ.
353 1534 480 1591 CICERO
501 1535 527 1590 S.
547 1535 579 1588 D.
598 1535 631 1589 A.
651 1534 857 1601 TORQUATO.

167 1632 247 1698 Peto
271 1656 290 1697 a
313 1638 358 1717 te,
380 1656 421 1698 ne
444 1657 494 1698 me
517 1639 611 1718 putes
636 1635 795 1700 oblivione
818 1635 867 1699 tui
889 1634 993 1699 rarius
1016 1635 1057 1698 ad
1078 1654 1092 1702 1

99 1725 134 1786 te
157 1722 309 1805 seribere,
333 1744 429 1805 quam
453 1723 609 1806 solebam,
633 1723 688 1786 sed
712 1728 768 1786 aut
791 1724 949 1807 gravitate
973 1724 1057 1786 vale·

100 1809 237 1892 tudinis,
261 1832 324 1893 qua
346 1814 457 1874 tamen
479 1812 544 1874 iam
566 1811 711 1892 paullum
734 1811 844 1874 videor
866 1810 979 1891 levari,
1003 1815 1059 1873 aut

102 1898 189 1980 quod
212 1897 316 1960 absim
344 1897 384 1960 ab
412 1898 504 1979 urbe,
527 1900 576 1979 ut,
604 1898 659 1980 qui
687 1896 727 1960 ad
750 1901 782 1960 te
805 1897 1058 1980 proficiscantur,

100 1985 183 2049 seire
207 2005 275 2048 non
297 1985 431 2066 possim3
454 2004 552 2066 quare
571 1984 668 2047 velim
685 1984 731 2047 ita
751 1987 908 2047 statutum
928 1983 1058 2066 habeas,

99 2095 153 2136 me
177 2071 226 2133 tui
249 2071 435 2134 memoriam
459 2092 532 2134 cum
555 2091 680 2134 summa
701 2071 926 2136 benevolentia
948 2076 1057 2136 tenere

99 2165 240 2242 tuasque
268 2179 379 2222 omnes
406 2179 457 2222 res
484 2178 552 2222 non
579 2159 696 2223 minori
724 2158 803 2223 mihi
836 2181 928 2224 curae
962 2182 1058 2244 quam

100 2269 190 2312 meas
219 2267 296 2310 esse.
342 2245 434 2322 Quod
462 2247 582 2312 maiore
610 2248 645 2310 in
672 2247 827 2311 varietate
855 2251 982 2312 versata
1010 2252 1093 2312 este

101 2335 207 2400 adhue
229 2339 288 2399 tua
311 2355 420 2419 eausa,
447 2354 545 2418 quam
572 2336 720 2400 homines
747 2339 804 2400 aut
826 2336 979 2401 volebant
1002 2340 1058 2400 aut

102 2424 330 2508 opinabantur,
352 2422 556 2508 mihicrede,
579 2444 647 2489 nou
669 2428 719 2488 est
740 2444 799 2508 pro
823 2425 915 2488 malis
935 2428 1058 2506 tempo·

101 2533 187 2594 rum,
210 2512 296 2594 quod
318 2513 452 2576 moleste
474 2512 575 2595 feras3
597 2532 727 2577 necesse
749 2515 799 2576 est
821 2513 907 2576 enim
930 2516 987 2575 aut
1010 2532 1058 2573 ar-

101 2599 163 2663 mis
186 2600 294 2683 urgeri
317 2619 385 2663 rem
407 2601 571 2684 publicam
590 2601 792 2684 sempiternis
812 2603 869 2664 aut
885 2600 925 2663 iis
944 2598 1058 2683 positis

102 2688 240 2751 recreari
272 2687 444 2770 aliquando
472 2694 530 2752 aut
560 2689 707 2754 funditus
738 2689 882 2752 interire:
915 2687 942 2749 si
970 2707 1060 2749 arma

101 2775 265 2859 valebunt,
287 2795 347 2839 neo
371 2796 439 2860 eos,
461 2799 483 2840 a
505 2778 621 2860 quibus
643 2777 808 2860 reciperis,
837 2775 940 2839 vereri
963 2774 1059 2838 debes

101 2882 250 2946 nereos,
273 2883 354 2946 quos
373 2865 537 2946 adiuvisti,
560 2866 587 2928 si
605 2865 702 2928 armis
721 2868 778 2928 aut
797 2863 984 2929 eondioione
1004 2884 1060 2946 po-

101 2950 174 3014 sitis
196 2954 255 3014 aut
273 2951 503 3036 defetigatione
522 2952 655 3017 abiectis
678 2955 735 3016 aut
752 2952 889 3016 victoria
907 2950 1059 3015 detractis

100 3037 216 3102 civitas
247 3040 465 3124 respiraverit,
497 3043 530 3104 et
561 3040 720 3124 dignitate
750 3041 808 3104 tua
839 3039 904 3104 frui
935 3040 996 3103 tibi
1027 3040 1060 3100 et

100 3125 242 3191 fortunis
261 3128 383 3210 lieebit3
405 3128 455 3191 siu
474 3127 606 3219 omninp
624 3128 806 3192 interierint
824 3127 935 3194 omnia
947 3124 1060 3190 fuerit·

173 3280 225 3352 Ep.
245 3290 269 3351 1,
286 3290 309 3337 7.
346 3285 477 3339 nerninem
496 3314 529 3324 —
549 3285 648 3354 quibas
727 3284 830 3352 eripuit
849 3300 898 3347 —;
916 3280 964 3349 qut
983 3278 1058 3348 (Ν).

99 3369 128 3406 rr.
135 3371 146 3417 ,·
163 3368 188 3420 q.
209 3393 232 3406 ..
252 3355 362 3421 erupuit.
401 3354 457 3424 Qui
474 3350 567 3425 vulgo.
611 3354 663 3424 Ep.
682 3359 707 3421 2,
722 3359 747 3407 2.
783 3354 820 3407 iis
833 3353 935 3420 positis
954 3350 1060 3418 (Mart.-

99 3423 152 3492 L.).
194 3423 237 3477 bie
250 3440 281 3491 p.
300 3423 364 3477 ΜΒ.
388 3455 424 3464 -
445 3426 571 3479 interire.-
592 3425 710 3548 siff).
752 3424 871 3478 interire.
909 3420 942 3504 St
964 3421 1058 3490 vulgo.

99 3523 137 3534 -—
154 3494 284 3562 reciperis
302 3493 433 3565 (Egnatt
470 3496 600 3564 receperis
648 3536 654 3550 .
690 3494 834 3564 recipieris
849 3491 1037 3562 Kayser&

155 3579 270 3621 clemona
284 3581 344 3628 epist
359 3583 378 3622 Ι.
825 3588 863 3637 u
