2370 3878
311 203 570 259 EPISTOLARUM
588 203 648 258 ΧΠ.
670 210 710 258 12.
731 208 772 258 13.
958 203 1021 266 389

69 371 139 412 esse
161 349 360 431 maximeque
386 352 491 431 tuum,
518 347 556 411 de
585 347 674 412 cuius
701 347 868 411 voluntate
895 347 1022 410 assidue

70 436 227 501 audiendo
259 436 390 500 mirifice
422 439 455 500 te
488 435 594 520 diligit
621 456 793 517 carumque
823 434 935 499 habet:
968 435 1023 518 qui

69 526 97 587 si
119 524 312 587 intellexerit
335 523 503 588 commoda
526 545 584 587 sua
607 543 700 587 curae
723 522 784 586 tibi
807 543 884 605 esse,
908 522 1022 585 debere

70 612 167 675 etiam
191 633 224 675 se
247 612 307 674 tibi
331 612 441 675 omnia
462 611 599 694 putabit.

135 699 266 763 Litteris
295 699 422 781 scriptis
451 699 558 762 audivi
580 697 783 762 Dolabellam
813 698 848 761 in
878 695 1058 762 Ciliciam5

68 787 194 851 venisse
227 808 300 850 eum
333 786 398 850 suis
435 787 548 869 copiis:
584 785 769 868 proficiscar
804 785 839 848 in
870 782 1024 849 Ciliciam.

70 874 152 949 Quid
181 874 314 958 egerim,
341 875 486 937 celeriter
512 877 550 937 ut
577 873 671 955 scias,
703 872 786 936 dabo
815 894 960 956 operam3
987 894 1024 937 ac

69 963 174 1044 velim,
197 966 234 1025 ut
255 983 414 1025 meremur
437 961 475 1024 de
498 981 532 1024 re
555 960 693 1043 publica,
716 960 761 1023 sic
783 959 893 1024 felices
917 960 1024 1025 simus.

69 1049 135 1114 Fae
157 1051 265 1114 valeas
287 1070 401 1131 meque
425 1069 521 1112 ames.
565 1047 671 1127 Nonis
694 1046 789 1111 Maiis
813 1068 852 1112 ex
875 1049 997 1112 castris.

502 1238 593 1304 XIII.

70 1352 146 1405 Data
164 1353 208 1406 est
226 1351 317 1420 Cypro
336 1350 609 1420 aOrommyoacride
627 1350 722 1404 Idibus
741 1349 828 1405 Iuniis
846 1366 870 1404 a.
885 1369 912 1404 u.
927 1367 950 1405 c.
966 1356 1024 1404 711.

244 1470 275 1532 L.
295 1471 440 1527 cassius
459 1472 489 1538 Q.
509 1472 536 1527 S.
556 1473 589 1527 D.
608 1473 645 1528 M.
665 1472 844 1528 CICERONI.

138 1569 169 1636 S.
183 1594 211 1635 v.
227 1572 256 1635 b.
271 1593 296 1635 e.
311 1593 336 1636 e.
355 1594 384 1636 v.
421 1570 526 1647 Quum
548 1573 595 1637 rei
613 1573 760 1656 publicae
779 1574 830 1637 vel
849 1574 952 1637 salute
975 1575 1026 1636 vel
1046 1587 1059 1632 1

72 1660 205 1724 victoria
227 1660 416 1743 gaudemus,
443 1665 513 1724 tum
540 1661 774 1725 instauratione
802 1664 931 1725 tuarum
958 1662 1025 1724 lau-

71 1748 156 1831 dum,
179 1748 264 1830 quod
287 1748 446 1812 maximus
469 1749 648 1812 consularis
667 1749 842 1813 maximum
862 1749 1026 1812 consulem

69 1839 103 1898 te
124 1835 193 1917 ipse
215 1835 329 1918 vicisti,
352 1839 385 1899 et
406 1836 565 1899 laetamur
587 1838 621 1898 et
642 1836 751 1898 mirari
766 1836 844 1898 satis
867 1856 935 1898 non
954 1857 1038 1918 pos·.

72 1944 190 1986 sumus
234 1920 348 1986 Fatale
375 1922 484 1987 nescio
513 1922 590 2005 quid
613 1927 688 1986 tuae
711 1922 824 1986 virtuti
847 1922 971 2003 datum,
993 1923 1026 1985 id

71 2010 157 2093 quod
180 2030 275 2093 saepe
297 2010 363 2073 iam
386 2009 510 2093 experti
533 2031 656 2092 sumus3
684 2012 733 2074 est
760 2009 847 2073 enim
869 2012 926 2073 tua
948 2013 1027 2093 toga

70 2097 216 2162 omnium
248 2098 345 2161 armis
375 2097 513 2179 felicior3
545 2119 626 2180 quae
653 2118 741 2161 nunc
773 2117 899 2179 quoque
931 2097 1025 2162 nobis

69 2206 172 2267 paene
198 2185 317 2248 victam
348 2206 416 2249 rem
448 2185 610 2267 publicam
642 2206 680 2248 ex
707 2185 856 2248 manibus
883 2184 1026 2249 hostium
1075 2265 1077 2269 Α

70 2273 188 2354 eripuit
202 2293 239 2335 ac
252 2272 399 2336 reddidit.
435 2271 531 2336 Nunc
551 2293 628 2358 ergo
647 2273 790 2336 vivemus
811 2272 916 2356 liberi,
939 2295 1026 2337 nunc

68 2365 116 2441 te,
147 2360 290 2424 omnium
313 2361 451 2425 maxime
479 2361 557 2424 civis
580 2363 613 2424 et
639 2360 719 2424 mihi
742 2360 904 2425 carissime
926 2398 971 2406 -
993 2361 1026 2424 id

70 2446 157 2528 quod
180 2448 327 2510 maximis
349 2449 396 2511 rei
423 2448 571 2530 publicae
597 2448 739 2512 tenebris
767 2448 951 2533 comperisti
974 2484 1026 2532 -,

69 2555 157 2598 nune
188 2539 220 2598 te
252 2535 442 2599 habebimus
474 2539 591 2600 testem
621 2537 725 2600 nostri
753 2539 786 2600 et
814 2537 849 2599 in
876 2540 908 2599 te
937 2536 1027 2599 etin

70 2621 366 2687 coniunctissimam
383 2623 444 2687 tibi
461 2645 530 2688 rem
548 2624 711 2707 publicam
730 2624 858 2706 amoris,
881 2627 921 2704 et,
944 2644 1026 2704 quae

70 2731 165 2792 saepe
188 2710 351 2792 pollicitus
370 2715 455 2775 este
474 2716 507 2776 et
523 2713 707 2795 taciturum,
729 2712 805 2775 dum
827 2711 1026 2793 serviremus,

70 2800 103 2860 et
126 2797 286 2861 dicturum
309 2799 347 2862 de
370 2820 421 2863 me
444 2802 527 2883 tum,
558 2822 656 2883 quum
683 2799 763 2863 mihi
785 2799 955 2883 profutura
978 2820 1027 2862 es·

70 2888 156 2967 sent,
182 2907 269 2950 nunc
296 2887 352 2949 illa
379 2908 447 2951 non
474 2907 534 2970 ego
563 2887 691 2970 quidem
723 2886 786 2950 dici
813 2891 905 2951 tanto
930 2907 1025 2968 opere

70 2971 257 3038 desiderabo
281 2996 377 3056 quam
401 2974 514 3038 sentiri
536 2996 556 3038 a
574 2978 606 3037 te
624 2975 709 3057 ips03
732 2995 835 3058 neque
855 2975 940 3038 enim
960 2996 1025 3037 om·

68 3060 160 3123 nium
182 3061 299 3125 iudicio
319 3062 429 3125 malim
447 3082 498 3125 me
518 3083 537 3125 a
554 3065 587 3134 te
607 3063 822 3125 commendari
842 3083 938 3145 quam
956 3062 1025 3142 ipse

68 3151 126 3210 tuo
149 3148 266 3211 iudicio
291 3149 387 3233 digne
412 3170 448 3212 ac
471 3170 596 3213 mereor
618 3150 860 3213 commendatus
884 3168 966 3229 esse,
989 3151 1026 3209 ut

69 3232 149 3298 haec
171 3237 347 3301 novissima
369 3241 482 3302 nostra
503 3236 592 3302 facta
613 3257 681 3301 non
704 3237 811 3300 subita
833 3256 892 3299 nec
914 3236 1024 3298 lucon-

68 3323 245 3407 venientia,
277 3325 332 3388 sed
365 3325 482 3388 similia
508 3325 572 3389 illis
596 3325 860 3408 cogitationibus,
889 3343 1024 3404 quarum

68 3413 105 3473 tu
128 3412 222 3475 testis
246 3433 289 3495 es,
311 3412 410 3476 fuisse
429 3412 550 3476 iudices
565 3433 678 3494 meque
698 3412 737 3474 ad
758 3411 913 3494 optimam
935 3430 1025 3491 spem

61 3498 192 3576 patriae
212 3500 279 3562 non
301 3500 472 3564 minimum
496 3499 558 3566 tibi
581 3500 647 3587 ipsi
663 3498 920 3586 producendum
933 3500 1048 3580 putes.

113 3593 165 3659 Ep,
181 3601 222 3648 13.
236 3595 272 3648 Ia
294 3596 467 3654 CASSIUS
476 3599 620 3671 (Kranae).
641 3599 674 3657 (l.
689 3594 871 3656 CASSIUS
881 3594 941 3661 lt,
950 3589 1056 3654 nubas·
