2370 3878
131 96 195 201 llO
411 137 449 192 M.
469 136 592 192 TULLII
612 136 801 192 CICERONIS

127 304 259 366 prorsus
280 281 341 345 tibi
364 281 578 366 ignoscerem,
608 282 635 345 si
659 282 815 364 quosdam
842 282 946 347 nolles
969 282 1086 365 videre,

129 371 192 453 sed,
216 391 314 453 quum
337 370 458 434 leviora
480 391 548 434 non
570 371 672 434 multo
695 374 812 452 essent,
835 391 917 453 quae
938 370 1085 435 audiren-

127 464 194 541 tur,
222 479 318 541 quam
342 479 423 541 quae
445 458 643 541 viderentur,
671 459 850 542 suspicarer
873 461 982 522 autem
1003 460 1084 522 mul-

127 550 198 610 tum
219 546 375 610 interesse
397 546 444 610 rei
465 546 633 611 familiaris
661 551 735 611 tuae
762 551 794 610 te
818 568 916 630 quam
943 547 1084 630 primum

128 634 236 699 venire
259 633 355 717 idque
377 635 412 698 in
436 656 547 700 omnes
570 639 679 719 partes
701 635 831 718 valeret,
853 634 966 718 putavi
989 656 1027 698 eu
1046 636 1084 698 de

128 744 162 786 re
184 725 218 786 te
240 743 310 787 esse
333 723 581 788 admonendum.
626 722 697 806 Sed,
720 723 882 807 quonium,
905 717 982 806 quid
1005 723 1084 786 mihi

63 875 66 881 ,
127 811 277 894 placeret,
300 812 435 896 ostendi,
458 812 582 895 reliqua
603 815 639 876 tu
661 834 720 895 pro
738 822 795 875 tua
813 810 987 896 prudentia
1009 831 1083 874 eon-

128 898 295 983 siderabis3
318 921 369 964 me
390 904 501 964 tamen
524 901 630 983 velim,
652 899 737 984 quod
761 899 801 963 ad
824 904 951 983 tempus
975 901 1007 963 te
1032 920 1082 963 ex·

128 991 317 1073 spectemus
341 990 508 1054 certiorem
531 989 640 1052 facias.

572 1197 630 1264 XI.

295 1310 352 1366 Scr.
371 1310 514 1378 Mytilenis
533 1312 651 1364 exeunte
670 1326 742 1364 anno
760 1329 786 1364 u.
806 1327 829 1364 c.
850 1316 908 1366 708.
991 1373 999 1384 ,

232 1404 245 1458 ἲ
255 1432 473 1488 uincamus
502 1432 672 1520 oronaom
699 1433 726 1488 s.
752 1433 954 1488 cucumula

93 1545 107 1592 ι
149 1571 152 1575 ,
194 1532 345 1599 Voluisse
376 1534 461 1618 apud
497 1555 548 1597 me
579 1537 670 1597 tuam
700 1555 826 1618 semper
858 1534 1083 1599 auctoritatem

128 1643 227 1706 quum
249 1622 284 1686 in
303 1622 392 1686 omni
409 1644 443 1686 re
461 1626 532 1687 tum
550 1623 585 1686 in
602 1621 665 1686 hoo
683 1623 819 1686 maxime
838 1623 970 1707 negotio
989 1626 1082 1706 potes

128 1711 321 1775 existimare:
350 1732 448 1795 quum
470 1710 550 1775 mihi
577 1708 611 1776 O.
633 1710 818 1795 Marcellum
844 1711 946 1775 frater
973 1733 1082 1775 uman-

127 1799 270 1864 tissimus
293 1800 369 1884 mei,
391 1820 459 1864 non
482 1801 587 1864 solum
610 1800 778 1864 consilium
801 1800 905 1883 daret,
934 1799 990 1863 sed
1012 1820 1082 1884 pre·

128 1888 218 1953 cibus
245 1911 372 1973 quoque
399 1911 449 1953 me
474 1889 668 1972 obsecraret,
695 1909 762 1952 non
788 1888 877 1971 prius
905 1887 985 1952 mihi
1012 1910 1082 1972 per·

128 1977 260 2041 suadere
283 1978 403 2062 potuit,
431 1999 527 2061 quam
549 1977 615 2041 tuis
638 1979 687 2040 est
710 1976 858 2040 effectum
887 1975 1018 2059 litteris,
1045 1979 1082 2039 ut

127 2069 234 2129 uterer
256 2069 363 2130 vestro
386 2066 590 2149 potissimum
613 2065 756 2129 consilio.
792 2064 856 2128 Res
878 2064 1082 2148 quemadmo-

128 2153 205 2216 dum
228 2153 270 2216 sit
293 2157 373 2236 aeta,
395 2158 520 2217 vestrae
542 2155 668 2217 litterae
691 2153 771 2216 mihi
793 2152 967 2216 declarant.
1003 2150 1081 2216 Gra-

127 2241 243 2305 tulatio
275 2244 332 2305 tua
363 2242 424 2304 etsi
456 2244 505 2304 est
536 2241 616 2304 milri
644 2240 884 2324 probatissima,
923 2240 1008 2324 quod
1040 2239 1081 2304 ab

128 2330 250 2412 optimo
273 2328 311 2392 fit
333 2328 451 2411 animo,
474 2332 583 2392 tamen
605 2328 667 2392 hoc
689 2328 769 2392 mihi
787 2330 889 2392 multo
912 2328 1082 2394 iucundius

117 2421 178 2482 ‘est
201 2420 233 2481 et
256 2417 389 2502 gratius,
411 2416 496 2500 quod
519 2417 554 2480 in
573 2438 697 2481 summa
717 2418 878 2500 paucitate
898 2417 1082 2499 amicorum,

127 2507 382 2591 propinquorum
405 2526 442 2569 ac
464 2505 726 2589 necessariorum,
749 2506 804 2589 qui
826 2527 899 2569 vere
920 2526 1010 2570 meae
1033 2526 1081 2568 sa-

127 2595 188 2659 luti
214 2595 374 2679 faverent,
400 2597 432 2658 te
461 2594 701 2678 cupidissimum
728 2594 792 2658 mei
823 2594 1082 2679 singularemque

93 2684 208 2748 2mihi
239 2682 496 2751 benevolentiam
524 2683 722 2766 praestitisse
755 2683 901 2767 cognovi.
945 2681 1083 2765 Reliqua

129 2776 206 2836 sunt
237 2771 407 2856 eiusmodi,
439 2771 554 2856 quibus
587 2792 662 2856 ego,
694 2771 847 2855 quoniam
878 2771 958 2834 haec
991 2773 1083 2834 erant

127 2864 284 2943 tempora,
305 2860 400 2924 facile
423 2864 457 2924 et
479 2881 582 2944 aequo
606 2860 713 2924 animo
738 2859 900 2943 carebam3
921 2859 983 2923 hoc
1006 2879 1082 2923 vero

128 2948 284 3013 eiusmodi
316 2970 384 3013 esse
416 2952 538 3030 statuo,
570 2952 606 3013 ut
638 2949 706 3012 sine
738 2948 854 3012 talium
880 2948 1023 3012 virorum
1051 2949 1084 3009 et

128 3038 304 3103 amicorum
330 3037 555 3127 benevolentia
577 3059 681 3123 neque
704 3037 738 3101 in
761 3036 895 3102 adversa
921 3056 1026 3119 neque
1048 3035 1084 3098 in

198 3265 249 3336 Ep.
271 3271 351 3333 11,1.
385 3263 413 3319 S.
435 3264 676 3319 PLURIMAM.
719 3262 843 3319 Voluisse
862 3264 931 3332 (Ml,
951 3263 1016 3329 W).
1053 3261 1083 3317 S.

129 3336 371 3392 PLURIMAM.
414 3335 572 3390 Plurimum
589 3336 642 3389 ool.
663 3334 729 3404 (Or)
749 3351 785 3388 an
804 3335 832 3390 S.
853 3334 1011 3389 Plurimum
1029 3335 1084 3388 ool.

128 3408 198 3477 (Ma,
208 3408 269 3476 B.)?
280 3439 313 3447 ——
324 3407 494 3462 existumare:
506 3422 590 3476 quum
600 3406 647 3476 (W
649 3408 676 3477 .).
707 3407 869 3462 existimare.
891 3406 980 3476 Quum
989 3405 1083 3475 vulgo.

132 3481 186 3533 mci
227 3478 313 3546 fuisse
353 3479 453 3547 siuyul.
474 3477 521 3546 (W
523 3479 559 3544 u
605 3515 608 3521 -
