2370 3878
150 171 215 234 472
432 171 468 224 Μ.
489 169 612 224 TULLII
630 168 821 227 CICERONIS

532 364 534 368 ⁴
573 417 685 483 LXIX.

428 528 484 582 Ser.
503 529 608 584 Romae
627 547 651 584 a.
671 549 697 584 u.
717 548 739 586 c.
760 537 819 586 708.

151 655 193 707 M.
209 650 338 706 CICERO
358 651 387 705 P.
408 651 576 706 SERVILIO
595 651 785 709 COLLEGAE
805 654 879 709 SAL.
899 656 1106 714 PLURIMAM.

116 773 129 820 1
215 751 248 817 C.
268 750 396 816 Curtius
415 750 550 816 Mithres
570 755 618 814 est
636 753 689 816 ille
710 753 846 838 quidem,
864 759 900 818 ut
919 758 1105 840 1616111161-

148 846 201 905 tus
224 840 379 922 Postumi,
402 840 643 903 familiarissimi
662 842 733 925 mei,
757 842 812 906 sed
830 863 881 906 me
900 845 978 908 colit
998 850 1031 909 et
1049 848 1104 910 ob·

150 933 254 994 servat
286 949 385 1011 aeque
417 932 511 1011 atque
544 929 634 991 illum
665 929 772 1012 ipsum
798 934 971 1012 patronum
1000 955 1102 998 suum.

148 1018 244 1102 Apud
272 1038 344 1080 eum
372 1036 431 1100 ego
460 1016 505 1079 sic
527 1015 649 1098 Ephesi
671 1017 730 1100 fui,
758 1020 1020 1103 quotiescumque
1047 1022 1103 1104 fui,

147 1113 313 1190 tamquam
337 1104 423 1167 domi
445 1125 543 1187 meae,
566 1105 729 1189 multaque
753 1106 947 1189 acciderunt,
974 1108 1011 1172 in
1034 1111 1101 1192 qui-

148 1198 208 1260 bus
241 1198 273 1257 et
303 1192 558 1256 benevolentiam
590 1192 657 1256 eius
689 1213 765 1277 erga
796 1215 847 1257 me
879 1196 1042 1277 experirer
1071 1202 1103 1260 61

147 1285 250 1347 fidem.
295 1281 420 1363 Itaque,
449 1281 476 1342 si
499 1280 575 1363 quid
602 1284 658 1343 aut
679 1281 758 1344 mihi
782 1285 837 1345 aut
864 1303 1010 1346 meorum
1037 1286 1100 1348 cui-

147 1373 234 1455 piam
257 1370 292 1432 in
314 1368 394 1431 Asia
417 1389 497 1451 opus
521 1372 582 1449 est,
605 1369 646 1431 ad
672 1369 757 1432 hunc
781 1370 916 1433 scribere
940 1373 1103 1456 consuevi,

147 1460 241 1523 huius
266 1478 363 1539 quum
382 1476 479 1537 opera
498 1460 530 1519 et
547 1457 617 1539 fide,
640 1459 709 1519 tum
728 1456 822 1522 domo
846 1461 879 1520 61
895 1479 929 1520 16
948 1459 997 1522 uti
1020 1463 1101 1524 tam·

148 1569 243 1629 quam
266 1565 345 1607 mea.
390 1542 479 1606 Haec
502 1544 542 1607 ad
564 1548 596 1607 te
620 1565 657 1609 eo
680 1545 824 1627 pluribus
848 1544 968 1630 scripsi,
993 1551 1031 1610 ut
1052 1548 1101 1612 in-

146 1635 306 1718 telllgeres
329 1652 381 1693 me
403 1652 469 1694 non
492 1633 660 1715 †vulgare
688 1654 747 1696 nec
775 1633 956 1715 ambitiose,
986 1635 1042 1698 sed
1065 1639 1102 1700 ut

147 1744 205 1805 pro
228 1720 357 1785 1161111116
384 1719 499 1783 intimo
527 1741 562 1783 ac
585 1720 665 1783 mihi
691 1721 927 1803 pernecessario
951 1723 1100 1788 scribere.

113 1826 128 1874 2
146 1811 226 1876 Peto
250 1809 349 1894 igitur
372 1829 391 1869 a
413 1811 453 1889 te,
476 1811 512 1871 ut
529 1808 564 1871 in
583 1829 621 1871 ea
639 1809 863 1893 controversia,
886 1831 983 1892 quam
1002 1810 1102 1875 habet

148 1900 185 1963 de
212 1899 312 1963 frando
340 1918 412 1960 cum
445 1897 582 1979 quodam
615 1895 828 1981 Colophonio,
860 1901 893 1960 et
922 1897 957 1961 in
985 1900 1101 1963 ceteris

146 1990 250 2072 rebus,
273 1989 428 2070 quantum
450 1984 527 2047 fides
550 1988 607 2047 tua
628 1985 769 2067 patietur
796 1989 1016 2068 quantumque
1043 1990 1101 2051 tuo

147 2076 313 2141 commodo
331 2072 461 2157 poteris,
478 2075 605 2135 tantum
624 2073 652 2135 ei
670 2072 802 2137 honoris
821 2074 884 2136 mei
902 2094 1000 2136 causa
1015 2095 1102 2138 eom·

146 2164 265 2245 modes,
288 2161 357 2243 etsi,
379 2163 416 2223 ut
439 2161 506 2223 eius
528 2160 719 2224 modestiam
742 2161 886 2244 cognovi,
909 2162 1016 2244 gravis
1039 2163 1102 2226 tibi

146 2252 235 2314 nulla
256 2251 291 2312 in
313 2271 347 2313 re
370 2248 443 2311 erit:
474 2249 501 2311 si
524 2254 557 2313 et
583 2270 655 2312 mea
682 2248 956 2312 commendatione
984 2252 1019 2312 61
1042 2272 1104 2314 sua

146 2338 306 2421 probitate
333 2338 496 2400 assecutus
524 2337 597 2419 erit,
628 2340 665 2400 ut
696 2337 734 2400 de
757 2359 791 2400 se
818 2337 899 2400 bene
926 2337 1103 2420 existimes,

148 2426 255 2489 omnia
278 2446 311 2488 se
335 2424 485 2506 adeptum
509 2425 724 2489 arbitrabitur.
765 2423 811 2489 Ut
832 2425 932 2508 igitur
954 2446 1028 2488 eum
1051 2447 1102 2488 re-

147 2515 246 2596 cipias
278 2513 313 2577 in
339 2513 433 2575 fidem
463 2511 644 2595 habeasque
671 2513 707 2575 in
732 2534 865 2577 numero
892 2516 1035 2596 tuorum,
1066 2517 1102 2576 te

145 2603 349 2666 vehementer
372 2599 468 2663 etiam
492 2601 587 2682 atque
614 2600 711 2662 etiam
738 2620 831 2684 rogo:
855 2620 928 2684 ego,
957 2621 1040 2684 quae
1067 2604 1103 2664 te

145 2691 225 2753 velle
245 2709 387 2773 quaeque
406 2686 446 2751 ad
464 2689 496 2749 te
514 2687 673 2768 pertinere
694 2689 882 2772 arbitrabor,
905 2688 1015 2753 omnia
1034 2692 1102 2752 stu-

147 2777 235 2840 diose
259 2777 490 2860 diligenterque
513 2775 639 2839 curabo

216 3001 267 3070 Ep.
288 3007 330 3068 69,
347 3007 369 3053 1.
405 3002 515 3070 culpari
533 3016 670 3055 mereare
688 3001 800 3069 (Klotz.)
820 3003 870 3055 aut
891 3017 914 3054 v.
935 3002 1103 3056 succurendu-

145 3074 219 3127 tioae
240 3088 288 3126 nee
311 3070 377 3140 (W.)
405 3077 455 3125 aut
476 3071 614 3142 volucresve
635 3073 673 3126 iu·
688 3073 796 3127 veodam
817 3087 866 3127 nec
889 3071 964 3140 (W.).
1016 3076 1042 3126 2.
1069 3073 1104 3126 in

145 3144 226 3210 fidem
244 3148 319 3198 tuum
337 3142 361 3195 11.
381 3141 452 3210 (th
574 3190 577 3195 ⁴
868 3168 871 3174 ·
