<?xml version="1.0" encoding="UTF-8"?>
<!DOCTYPE html PUBLIC "-//W3C//DTD XHTML 1.0 Transitional//EN"
    "http://www.w3.org/TR/xhtml1/DTD/xhtml1-transitional.dtd">
<html xmlns="http://www.w3.org/1999/xhtml" xml:lang="en" lang="en">
 <head>
  <title>
</title>
<meta http-equiv="Content-Type" content="text/html;charset=utf-8" />
  <meta name='ocr-system' content='tesseract 3.04.00' />
  <meta name='ocr-capabilities' content='ocr_page ocr_carea ocr_par ocr_line ocrx_word'/>
</head>
<body>
  <div class='ocr_page' id='page_1' title='image "./epistolae00cicegoog_0383.png"; bbox 0 0 2370 3878; ppageno 0'>
   <div class='ocr_carea' id='block_1_1' title="bbox 168 167 840 237">
    <p class='ocr_par' dir='ltr' id='par_1_1' title="bbox 168 167 840 237">
     <span class='ocr_line' id='line_1_1' title="bbox 168 167 840 237; baseline -0.019 0"><span class='ocrx_word' id='word_1_1' title='bbox 168 172 233 237; x_wconf 78' lang='grc'><strong>374</strong></span> <span class='ocrx_word' id='word_1_2' title='bbox 449 171 485 225; x_wconf 87' lang='lat' dir='ltr'><strong>M.</strong></span> <span class='ocrx_word' id='word_1_3' title='bbox 506 170 631 224; x_wconf 83' lang='lat' dir='ltr'>TULLII</span> <span class='ocrx_word' id='word_1_4' title='bbox 650 167 840 225; x_wconf 84' lang='lat' dir='ltr'>CICERONIS</span> 
     </span>
    </p>
   </div>
   <div class='ocr_carea' id='block_1_2' title="bbox 16 313 1129 3491">
    <p class='ocr_par' dir='ltr' id='par_1_2' title="bbox 16 313 1129 3491">
     <span class='ocr_line' id='line_1_2' title="bbox 166 313 1129 400; baseline -0.001 -18"><span class='ocrx_word' id='word_1_5' title='bbox 166 316 343 382; x_wconf 87' lang='lat' dir='ltr'><strong>terroribus</strong></span> <span class='ocrx_word' id='word_1_6' title='bbox 367 316 407 379; x_wconf 90' lang='lat' dir='ltr'><strong>ab</strong></span> <span class='ocrx_word' id='word_1_7' title='bbox 431 314 538 379; x_wconf 88' lang='lat' dir='ltr'><strong>officio</strong></span> <span class='ocrx_word' id='word_1_8' title='bbox 562 317 619 378; x_wconf 89' lang='lat' dir='ltr'><strong>aut</strong></span> <span class='ocrx_word' id='word_1_9' title='bbox 646 315 686 378; x_wconf 91' lang='lat' dir='ltr'><strong>ab</strong></span> <span class='ocrx_word' id='word_1_10' title='bbox 709 313 911 379; x_wconf 73' lang='lat' dir='ltr'>humanitate</span> <span class='ocrx_word' id='word_1_11' title='bbox 934 315 1129 400; x_wconf 81' lang='lat' dir='ltr'><strong>desciscam3</strong></span> 
     </span>
     <span class='ocr_line' id='line_1_3' title="bbox 167 403 1129 489; baseline -0.001 -19"><span class='ocrx_word' id='word_1_12' title='bbox 167 425 344 488; x_wconf 82' lang='lat' dir='ltr'><strong>numquam</strong></span> <span class='ocrx_word' id='word_1_13' title='bbox 363 403 448 467; x_wconf 89' lang='lat' dir='ltr'><strong>enim</strong></span> <span class='ocrx_word' id='word_1_14' title='bbox 465 403 635 467; x_wconf 86' lang='lat' dir='ltr'><strong>honestam</strong></span> <span class='ocrx_word' id='word_1_15' title='bbox 653 406 790 467; x_wconf 85' lang='lat' dir='ltr'><strong>mortem</strong></span> <span class='ocrx_word' id='word_1_16' title='bbox 808 404 1005 488; x_wconf 76' lang='lat' dir='ltr'><strong>fugiendam,</strong></span> <span class='ocrx_word' id='word_1_17' title='bbox 1028 427 1129 489; x_wconf 80' lang='lat' dir='ltr'>saepe</span> 
     </span>
     <span class='ocr_line' id='line_1_4' title="bbox 168 489 1128 574; baseline 0.002 -18"><span class='ocrx_word' id='word_1_18' title='bbox 168 494 265 557; x_wconf 87' lang='lat' dir='ltr'><strong>etiam</strong></span> <span class='ocrx_word' id='word_1_19' title='bbox 288 491 502 574; x_wconf 89' lang='lat' dir='ltr'><strong>oppetendam</strong></span> <span class='ocrx_word' id='word_1_20' title='bbox 529 491 649 574; x_wconf 86' lang='lat' dir='ltr'><strong>putavi.</strong></span> <span class='ocrx_word' id='word_1_21' title='bbox 694 489 756 555; x_wconf 80' lang='lat' dir='ltr'><strong>Sed</strong></span> <span class='ocrx_word' id='word_1_22' title='bbox 784 492 860 574; x_wconf 90' lang='lat' dir='ltr'><strong>quid</strong></span> <span class='ocrx_word' id='word_1_23' title='bbox 886 491 966 555; x_wconf 89' lang='lat' dir='ltr'><strong>mihi</strong></span> <span class='ocrx_word' id='word_1_24' title='bbox 994 514 1128 558; x_wconf 87' lang='lat' dir='ltr'><strong>suscen-</strong></span> 
     </span>
     <span class='ocr_line' id='line_1_5' title="bbox 169 579 1127 665; baseline 0.002 -20"><span class='ocrx_word' id='word_1_25' title='bbox 169 584 250 664; x_wconf 87' lang='lat' dir='ltr'><strong>sent,</strong></span> <span class='ocrx_word' id='word_1_26' title='bbox 271 581 300 644; x_wconf 91' lang='lat' dir='ltr'><strong>si</strong></span> <span class='ocrx_word' id='word_1_27' title='bbox 322 579 355 643; x_wconf 93' lang='lat' dir='ltr'><strong>id</strong></span> <span class='ocrx_word' id='word_1_28' title='bbox 378 582 469 662; x_wconf 84' lang='lat' dir='ltr'><strong>opto,</strong></span> <span class='ocrx_word' id='word_1_29' title='bbox 491 581 528 643; x_wconf 87' lang='lat' dir='ltr'><strong>ut</strong></span> <span class='ocrx_word' id='word_1_30' title='bbox 550 579 715 663; x_wconf 89' lang='lat' dir='ltr'><strong>poeniteat</strong></span> <span class='ocrx_word' id='word_1_31' title='bbox 737 601 792 644; x_wconf 89' lang='lat' dir='ltr'><strong>eos</strong></span> <span class='ocrx_word' id='word_1_32' title='bbox 820 581 870 643; x_wconf 90' lang='lat' dir='ltr'><strong>sui</strong></span> <span class='ocrx_word' id='word_1_33' title='bbox 896 580 997 644; x_wconf 82' lang='lat' dir='ltr'><strong>facti?</strong></span> <span class='ocrx_word' id='word_1_34' title='bbox 1028 583 1127 665; x_wconf 90' lang='lat' dir='ltr'><strong>cupio</strong></span> 
     </span>
     <span class='ocr_line' id='line_1_6' title="bbox 168 665 1128 753; baseline 0.002 -21"><span class='ocrx_word' id='word_1_35' title='bbox 168 669 254 732; x_wconf 90' lang='lat' dir='ltr'><strong>enim</strong></span> <span class='ocrx_word' id='word_1_36' title='bbox 277 665 423 732; x_wconf 78' lang='lat' dir='ltr'><strong>Caesaris</strong></span> <span class='ocrx_word' id='word_1_37' title='bbox 446 670 582 732; x_wconf 88' lang='lat' dir='ltr'><strong>mortem</strong></span> <span class='ocrx_word' id='word_1_38' title='bbox 605 667 753 731; x_wconf 91' lang='lat' dir='ltr'><strong>omnibus</strong></span> <span class='ocrx_word' id='word_1_39' title='bbox 777 689 846 732; x_wconf 87' lang='lat' dir='ltr'><strong>esse</strong></span> <span class='ocrx_word' id='word_1_40' title='bbox 870 669 1027 732; x_wconf 83' lang='lat' dir='ltr'>acerbam.</span> <span class='ocrx_word' id='word_1_41' title='bbox 1060 670 1128 753; x_wconf 86' lang='lat' dir='ltr'><strong>„At</strong></span> 
     </span>
     <span class='ocr_line' id='line_1_7' title="bbox 168 755 1127 840; baseline 0.001 -20"><span class='ocrx_word' id='word_1_42' title='bbox 168 756 268 820; x_wconf 80' lang='lat' dir='ltr'><strong>debeo</strong></span> <span class='ocrx_word' id='word_1_43' title='bbox 291 778 349 840; x_wconf 93' lang='lat' dir='ltr'><strong>pro</strong></span> <span class='ocrx_word' id='word_1_44' title='bbox 374 755 459 820; x_wconf 84' lang='lat' dir='ltr'><strong>civili</strong></span> <span class='ocrx_word' id='word_1_45' title='bbox 481 759 572 838; x_wconf 87' lang='lat' dir='ltr'><strong>parte</strong></span> <span class='ocrx_word' id='word_1_46' title='bbox 594 777 662 819; x_wconf 91' lang='lat' dir='ltr'><strong>rem</strong></span> <span class='ocrx_word' id='word_1_47' title='bbox 684 756 846 838; x_wconf 90' lang='lat' dir='ltr'><strong>publicam</strong></span> <span class='ocrx_word' id='word_1_48' title='bbox 868 756 949 820; x_wconf 89' lang='lat' dir='ltr'><strong>velle</strong></span> <span class='ocrx_word' id='word_1_49' title='bbox 973 757 1127 823; x_wconf 83' lang='lat' dir='ltr'><strong>salvam.“</strong></span> 
     </span>
     <span class='ocr_line' id='line_1_8' title="bbox 167 843 1124 928; baseline 0.003 -21"><span class='ocrx_word' id='word_1_50' title='bbox 167 843 206 907; x_wconf 87' lang='lat' dir='ltr'><strong>Id</strong></span> <span class='ocrx_word' id='word_1_51' title='bbox 229 844 356 928; x_wconf 89' lang='lat' dir='ltr'><strong>quidem</strong></span> <span class='ocrx_word' id='word_1_52' title='bbox 379 865 430 908; x_wconf 89' lang='lat' dir='ltr'><strong>me</strong></span> <span class='ocrx_word' id='word_1_53' title='bbox 454 864 578 927; x_wconf 86' lang='lat' dir='ltr'><strong>cupere,</strong></span> <span class='ocrx_word' id='word_1_54' title='bbox 599 844 663 907; x_wconf 88' lang='lat' dir='ltr'><strong>nisi</strong></span> <span class='ocrx_word' id='word_1_55' title='bbox 686 847 718 906; x_wconf 87' lang='lat' dir='ltr'><strong>et</strong></span> <span class='ocrx_word' id='word_1_56' title='bbox 741 847 816 907; x_wconf 85' lang='lat' dir='ltr'><strong>ante</strong></span> <span class='ocrx_word' id='word_1_57' title='bbox 839 849 912 908; x_wconf 84' lang='lat' dir='ltr'><strong>acta</strong></span> <span class='ocrx_word' id='word_1_58' title='bbox 934 845 1001 908; x_wconf 83' lang='lat' dir='ltr'><strong>vita</strong></span> <span class='ocrx_word' id='word_1_59' title='bbox 1024 849 1058 908; x_wconf 91' lang='grc'><strong>11</strong></span> <span class='ocrx_word' id='word_1_60' title='bbox 1076 869 1124 910; x_wconf 92' lang='lat' dir='ltr'><strong>re·</strong></span> 
     </span>
     <span class='ocr_line' id='line_1_9' title="bbox 167 932 1124 1016; baseline 0.004 -21"><span class='ocrx_word' id='word_1_61' title='bbox 167 932 255 1015; x_wconf 90' lang='lat' dir='ltr'><strong>liqua</strong></span> <span class='ocrx_word' id='word_1_62' title='bbox 277 953 349 996; x_wconf 88' lang='lat' dir='ltr'><strong>mea</strong></span> <span class='ocrx_word' id='word_1_63' title='bbox 371 954 444 1016; x_wconf 87' lang='lat' dir='ltr'><strong>spes</strong></span> <span class='ocrx_word' id='word_1_64' title='bbox 466 936 594 996; x_wconf 85' lang='lat' dir='ltr'><strong>tacente</strong></span> <span class='ocrx_word' id='word_1_65' title='bbox 616 952 667 994; x_wconf 91' lang='lat' dir='ltr'><strong>me</strong></span> <span class='ocrx_word' id='word_1_66' title='bbox 690 933 815 1015; x_wconf 88' lang='lat' dir='ltr'><strong>probat,</strong></span> <span class='ocrx_word' id='word_1_67' title='bbox 838 932 972 997; x_wconf 89' lang='lat' dir='ltr'><strong>dicendo</strong></span> <span class='ocrx_word' id='word_1_68' title='bbox 993 934 1124 999; x_wconf 86' lang='lat' dir='ltr'><strong>vincere</strong></span> 
     </span>
     <span class='ocr_line' id='line_1_10' title="bbox 133 1019 1124 1107; baseline 0.004 -26"><span class='ocrx_word' id='word_1_69' title='bbox 133 1033 235 1086; x_wconf 75' lang='lat' dir='ltr'><strong>anon</strong></span> <span class='ocrx_word' id='word_1_70' title='bbox 261 1021 399 1104; x_wconf 89' lang='lat' dir='ltr'><strong>postulo.</strong></span> <span class='ocrx_word' id='word_1_71' title='bbox 444 1019 549 1096; x_wconf 83' lang='lat' dir='ltr'><strong>Quare</strong></span> <span class='ocrx_word' id='word_1_72' title='bbox 576 1021 729 1084; x_wconf 89' lang='lat' dir='ltr'><strong>maiorem</strong></span> <span class='ocrx_word' id='word_1_73' title='bbox 755 1021 790 1083; x_wconf 92' lang='lat' dir='ltr'><strong>in</strong></span> <span class='ocrx_word' id='word_1_74' title='bbox 818 1020 950 1085; x_wconf 88' lang='lat' dir='ltr'><strong>modum</strong></span> <span class='ocrx_word' id='word_1_75' title='bbox 976 1025 1008 1085; x_wconf 89' lang='lat' dir='ltr'><strong>te</strong></span> <span class='ocrx_word' id='word_1_76' title='bbox 1031 1043 1124 1107; x_wconf 86' lang='lat' dir='ltr'><strong>rogo,</strong></span> 
     </span>
     <span class='ocr_line' id='line_1_11' title="bbox 167 1108 1123 1193; baseline 0.002 -21"><span class='ocrx_word' id='word_1_77' title='bbox 167 1112 204 1173; x_wconf 88' lang='lat' dir='ltr'><strong>ut</strong></span> <span class='ocrx_word' id='word_1_78' title='bbox 226 1131 294 1173; x_wconf 92' lang='lat' dir='ltr'><strong>rem</strong></span> <span class='ocrx_word' id='word_1_79' title='bbox 316 1110 475 1193; x_wconf 87' lang='lat' dir='ltr'><strong>potiorem</strong></span> <span class='ocrx_word' id='word_1_80' title='bbox 498 1109 644 1173; x_wconf 88' lang='lat' dir='ltr'><strong>oratione</strong></span> <span class='ocrx_word' id='word_1_81' title='bbox 667 1108 764 1172; x_wconf 87' lang='lat' dir='ltr'><strong>ducas</strong></span> <span class='ocrx_word' id='word_1_82' title='bbox 787 1109 942 1192; x_wconf 84' lang='lat' dir='ltr'><strong>mihique,</strong></span> <span class='ocrx_word' id='word_1_83' title='bbox 970 1110 997 1172; x_wconf 92' lang='lat' dir='ltr'><strong>si</strong></span> <span class='ocrx_word' id='word_1_84' title='bbox 1020 1112 1123 1175; x_wconf 86' lang='lat' dir='ltr'><strong>sentis</strong></span> 
     </span>
     <span class='ocr_line' id='line_1_12' title="bbox 167 1196 1123 1280; baseline 0.002 -20"><span class='ocrx_word' id='word_1_85' title='bbox 167 1198 314 1280; x_wconf 86' lang='lat' dir='ltr'><strong>expedire</strong></span> <span class='ocrx_word' id='word_1_86' title='bbox 345 1201 431 1261; x_wconf 87' lang='lat' dir='ltr'><strong>recte</strong></span> <span class='ocrx_word' id='word_1_87' title='bbox 463 1197 546 1280; x_wconf 89' lang='lat' dir='ltr'><strong>fieri,</strong></span> <span class='ocrx_word' id='word_1_88' title='bbox 572 1196 682 1261; x_wconf 87' lang='lat' dir='ltr'><strong>credas</strong></span> <span class='ocrx_word' id='word_1_89' title='bbox 709 1197 833 1261; x_wconf 90' lang='lat' dir='ltr'><strong>nullam</strong></span> <span class='ocrx_word' id='word_1_90' title='bbox 862 1199 1123 1262; x_wconf 90' lang='lat' dir='ltr'><strong>communionem</strong></span> 
     </span>
     <span class='ocr_line' id='line_1_13' title="bbox 167 1283 1122 1369; baseline 0.003 -21"><span class='ocrx_word' id='word_1_91' title='bbox 167 1307 240 1349; x_wconf 90' lang='lat' dir='ltr'><strong>cum</strong></span> <span class='ocrx_word' id='word_1_92' title='bbox 270 1286 426 1369; x_wconf 88' lang='lat' dir='ltr'><strong>improbis</strong></span> <span class='ocrx_word' id='word_1_93' title='bbox 457 1306 528 1349; x_wconf 90' lang='lat' dir='ltr'><strong>esse</strong></span> <span class='ocrx_word' id='word_1_94' title='bbox 559 1306 663 1368; x_wconf 90' lang='lat' dir='ltr'><strong>posse.</strong></span> <span class='ocrx_word' id='word_1_95' title='bbox 715 1283 785 1368; x_wconf 83' lang='lat' dir='ltr'><strong>An,</strong></span> <span class='ocrx_word' id='word_1_96' title='bbox 816 1286 901 1369; x_wconf 89' lang='lat' dir='ltr'><strong>quod</strong></span> <span class='ocrx_word' id='word_1_97' title='bbox 933 1286 1122 1352; x_wconf 82' lang='lat' dir='ltr'><strong>adolescens</strong></span> 
     </span>
     <span class='ocr_line' id='line_1_14' title="bbox 167 1373 1122 1458; baseline 0.004 -23"><span class='ocrx_word' id='word_1_98' title='bbox 167 1374 326 1458; x_wconf 82' lang='lat' dir='ltr'><strong>praestiti,</strong></span> <span class='ocrx_word' id='word_1_99' title='bbox 354 1395 453 1456; x_wconf 90' lang='lat' dir='ltr'><strong>quum</strong></span> <span class='ocrx_word' id='word_1_100' title='bbox 476 1373 573 1436; x_wconf 86' lang='lat' dir='ltr'><strong>etiam</strong></span> <span class='ocrx_word' id='word_1_101' title='bbox 596 1394 701 1436; x_wconf 89' lang='lat' dir='ltr'><strong>errare</strong></span> <span class='ocrx_word' id='word_1_102' title='bbox 725 1395 797 1437; x_wconf 90' lang='lat' dir='ltr'><strong>cum</strong></span> <span class='ocrx_word' id='word_1_103' title='bbox 820 1375 1024 1438; x_wconf 85' lang='lat' dir='ltr'><strong>excusatione</strong></span> <span class='ocrx_word' id='word_1_104' title='bbox 1047 1397 1122 1458; x_wconf 91' lang='lat' dir='ltr'><strong>pos·</strong></span> 
     </span>
     <span class='ocr_line' id='line_1_15' title="bbox 168 1461 1122 1546; baseline 0.004 -22"><span class='ocrx_word' id='word_1_105' title='bbox 168 1482 244 1544; x_wconf 90' lang='lat' dir='ltr'><strong>sem,</strong></span> <span class='ocrx_word' id='word_1_106' title='bbox 265 1461 299 1525; x_wconf 90' lang='lat' dir='ltr'><strong>id</strong></span> <span class='ocrx_word' id='word_1_107' title='bbox 320 1483 408 1526; x_wconf 88' lang='lat' dir='ltr'><strong>nunc</strong></span> <span class='ocrx_word' id='word_1_108' title='bbox 431 1464 536 1525; x_wconf 87' lang='lat' dir='ltr'><strong>aetate</strong></span> <span class='ocrx_word' id='word_1_109' title='bbox 558 1462 769 1546; x_wconf 87' lang='lat' dir='ltr'><strong>praecipitata</strong></span> <span class='ocrx_word' id='word_1_110' title='bbox 792 1466 985 1527; x_wconf 77' lang='lat' dir='ltr'><strong>commutem</strong></span> <span class='ocrx_word' id='word_1_111' title='bbox 1009 1483 1046 1524; x_wconf 91' lang='lat' dir='ltr'><strong>ac</strong></span> <span class='ocrx_word' id='word_1_112' title='bbox 1070 1486 1122 1528; x_wconf 88' lang='lat' dir='ltr'><strong>me</strong></span> 
     </span>
     <span class='ocr_line' id='line_1_16' title="bbox 166 1547 1122 1636; baseline 0.003 -24"><span class='ocrx_word' id='word_1_113' title='bbox 166 1548 235 1632; x_wconf 89' lang='lat' dir='ltr'><strong>ipse</strong></span> <span class='ocrx_word' id='word_1_114' title='bbox 257 1549 420 1613; x_wconf 75' lang='lat' dir='ltr'><strong>retexam?</strong></span> <span class='ocrx_word' id='word_1_115' title='bbox 462 1547 540 1614; x_wconf 92' lang='lat' dir='ltr'><strong>Non</strong></span> <span class='ocrx_word' id='word_1_116' title='bbox 561 1549 679 1614; x_wconf 88' lang='lat' dir='ltr'><strong>faciam</strong></span> <span class='ocrx_word' id='word_1_117' title='bbox 701 1572 813 1634; x_wconf 86' lang='lat' dir='ltr'><strong>neque,</strong></span> <span class='ocrx_word' id='word_1_118' title='bbox 835 1551 921 1634; x_wconf 89' lang='lat' dir='ltr'><strong>quod</strong></span> <span class='ocrx_word' id='word_1_119' title='bbox 945 1551 1122 1636; x_wconf 75' lang='lat' dir='ltr'><strong>displiceat,</strong></span> 
     </span>
     <span class='ocr_line' id='line_1_17' title="bbox 167 1637 1120 1722; baseline 0.004 -22"><span class='ocrx_word' id='word_1_120' title='bbox 167 1637 379 1722; x_wconf 86' lang='lat' dir='ltr'><strong>committam,</strong></span> <span class='ocrx_word' id='word_1_121' title='bbox 406 1640 630 1722; x_wconf 84' lang='lat' dir='ltr'><strong>praeterquam</strong></span> <span class='ocrx_word' id='word_1_122' title='bbox 657 1638 743 1721; x_wconf 91' lang='lat' dir='ltr'><strong>quod</strong></span> <span class='ocrx_word' id='word_1_123' title='bbox 769 1639 911 1704; x_wconf 91' lang='lat' dir='ltr'><strong>hominis</strong></span> <span class='ocrx_word' id='word_1_124' title='bbox 938 1639 1017 1702; x_wconf 88' lang='lat' dir='ltr'><strong>mihi</strong></span> <span class='ocrx_word' id='word_1_125' title='bbox 1044 1661 1120 1705; x_wconf 85' lang='lat' dir='ltr'><strong>con·</strong></span> 
     </span>
     <span class='ocr_line' id='line_1_18' title="bbox 166 1724 1121 1812; baseline 0.002 -22"><span class='ocrx_word' id='word_1_126' title='bbox 166 1724 359 1790; x_wconf 85' lang='lat' dir='ltr'><strong>iunctissimi</strong></span> <span class='ocrx_word' id='word_1_127' title='bbox 381 1748 418 1790; x_wconf 85' lang='lat' dir='ltr'><strong>aa</strong></span> <span class='ocrx_word' id='word_1_128' title='bbox 441 1726 502 1791; x_wconf 82' lang='lat' dir='ltr'><strong>viri</strong></span> <span class='ocrx_word' id='word_1_129' title='bbox 520 1726 709 1810; x_wconf 89' lang='lat' dir='ltr'><strong>amplissimi</strong></span> <span class='ocrx_word' id='word_1_130' title='bbox 732 1727 823 1792; x_wconf 86' lang='lat' dir='ltr'><strong>doleo</strong></span> <span class='ocrx_word' id='word_1_131' title='bbox 847 1748 978 1812; x_wconf 83' lang='lat' dir='ltr'><strong>gravem</strong></span> <span class='ocrx_word' id='word_1_132' title='bbox 1001 1748 1121 1792; x_wconf 87' lang='lat' dir='ltr'><strong>casum.</strong></span> 
     </span>
     <span class='ocr_line' id='line_1_19' title="bbox 168 1813 1121 1899; baseline 0.001 -20"><span class='ocrx_word' id='word_1_133' title='bbox 168 1813 260 1890; x_wconf 85' lang='lat' dir='ltr'><strong>Quod</strong></span> <span class='ocrx_word' id='word_1_134' title='bbox 283 1816 311 1880; x_wconf 90' lang='lat' dir='ltr'><strong>si</strong></span> <span class='ocrx_word' id='word_1_135' title='bbox 333 1815 426 1880; x_wconf 88' lang='lat' dir='ltr'><strong>aliter</strong></span> <span class='ocrx_word' id='word_1_136' title='bbox 448 1837 551 1880; x_wconf 82' lang='lat' dir='ltr'><strong>essem</strong></span> <span class='ocrx_word' id='word_1_137' title='bbox 568 1815 739 1898; x_wconf 88' lang='lat' dir='ltr'><strong>animatus,</strong></span> <span class='ocrx_word' id='word_1_138' title='bbox 760 1836 946 1898; x_wconf 87' lang='lat' dir='ltr'><strong>numquam,</strong></span> <span class='ocrx_word' id='word_1_139' title='bbox 969 1815 1055 1899; x_wconf 91' lang='lat' dir='ltr'><strong>quod</strong></span> <span class='ocrx_word' id='word_1_140' title='bbox 1073 1816 1121 1880; x_wconf 85' lang='lat' dir='ltr'><strong>fa·</strong></span> 
     </span>
     <span class='ocr_line' id='line_1_20' title="bbox 168 1904 1120 1990; baseline 0.001 -23"><span class='ocrx_word' id='word_1_141' title='bbox 168 1925 280 1987; x_wconf 90' lang='lat' dir='ltr'><strong>cerem,</strong></span> <span class='ocrx_word' id='word_1_142' title='bbox 302 1926 464 1990; x_wconf 83' lang='lat' dir='ltr'><strong>negarem,</strong></span> <span class='ocrx_word' id='word_1_143' title='bbox 487 1926 528 1968; x_wconf 90' lang='lat' dir='ltr'><strong>ne</strong></span> <span class='ocrx_word' id='word_1_144' title='bbox 551 1907 584 1968; x_wconf 86' lang='lat' dir='ltr'><strong>et</strong></span> <span class='ocrx_word' id='word_1_145' title='bbox 605 1905 641 1967; x_wconf 89' lang='lat' dir='ltr'><strong>in</strong></span> <span class='ocrx_word' id='word_1_146' title='bbox 662 1904 824 1988; x_wconf 85' lang='lat' dir='ltr'><strong>peccando</strong></span> <span class='ocrx_word' id='word_1_147' title='bbox 847 1904 1013 1987; x_wconf 90' lang='lat' dir='ltr'><strong>improbus</strong></span> <span class='ocrx_word' id='word_1_148' title='bbox 1032 1908 1066 1968; x_wconf 86' lang='lat' dir='ltr'><strong>et</strong></span> <span class='ocrx_word' id='word_1_149' title='bbox 1085 1905 1120 1968; x_wconf 89' lang='lat' dir='ltr'><strong>in</strong></span> 
     </span>
     <span class='ocr_line' id='line_1_21' title="bbox 16 1992 1121 2083; baseline 0 -27"><span class='ocrx_word' id='word_1_150' title='bbox 16 1992 398 2083; x_wconf 45' lang='lat' dir='ltr'><strong>„podissimulando</strong></span> <span class='ocrx_word' id='word_1_151' title='bbox 430 1992 562 2057; x_wconf 89' lang='lat' dir='ltr'><strong>timidus</strong></span> <span class='ocrx_word' id='word_1_152' title='bbox 594 2014 631 2056; x_wconf 88' lang='lat' dir='ltr'><strong>ao</strong></span> <span class='ocrx_word' id='word_1_153' title='bbox 662 2014 764 2057; x_wconf 85' lang='lat' dir='ltr'><strong>vanus</strong></span> <span class='ocrx_word' id='word_1_154' title='bbox 796 1992 1002 2056; x_wconf 82' lang='lat' dir='ltr'><strong>existimarer.</strong></span> <span class='ocrx_word' id='word_1_155' title='bbox 1056 1992 1121 2076; x_wconf 77' lang='lat' dir='ltr'><strong>„At</strong></span> 
     </span>
     <span class='ocr_line' id='line_1_22' title="bbox 167 2078 1120 2166; baseline 0 -20"><span class='ocrx_word' id='word_1_156' title='bbox 167 2082 274 2164; x_wconf 75' lang='lat' dir='ltr'><strong>ludoS,</strong></span> <span class='ocrx_word' id='word_1_157' title='bbox 310 2104 391 2166; x_wconf 87' lang='lat' dir='ltr'><strong>quos</strong></span> <span class='ocrx_word' id='word_1_158' title='bbox 423 2079 569 2146; x_wconf 84' lang='lat' dir='ltr'><strong>Caesaris</strong></span> <span class='ocrx_word' id='word_1_159' title='bbox 600 2081 752 2144; x_wconf 78' lang='lat' dir='ltr'><strong>victoriae</strong></span> <span class='ocrx_word' id='word_1_160' title='bbox 784 2078 902 2145; x_wconf 80' lang='lat' dir='ltr'><strong>Caesar</strong></span> <span class='ocrx_word' id='word_1_161' title='bbox 933 2081 1120 2146; x_wconf 87' lang='lat' dir='ltr'><strong>adolescens</strong></span> 
     </span>
     <span class='ocr_line' id='line_1_23' title="bbox 167 2168 1121 2253; baseline 0 -20"><span class='ocrx_word' id='word_1_162' title='bbox 167 2170 253 2253; x_wconf 84' lang='lat' dir='ltr'><strong>fecit,</strong></span> <span class='ocrx_word' id='word_1_163' title='bbox 274 2168 411 2235; x_wconf 78' lang='lat' dir='ltr'><strong>curari.“</strong></span> <span class='ocrx_word' id='word_1_164' title='bbox 445 2168 492 2234; x_wconf 84' lang='lat' dir='ltr'><strong>At</strong></span> <span class='ocrx_word' id='word_1_165' title='bbox 512 2169 546 2233; x_wconf 92' lang='lat' dir='ltr'><strong>id</strong></span> <span class='ocrx_word' id='word_1_166' title='bbox 568 2168 609 2232; x_wconf 87' lang='lat' dir='ltr'><strong>ad</strong></span> <span class='ocrx_word' id='word_1_167' title='bbox 631 2169 793 2252; x_wconf 83' lang='lat' dir='ltr'><strong>privatum</strong></span> <span class='ocrx_word' id='word_1_168' title='bbox 815 2169 966 2252; x_wconf 87' lang='lat' dir='ltr'><strong>officium,</strong></span> <span class='ocrx_word' id='word_1_169' title='bbox 987 2189 1056 2233; x_wconf 91' lang='lat' dir='ltr'><strong>non</strong></span> <span class='ocrx_word' id='word_1_170' title='bbox 1079 2171 1121 2234; x_wconf 86' lang='lat' dir='ltr'><strong>ad</strong></span> 
     </span>
     <span class='ocr_line' id='line_1_24' title="bbox 168 2257 1122 2342; baseline 0 -20"><span class='ocrx_word' id='word_1_171' title='bbox 168 2261 288 2322; x_wconf 83' lang='lat' dir='ltr'><strong>statum</strong></span> <span class='ocrx_word' id='word_1_172' title='bbox 310 2259 358 2322; x_wconf 91' lang='lat' dir='ltr'><strong>rei</strong></span> <span class='ocrx_word' id='word_1_173' title='bbox 379 2257 525 2342; x_wconf 84' lang='lat' dir='ltr'><strong>publicae</strong></span> <span class='ocrx_word' id='word_1_174' title='bbox 545 2257 698 2341; x_wconf 83' lang='lat' dir='ltr'><strong>pertinet3</strong></span> <span class='ocrx_word' id='word_1_175' title='bbox 721 2257 806 2341; x_wconf 91' lang='lat' dir='ltr'><strong>quod</strong></span> <span class='ocrx_word' id='word_1_176' title='bbox 823 2260 934 2320; x_wconf 89' lang='lat' dir='ltr'><strong>tamen</strong></span> <span class='ocrx_word' id='word_1_177' title='bbox 951 2279 1069 2322; x_wconf 86' lang='lat' dir='ltr'><strong>munus</strong></span> <span class='ocrx_word' id='word_1_178' title='bbox 1089 2265 1122 2322; x_wconf 90' lang='lat' dir='ltr'><strong>et</strong></span> 
     </span>
     <span class='ocr_line' id='line_1_25' title="bbox 167 2345 1120 2429; baseline 0.001 -19"><span class='ocrx_word' id='word_1_179' title='bbox 167 2346 308 2410; x_wconf 88' lang='lat' dir='ltr'><strong>hominis</strong></span> <span class='ocrx_word' id='word_1_180' title='bbox 326 2345 511 2410; x_wconf 88' lang='lat' dir='ltr'><strong>amicissimi</strong></span> <span class='ocrx_word' id='word_1_181' title='bbox 529 2345 700 2410; x_wconf 89' lang='lat' dir='ltr'><strong>memoriae</strong></span> <span class='ocrx_word' id='word_1_182' title='bbox 719 2349 815 2428; x_wconf 86' lang='lat' dir='ltr'><strong>atque</strong></span> <span class='ocrx_word' id='word_1_183' title='bbox 833 2346 1010 2410; x_wconf 89' lang='lat' dir='ltr'><strong>honoribus</strong></span> <span class='ocrx_word' id='word_1_184' title='bbox 1029 2368 1120 2429; x_wconf 91' lang='lat' dir='ltr'><strong>prae·</strong></span> 
     </span>
     <span class='ocr_line' id='line_1_26' title="bbox 169 2433 1121 2518; baseline 0 -19"><span class='ocrx_word' id='word_1_185' title='bbox 169 2437 253 2499; x_wconf 89' lang='lat' dir='ltr'><strong>stare</strong></span> <span class='ocrx_word' id='word_1_186' title='bbox 272 2435 370 2499; x_wconf 87' lang='lat' dir='ltr'><strong>etiam</strong></span> <span class='ocrx_word' id='word_1_187' title='bbox 387 2434 506 2498; x_wconf 80' lang='lat' dir='ltr'><strong>mortui</strong></span> <span class='ocrx_word' id='word_1_188' title='bbox 524 2433 620 2498; x_wconf 90' lang='lat' dir='ltr'><strong>debui</strong></span> <span class='ocrx_word' id='word_1_189' title='bbox 637 2437 671 2497; x_wconf 90' lang='lat' dir='ltr'><strong>et</strong></span> <span class='ocrx_word' id='word_1_190' title='bbox 689 2434 828 2517; x_wconf 81' lang='lat' dir='ltr'><strong>optimae</strong></span> <span class='ocrx_word' id='word_1_191' title='bbox 842 2435 910 2518; x_wconf 90' lang='lat' dir='ltr'><strong>spei</strong></span> <span class='ocrx_word' id='word_1_192' title='bbox 925 2434 1121 2499; x_wconf 85' lang='lat' dir='ltr'><strong>adolescenti</strong></span> 
     </span>
     <span class='ocr_line' id='line_1_27' title="bbox 168 2519 1121 2608; baseline 0.001 -21"><span class='ocrx_word' id='word_1_193' title='bbox 168 2544 206 2587; x_wconf 88' lang='lat' dir='ltr'><strong>ac</strong></span> <span class='ocrx_word' id='word_1_194' title='bbox 238 2523 425 2608; x_wconf 83' lang='lat' dir='ltr'><strong>dignissimo</strong></span> <span class='ocrx_word' id='word_1_195' title='bbox 459 2519 594 2586; x_wconf 83' lang='lat' dir='ltr'><strong>Caesare</strong></span> <span class='ocrx_word' id='word_1_196' title='bbox 625 2522 749 2605; x_wconf 84' lang='lat' dir='ltr'><strong>petenti</strong></span> <span class='ocrx_word' id='word_1_197' title='bbox 779 2543 898 2608; x_wconf 80' lang='lat' dir='ltr'><strong>negare</strong></span> <span class='ocrx_word' id='word_1_198' title='bbox 925 2543 993 2586; x_wconf 85' lang='lat' dir='ltr'><strong>non</strong></span> <span class='ocrx_word' id='word_1_199' title='bbox 1020 2525 1121 2606; x_wconf 88' lang='lat' dir='ltr'><strong>potui.</strong></span> 
     </span>
     <span class='ocr_line' id='line_1_28' title="bbox 134 2609 1121 2695; baseline 0.003 -21"><span class='ocrx_word' id='word_1_200' title='bbox 134 2611 254 2677; x_wconf 73' lang='lat' dir='ltr'><strong>rVeni</strong></span> <span class='ocrx_word' id='word_1_201' title='bbox 285 2611 383 2676; x_wconf 89' lang='lat' dir='ltr'><strong>etiam</strong></span> <span class='ocrx_word' id='word_1_202' title='bbox 414 2610 555 2676; x_wconf 86' lang='lat' dir='ltr'><strong>consulis</strong></span> <span class='ocrx_word' id='word_1_203' title='bbox 576 2609 715 2674; x_wconf 84' lang='lat' dir='ltr'><strong>Antonii</strong></span> <span class='ocrx_word' id='word_1_204' title='bbox 746 2610 877 2675; x_wconf 90' lang='lat' dir='ltr'><strong>domum</strong></span> <span class='ocrx_word' id='word_1_205' title='bbox 908 2632 1004 2695; x_wconf 88' lang='lat' dir='ltr'><strong>saepe</strong></span> <span class='ocrx_word' id='word_1_206' title='bbox 1036 2613 1121 2677; x_wconf 89' lang='lat' dir='ltr'><strong>salu·</strong></span> 
     </span>
     <span class='ocr_line' id='line_1_29' title="bbox 168 2699 1121 2784; baseline 0.001 -20"><span class='ocrx_word' id='word_1_207' title='bbox 168 2700 259 2765; x_wconf 86' lang='lat' dir='ltr'><strong>tandi</strong></span> <span class='ocrx_word' id='word_1_208' title='bbox 278 2721 387 2782; x_wconf 72' lang='lat' dir='ltr'><strong>causa,</strong></span> <span class='ocrx_word' id='word_1_209' title='bbox 409 2699 450 2764; x_wconf 91' lang='lat' dir='ltr'><strong>ad</strong></span> <span class='ocrx_word' id='word_1_210' title='bbox 469 2720 573 2784; x_wconf 84' lang='lat' dir='ltr'><strong>quem,</strong></span> <span class='ocrx_word' id='word_1_211' title='bbox 595 2699 651 2782; x_wconf 90' lang='lat' dir='ltr'><strong>qui</strong></span> <span class='ocrx_word' id='word_1_212' title='bbox 668 2720 719 2762; x_wconf 86' lang='lat' dir='ltr'><strong>me</strong></span> <span class='ocrx_word' id='word_1_213' title='bbox 737 2721 852 2783; x_wconf 88' lang='lat' dir='ltr'><strong>parum</strong></span> <span class='ocrx_word' id='word_1_214' title='bbox 869 2701 992 2783; x_wconf 85' lang='lat' dir='ltr'><strong>patriae</strong></span> <span class='ocrx_word' id='word_1_215' title='bbox 1011 2720 1121 2765; x_wconf 87' lang='lat' dir='ltr'><strong>aman-</strong></span> 
     </span>
     <span class='ocr_line' id='line_1_30' title="bbox 168 2787 1123 2872; baseline 0.003 -21"><span class='ocrx_word' id='word_1_216' title='bbox 168 2792 234 2852; x_wconf 84' lang='lat' dir='ltr'><strong>tem</strong></span> <span class='ocrx_word' id='word_1_217' title='bbox 265 2809 335 2852; x_wconf 86' lang='lat' dir='ltr'><strong>esse</strong></span> <span class='ocrx_word' id='word_1_218' title='bbox 365 2788 564 2871; x_wconf 84' lang='lat' dir='ltr'><strong>existimant,</strong></span> <span class='ocrx_word' id='word_1_219' title='bbox 595 2787 733 2872; x_wconf 82' lang='lat' dir='ltr'><strong>rogandi</strong></span> <span class='ocrx_word' id='word_1_220' title='bbox 760 2787 888 2871; x_wconf 89' lang='lat' dir='ltr'><strong>quidem</strong></span> <span class='ocrx_word' id='word_1_221' title='bbox 916 2787 1037 2872; x_wconf 87' lang='lat' dir='ltr'><strong>aliquid</strong></span> <span class='ocrx_word' id='word_1_222' title='bbox 1064 2795 1123 2854; x_wconf 88' lang='lat' dir='ltr'><strong>aut</strong></span> 
     </span>
     <span class='ocr_line' id='line_1_31' title="bbox 169 2875 1122 2960; baseline 0.002 -20"><span class='ocrx_word' id='word_1_223' title='bbox 169 2876 336 2940; x_wconf 85' lang='lat' dir='ltr'><strong>auferendi</strong></span> <span class='ocrx_word' id='word_1_224' title='bbox 358 2897 456 2941; x_wconf 87' lang='lat' dir='ltr'><strong>causa</strong></span> <span class='ocrx_word' id='word_1_225' title='bbox 477 2876 661 2960; x_wconf 86' lang='lat' dir='ltr'><strong>frequentes</strong></span> <span class='ocrx_word' id='word_1_226' title='bbox 683 2877 841 2940; x_wconf 84' lang='lat' dir='ltr'><strong>ventitare</strong></span> <span class='ocrx_word' id='word_1_227' title='bbox 864 2876 1012 2960; x_wconf 89' lang='lat' dir='ltr'><strong>reperies.</strong></span> <span class='ocrx_word' id='word_1_228' title='bbox 1058 2875 1122 2942; x_wconf 84' lang='lat' dir='ltr'><strong>Sed</strong></span> 
     </span>
     <span class='ocr_line' id='line_1_32' title="bbox 169 2961 1123 3050; baseline 0.001 -22"><span class='ocrx_word' id='word_1_229' title='bbox 169 2985 251 3048; x_wconf 88' lang='lat' dir='ltr'><strong>quae</strong></span> <span class='ocrx_word' id='word_1_230' title='bbox 278 2965 358 3029; x_wconf 85' lang='lat' dir='ltr'><strong>haec</strong></span> <span class='ocrx_word' id='word_1_231' title='bbox 384 2968 434 3030; x_wconf 87' lang='lat' dir='ltr'><strong>est</strong></span> <span class='ocrx_word' id='word_1_232' title='bbox 460 2965 660 3050; x_wconf 79' lang='lat' dir='ltr'><strong>arrogantia,</strong></span> <span class='ocrx_word' id='word_1_233' title='bbox 686 2963 773 3049; x_wconf 88' lang='lat' dir='ltr'><strong>quod</strong></span> <span class='ocrx_word' id='word_1_234' title='bbox 799 2961 919 3029; x_wconf 81' lang='lat' dir='ltr'><strong>Caesar</strong></span> <span class='ocrx_word' id='word_1_235' title='bbox 944 2986 1123 3048; x_wconf 88' lang='lat' dir='ltr'><strong>numquam</strong></span> 
     </span>
     <span class='ocr_line' id='line_1_33' title="bbox 167 3052 1122 3138; baseline 0.003 -22"><span class='ocrx_word' id='word_1_236' title='bbox 167 3053 394 3138; x_wconf 84' lang='lat' dir='ltr'><strong>interpellavit,</strong></span> <span class='ocrx_word' id='word_1_237' title='bbox 417 3053 504 3137; x_wconf 91' lang='lat' dir='ltr'><strong>quin,</strong></span> <span class='ocrx_word' id='word_1_238' title='bbox 526 3052 643 3138; x_wconf 89' lang='lat' dir='ltr'><strong>quibus</strong></span> <span class='ocrx_word' id='word_1_239' title='bbox 664 3053 780 3117; x_wconf 77' lang='lat' dir='ltr'><strong>uellem</strong></span> <span class='ocrx_word' id='word_1_240' title='bbox 802 3056 899 3137; x_wconf 87' lang='lat' dir='ltr'><strong>atque</strong></span> <span class='ocrx_word' id='word_1_241' title='bbox 920 3053 1017 3118; x_wconf 85' lang='lat' dir='ltr'><strong>etiam</strong></span> <span class='ocrx_word' id='word_1_242' title='bbox 1041 3076 1122 3138; x_wconf 92' lang='lat' dir='ltr'><strong>quos</strong></span> 
     </span>
     <span class='ocr_line' id='line_1_34' title="bbox 168 3141 1124 3228; baseline 0.001 -22"><span class='ocrx_word' id='word_1_243' title='bbox 168 3142 236 3227; x_wconf 88' lang='lat' dir='ltr'><strong>ipse</strong></span> <span class='ocrx_word' id='word_1_244' title='bbox 258 3163 328 3208; x_wconf 86' lang='lat' dir='ltr'><strong>non</strong></span> <span class='ocrx_word' id='word_1_245' title='bbox 350 3141 517 3228; x_wconf 83' lang='lat' dir='ltr'><strong>diligebat,</strong></span> <span class='ocrx_word' id='word_1_246' title='bbox 543 3145 654 3206; x_wconf 89' lang='lat' dir='ltr'><strong>tamen</strong></span> <span class='ocrx_word' id='word_1_247' title='bbox 676 3141 716 3205; x_wconf 87' lang='lat' dir='ltr'><strong>iis</strong></span> <span class='ocrx_word' id='word_1_248' title='bbox 739 3145 854 3225; x_wconf 89' lang='lat' dir='ltr'><strong>uterer,</strong></span> <span class='ocrx_word' id='word_1_249' title='bbox 875 3163 941 3226; x_wconf 89' lang='lat' dir='ltr'><strong>eos,</strong></span> <span class='ocrx_word' id='word_1_250' title='bbox 964 3142 1019 3226; x_wconf 90' lang='lat' dir='ltr'><strong>qui</strong></span> <span class='ocrx_word' id='word_1_251' title='bbox 1042 3143 1124 3207; x_wconf 92' lang='lat' dir='ltr'><strong>mihi</strong></span> 
     </span>
     <span class='ocr_line' id='line_1_35' title="bbox 168 3229 1124 3316; baseline -0.001 -21"><span class='ocrx_word' id='word_1_252' title='bbox 168 3231 307 3296; x_wconf 88' lang='lat' dir='ltr'><strong>amicum</strong></span> <span class='ocrx_word' id='word_1_253' title='bbox 336 3231 537 3316; x_wconf 86' lang='lat' dir='ltr'><strong>eripuerunt,</strong></span> <span class='ocrx_word' id='word_1_254' title='bbox 567 3229 729 3314; x_wconf 89' lang='lat' dir='ltr'><strong>carpendo</strong></span> <span class='ocrx_word' id='word_1_255' title='bbox 760 3251 812 3294; x_wconf 92' lang='lat' dir='ltr'><strong>me</strong></span> <span class='ocrx_word' id='word_1_256' title='bbox 843 3229 970 3294; x_wconf 88' lang='lat' dir='ltr'><strong>efficere</strong></span> <span class='ocrx_word' id='word_1_257' title='bbox 1002 3232 1124 3314; x_wconf 88' lang='lat' dir='ltr'><strong>conari,</strong></span> 
     </span>
     <span class='ocr_line' id='line_1_36' title="bbox 130 3315 1124 3403; baseline -0.006 -14"><span class='ocrx_word' id='word_1_258' title='bbox 130 3339 219 3402; x_wconf 84' lang='grc'><strong>1111,</strong></span> <span class='ocrx_word' id='word_1_259' title='bbox 242 3341 322 3403; x_wconf 90' lang='lat' dir='ltr'><strong>quos</strong></span> <span class='ocrx_word' id='word_1_260' title='bbox 345 3321 449 3403; x_wconf 82' lang='lat' dir='ltr'><strong>velim,</strong></span> <span class='ocrx_word' id='word_1_261' title='bbox 472 3318 626 3403; x_wconf 78' lang='lat' dir='ltr'><strong>diligam?</strong></span> <span class='ocrx_word' id='word_1_262' title='bbox 671 3315 734 3382; x_wconf 81' lang='lat' dir='ltr'><strong>Sed</strong></span> <span class='ocrx_word' id='word_1_263' title='bbox 760 3339 828 3382; x_wconf 89' lang='lat' dir='ltr'><strong>uon</strong></span> <span class='ocrx_word' id='word_1_264' title='bbox 850 3340 975 3400; x_wconf 84' lang='lat' dir='ltr'><strong>vereor,</strong></span> <span class='ocrx_word' id='word_1_265' title='bbox 1002 3340 1044 3382; x_wconf 91' lang='lat' dir='ltr'><strong>ne</strong></span> <span class='ocrx_word' id='word_1_266' title='bbox 1067 3325 1124 3383; x_wconf 88' lang='lat' dir='ltr'><strong>aut</strong></span> 
     </span>
     <span class='ocr_line' id='line_1_37' title="bbox 163 3406 1123 3491; baseline 0.002 -22"><span class='ocrx_word' id='word_1_267' title='bbox 163 3429 257 3472; x_wconf 83' lang='lat' dir='ltr'><strong>meae</strong></span> <span class='ocrx_word' id='word_1_268' title='bbox 284 3408 369 3472; x_wconf 83' lang='lat' dir='ltr'><strong>vitae</strong></span> <span class='ocrx_word' id='word_1_269' title='bbox 396 3407 554 3473; x_wconf 86' lang='lat' dir='ltr'><strong>modestia</strong></span> <span class='ocrx_word' id='word_1_270' title='bbox 582 3428 697 3491; x_wconf 89' lang='lat' dir='ltr'><strong>parum</strong></span> <span class='ocrx_word' id='word_1_271' title='bbox 723 3406 863 3471; x_wconf 85' lang='lat' dir='ltr'><strong>valitura</strong></span> <span class='ocrx_word' id='word_1_272' title='bbox 890 3407 933 3471; x_wconf 89' lang='lat' dir='ltr'><strong>sit</strong></span> <span class='ocrx_word' id='word_1_273' title='bbox 958 3407 994 3470; x_wconf 92' lang='lat' dir='ltr'><strong>in</strong></span> <span class='ocrx_word' id='word_1_274' title='bbox 1016 3412 1123 3491; x_wconf 88' lang='lat' dir='ltr'><strong>poste·</strong></span> 
     </span>
    </p>
   </div>
   <div class='ocr_carea' id='block_1_3' title="bbox 144 3494 1124 3583">
    <p class='ocr_par' dir='ltr' id='par_1_3' title="bbox 144 3494 1124 3583">
     <span class='ocr_line' id='line_1_38' title="bbox 144 3494 1124 3583; baseline 0.003 -26"><span class='ocrx_word' id='word_1_275' title='bbox 144 3515 223 3558; x_wconf 82' lang='lat' dir='ltr'><strong>rum</strong></span> <span class='ocrx_word' id='word_1_276' title='bbox 248 3500 368 3565; x_wconf 86' lang='lat' dir='ltr'><strong>contra</strong></span> <span class='ocrx_word' id='word_1_277' title='bbox 391 3497 496 3567; x_wconf 83' lang='lat' dir='ltr'><strong>falsos</strong></span> <span class='ocrx_word' id='word_1_278' title='bbox 514 3516 676 3583; x_wconf 88' lang='lat' dir='ltr'><strong>rumores,</strong></span> <span class='ocrx_word' id='word_1_279' title='bbox 696 3497 755 3561; x_wconf 82' lang='lat' dir='ltr'><strong>aut</strong></span> <span class='ocrx_word' id='word_1_280' title='bbox 769 3516 814 3560; x_wconf 86' lang='lat' dir='ltr'><strong>ne</strong></span> <span class='ocrx_word' id='word_1_281' title='bbox 830 3495 931 3559; x_wconf 84' lang='lat' dir='ltr'><strong>etiam</strong></span> <span class='ocrx_word' id='word_1_282' title='bbox 942 3494 980 3576; x_wconf 81' lang='lat' dir='ltr'><strong>ii,</strong></span> <span class='ocrx_word' id='word_1_283' title='bbox 998 3495 1056 3578; x_wconf 83' lang='lat' dir='ltr'><strong>qui</strong></span> <span class='ocrx_word' id='word_1_284' title='bbox 1071 3517 1124 3560; x_wconf 91' lang='lat' dir='ltr'><strong>me</strong></span> 
     </span>
    </p>
   </div>
   <div class='ocr_carea' id='block_1_4' title="bbox 0 0 1192 3878">
    <p class='ocr_par' dir='ltr' id='par_1_4' title="bbox 0 0 1192 3878">
     <span class='ocr_line' id='line_1_39' title="bbox 0 0 1192 3878; baseline 0 0"><span class='ocrx_word' id='word_1_285' title='bbox 0 0 1192 3878; x_wconf 95' lang='lat' dir='ltr'><strong> </strong></span> 
     </span>
    </p>
   </div>
   <div class='ocr_carea' id='block_1_5' title="bbox 16 3800 221 3830">
    <p class='ocr_par' dir='ltr' id='par_1_5' title="bbox 16 3800 221 3830">
     <span class='ocr_line' id='line_1_40' title="bbox 16 3800 221 3830; baseline 0 0"><span class='ocrx_word' id='word_1_286' title='bbox 16 3800 34 3830; x_wconf 71' lang='lat' dir='ltr'><strong>k·</strong></span> <span class='ocrx_word' id='word_1_287' title='bbox 169 3822 221 3830; x_wconf 70' lang='grc'><strong><em>...-</em></strong></span> 
     </span>
    </p>
   </div>
  </div>
 </body>
</html>
