2370 3878
366 189 624 246 EPISTOLARUM
641 189 689 244 Ill.
709 195 733 244 8.
753 195 777 243 9.
1011 186 1052 248 79

94 361 135 404 ex
161 338 226 403 tuis
254 338 370 401 litteris
394 337 433 400 de
461 357 518 420 spe
544 335 675 399 minime
699 333 797 398 dubia
824 336 857 397 et
883 334 978 417 plane
1001 353 1052 396 ex·

94 428 224 513 plorata
246 424 403 508 triumphi
424 425 487 508 tui,
514 444 618 506 neque
645 444 721 487 vero
750 421 791 487 ob
820 442 891 486 eam
915 441 1053 504 eausam,

95 537 160 600 quo
191 515 261 598 ipse
293 513 419 578 facilius
451 532 728 595 consequerer-
751 531 829 574 nam
859 511 893 574 id
925 508 1053 594 quidem
1133 508 1136 513 ’

91 597 324 682 Ἐπικούρειον
346 605 395 666 est
408 637 461 683 —,
484 599 539 664 sed
557 600 747 682 mehercule,
770 597 856 681 quod
873 601 931 663 tua
950 598 1054 682 digni-

95 693 148 754 tas
180 692 277 772 atquc
307 688 484 773 amplitudo
517 688 597 752 mihi
629 691 679 752 est
709 687 781 772 ipsa
813 708 887 751 cara
918 708 975 772 per
1007 707 1053 751 se:

96 799 205 862 quare,
228 777 381 860 quoniam
404 778 512 861 plures
535 779 572 841 tu
594 776 695 841 habes
719 797 816 858 quam
839 777 950 860 ceteri,
973 796 1053 859 quos

96 866 180 931 scias
203 865 238 929 in
259 865 345 930 hanc
368 865 568 950 provinciam
585 864 754 949 proficisci,
778 864 863 947 quod
881 868 914 929 te
934 864 1055 928 adeunt

96 955 165 1019 fere
189 974 309 1037 omnes,
333 954 360 1017 si
383 954 460 1037 quid
483 954 571 1037 velis,
595 953 815 1038 gratissimum
833 952 913 1016 mihi
931 952 1054 1037 feceris,

97 1043 125 1107 si
149 1042 190 1105 ad
213 1063 274 1126 me,
297 1042 489 1126 simulatque
513 1042 649 1125 adeptus
668 1041 740 1124 eris,
764 1040 850 1124 quod
869 1044 902 1104 et
923 1044 960 1104 tu
979 1062 1053 1104 con-

96 1129 171 1194 fidis
194 1133 227 1193 et
250 1151 310 1215 ego
335 1134 426 1214 cpt0,
447 1130 572 1195 litteras
595 1130 728 1195 miseris.
773 1129 880 1213 Longi
903 1128 1054 1211 subsellii,

96 1222 136 1282 ut
157 1221 269 1283 noster
290 1217 463 1303 Pompeius
486 1219 641 1303 appellat,
668 1217 821 1283 iudicatio
849 1221 882 1281 et
908 1239 1000 1282 mora
1027 1218 1055 1281 si

97 1302 196 1390 qu'em
216 1306 277 1370 tibi
299 1306 378 1370 item
399 1328 501 1372 unum
524 1310 699 1373 alterumve
723 1307 807 1371 diem
830 1306 999 1370 abstulerit
1012 1341 1054 1352 -

99 1393 178 1478 quid
201 1394 287 1457 enim
309 1398 417 1478 potest
439 1396 599 1481 amplius?
622 1433 679 1480 —,
700 1399 758 1460 tua
780 1400 890 1459 tamen
914 1395 1054 1480 dignitas

99 1504 196 1547 suum
217 1482 324 1546 locum
347 1484 519 1568 obtinebit3
547 1485 615 1568 sed,
639 1486 667 1549 si
690 1505 741 1548 me
764 1483 885 1568 diligis,
913 1484 940 1547 si
963 1506 982 1546 a
1004 1505 1054 1546 me

99 1571 192 1655 diligi
215 1570 273 1655 ris,
295 1572 336 1636 ad
359 1594 410 1636 me
433 1573 567 1657 litteras,
589 1577 627 1637 nt
650 1594 746 1656 quam
769 1573 909 1656 primum
931 1572 1055 1636 laet'tia

100 1659 232 1744 afficiar,
254 1659 385 1726 mittito.
425 1659 470 1725 'nt
492 1662 598 1745 velim,
619 1662 779 1744 reliquum
802 1659 888 1743 quod
912 1663 960 1724 est
983 1682 1054 1743 pro·
1074 1667 1089 1714 3

99 1748 190 1812 missi
213 1770 251 1812 ac
273 1749 415 1813 muneris
437 1750 499 1833 tui,
522 1750 603 1813 mihi
624 1751 802 1833 persolvas:
830 1770 929 1832 quum
952 1748 1056 1832 ipsam

103 1836 322 1921 cognitionem
344 1837 423 1901 iuris
447 1838 574 1922 augurii
597 1839 750 1921 consequi
773 1838 877 1920 cupio,
898 1839 970 1899 tum
991 1858 1055 1900 me-

99 1924 230 1989 hercule
257 1926 322 1989 tuis
349 1925 578 1990 incredibiliter
601 1926 715 1990 studiis
739 1946 816 2010 erga
842 1945 894 1988 me
917 1924 1055 1987 muneri-

101 2013 225 2095 busque
248 2012 396 2078 delector.
443 2012 535 2089 Quod
559 2016 667 2077 autem
690 2036 710 2077 a
732 2034 782 2076 mc
810 2012 875 2076 tale
904 2011 1056 2094 quiddam

102 2100 273 2185 desideras,
295 2123 373 2166 sane
396 2100 476 2164 mihi
495 2100 762 2166 considerandum
780 2104 838 2185 est,
861 2122 1001 2183 quonam
1023 2103 1056 2163 te

102 2209 286 2253 remunerer
312 2190 516 2274 potissimum
543 2210 673 2274 genere3
704 2210 781 2252 nam
812 2188 957 2273 profecto
989 2210 1057 2252 non

102 2279 152 2339 est
174 2298 290 2361 meum,
312 2278 367 2360 qui
389 2278 425 2342 in
444 2278 621 2362 scribendo,
643 2281 680 2342 ut
699 2279 782 2342 soles
802 2277 963 2360 admirari,
985 2281 1056 2340 tan-

101 2369 172 2429 tum
194 2364 371 2430 industriae
394 2388 523 2450 ponam,
547 2367 756 2451 committere,
778 2369 815 2431 ut
834 2366 1003 2451 negligens
1022 2367 1057 2429 c'rc

103 2453 271 2517 scribendo
303 2453 402 2518 fuisse
434 2455 557 2538 videar,
587 2455 777 2538 praesertim
805 2476 903 2537 quum
930 2453 963 2517 id
989 2475 1057 2518 non

102 2540 198 2605 modo
222 2541 431 2627 negligentis,
458 2543 514 2608 sed
541 2543 639 2607 etiam
661 2543 783 2628 ingrati
809 2542 909 2606 animi
936 2542 1056 2605 crimen

102 2629 249 2693 futurum
277 2629 327 2693 sit.
371 2630 494 2696 Verum
521 2630 602 2695 haec
628 2631 819 2695 videbimus:
851 2628 944 2714 illud,
972 2630 1093 2712 quod4

102 2717 278 2802 polliceris,
305 2719 401 2782 velim
428 2741 486 2803 pro
514 2723 572 2784 tua
598 2720 661 2784 fide
685 2718 915 2804 diligentiaque
943 2720 977 2781 et
998 2739 1057 2801 pro

102 2808 215 2869 nostra
242 2827 310 2870 non
337 2807 499 2892 instituta,
532 2807 588 2872 sed
615 2808 680 2872 iam
707 2808 886 2871 inveterata
918 2807 1059 2870 amicitia

103 2914 194 2958 cures
218 2899 247 2958 et
268 2895 399 2979 enitare,
422 2899 459 2960 ut
477 2896 669 2980 supplicatio
692 2895 787 2960 nobis
810 2916 907 2978 quam
929 2895 1058 2960 honori-

101 2982 309 3047 ficentissime
332 3005 429 3066 quam
450 2984 653 3068 primumque
676 2986 874 3049 decernatur.
919 2982 1058 3048 Omnino

104 3069 205 3131 serius
237 3071 310 3135 misi
341 3072 479 3154 litterae,
511 3093 608 3155 quam
638 3073 767 3156 vellem,
798 3071 833 3135 in
865 3092 928 3153 quo
961 3092 1060 3153 quum

104 3155 278 3220 difficultas
301 3159 476 3244 navigandi
499 3158 562 3223 fuit
585 3159 705 3245 odiosa,
726 3163 797 3224 tum
815 3161 851 3223 tn
867 3159 974 3242 ipsum
997 3157 1059 3220 dis-

104 3264 230 3308 cessum
258 3250 387 3310 senatus
414 3247 564 3311 incidisse
597 3248 691 3314 credo
718 3269 806 3312 meas
833 3246 971 3328 litteras,
1004 3244 1059 3308 sed

173 3454 226 3524 Ep.
246 3461 275 3521 9,
290 3459 315 3508 3.
356 3456 425 3524 recol.
448 3456 644 3511 insectando
668 3454 739 3521 (edd.
759 3455 848 3524 vett).
900 3469 929 3508 n.
954 3467 1005 3507 scr.
1029 3451 1061 3506 M

101 3541 129 3578 a.
149 3525 226 3598 [sca]
244 3526 275 3580 B.
313 3530 338 3578 4.
357 3525 407 3580 boc
423 3525 593 3583 videbimus?
688 3577 692 3585 .
