2370 3878
331 182 590 237 EPISTULARUM
613 182 687 236 XIII.
708 188 820 236 10-12.
988 182 1053 244 42.)

93 324 133 403 Q.
160 325 183 389 f.
232 324 313 391 Peto
336 348 356 390 1
383 329 415 390 te
442 327 478 389 in
504 326 658 391 maiorem
690 325 821 391 modum
853 347 912 409 pro
942 329 1089 389 nostras

94 413 346 497 necessitudine,
373 417 410 478 ut
436 414 497 478 tibi
525 435 563 477 11
589 435 639 478 res
667 435 762 478 curae
791 414 833 477 sit
861 434 1054 496 operamque

95 501 168 584 des,
194 505 232 565 ut
253 523 312 585 per
332 503 365 564 te
389 524 486 584 quam
509 501 764 567 commodissime
791 501 960 585 negotium
986 524 1054 565 mu-

95 588 209 671 nicipii
236 588 477 653 administretur
505 612 602 672 quam
628 590 829 673 primumque
858 589 1054 671 conficiatur,

95 676 258 760 ipsosque,
281 698 418 760 quorum
441 678 574 742 nomina
597 677 722 760 scripsi,
745 681 782 741 ut
805 699 902 760 quam
924 677 1053 742 honori-

95 764 303 829 ficentissime
330 786 389 848 pro
418 768 474 828 tua
501 770 618 829 natura
650 768 683 828 et
710 787 806 847 quam
832 765 1054 830 liberalissime

95 854 226 916 tractes.
271 851 381 916 Bonos
409 853 495 917 viros
523 853 564 916 ad
591 857 682 916 tuam
703 853 972 917 necessitudinem
1000 853 1088 917 ads

96 939 240 1004 iunxeris
268 940 541 1025 municipiumque
569 941 788 1024 gratissimum
814 941 968 1005 beneficio
996 944 1053 1005 tuo

97 1026 292 1110 devinxeris,
320 1028 400 1092 mihi
428 1050 503 1092 vero
532 1029 629 1091 etiam
657 1029 780 1113 gratius
809 1027 937 1111 feceris,
968 1029 1054 1111 quod

98 1136 199 1198 quum
222 1136 347 1199 semper
373 1117 457 1180 tueri
480 1116 657 1198 municipes
681 1138 769 1181 meos
793 1116 957 1198 consuevi,
984 1118 1054 1179 tum

96 1202 151 1266 hic
179 1224 283 1266 annus
310 1205 480 1286 praecipue
508 1204 549 1267 ad
576 1225 681 1267 meam
713 1225 822 1268 curam
850 1203 1053 1286 officiumque

96 1291 251 1374 pertinet:
275 1312 352 1354 nam
366 1292 583 1355 constituendi
596 1292 762 1375 municipii
776 1312 873 1355 causa
889 1292 952 1356 hoc
967 1313 1052 1356 anno

98 1378 235 1442 aedilem
258 1379 358 1442 filium
382 1401 488 1443 meum
511 1380 579 1443 fieri
602 1381 689 1444 volui
712 1383 745 1443 et
766 1379 877 1444 fratris
897 1380 999 1444 filium
1023 1384 1054 1443 et

98 1464 143 1529 M.
167 1462 325 1550 Caesium,
346 1467 511 1532 hominem
529 1467 608 1531 mihi
626 1468 762 1532 maxime
781 1469 996 1533 necessarium
1011 1504 1053 1514 -

97 1554 127 1617 is
150 1555 237 1617 enim
260 1555 467 1638 magistratus
495 1556 530 1620 in
552 1560 663 1621 nostro
687 1557 862 1640 municipio
890 1578 949 1621 nec
973 1557 1053 1620 alius

98 1641 184 1706 ullus
209 1643 309 1706 creari
332 1644 415 1706 solet
437 1667 492 1726 -3
520 1666 600 1728 quos
628 1645 848 1709 cohonestaris
871 1647 906 1708 in
929 1646 1053 1728 primis-

99 1750 162 1812 que
189 1751 254 1812 me,
283 1730 310 1794 si
337 1752 387 1795 res
414 1732 543 1814 publica
565 1733 732 1816 municipii
754 1737 811 1797 tuo
835 1733 954 1814 studio,
985 1733 1053 1795 dili-

100 1818 212 1901 gentia
239 1818 321 1882 bene
349 1819 572 1882 administrata
599 1821 672 1883 erit:
705 1820 791 1903 quod
818 1824 855 1884 ut
881 1821 995 1901 facias,
1021 1823 1054 1883 te

99 1905 307 1970 vehementer
330 1907 427 1970 etiam
450 1911 545 1990 atque
570 1908 667 1971 etiam
689 1927 779 1991 rogo.

542 2100 615 2164 XII.

357 2210 413 2266 Sor.
442 2211 546 2265 11011111
575 2229 599 2265 a.
627 2229 653 2264 u.
683 2227 705 2264 c.
735 2215 793 2265 708.

397 2332 525 2388 CICERO
543 2333 664 2388 BRUTO
684 2333 759 2387 SAL.

167 2430 243 2495 Alia
265 2433 401 2515 epistola
424 2433 636 2496 communiter
653 2433 873 2499 commendavi
891 2436 950 2499 tibi
968 2435 1054 2517 lega·
1075 2449 1088 2494 1

101 2522 153 2585 tos
180 2518 387 2604 Arpinatium
415 2524 452 2584 ut
478 2521 570 2603 potui
598 2521 853 2606 diligentissime,
875 2523 937 2586 hac
965 2543 1054 2603 sepa·

100 2608 198 2671 ratim
220 2607 256 2684 Q.
279 2607 452 2692 Fufidium,
476 2630 612 2692 quocum
639 2610 718 2673 mihi
747 2631 857 2675 omnes
881 2610 1053 2674 necessitu-

101 2696 192 2759 dines
220 2700 309 2780 sunt,
336 2697 522 2780 diligentius
550 2699 751 2781 commendo,
778 2720 845 2762 non
874 2701 912 2761 ut
934 2697 1054 2779 aliquid

101 2784 139 2848 de
163 2784 219 2847 illa
242 2785 519 2849 commendatione
544 2786 741 2869 deminuam,
768 2786 823 2850 sed
846 2790 883 2849 ut
906 2786 947 2849 ad
970 2785 1054 2848 hanc

101 2873 229 2936 addam:
257 2894 333 2936 nam
361 2877 393 2936 et
420 2873 587 2956 privignus
615 2877 664 2937 est
686 2873 730 2937 M.
754 2871 872 2958 Cassii,
898 2875 961 2938 mei
989 2896 1054 2937 nra-

100 2960 184 3024 xime
212 2964 245 3024 et
271 2961 441 3024 familiaris
469 2965 502 3023 et
524 2961 709 3045 necessarii,
737 2965 769 3026 et
794 2962 858 3026 fuit
884 2963 919 3026 in
943 2961 1054 3026 Cilicia

100 3070 225 3112 mecum
257 3050 405 3112 tribunus
438 3048 589 3131 militum,
621 3071 684 3132 quo
715 3050 750 3112 in
782 3072 912 3115 munere
944 3051 991 3113 ita
1021 3072 1054 3113 se

99 3137 267 3221 tractavit,
299 3141 336 3201 ut
368 3137 527 3220 accepisse
559 3137 599 3200 ab
632 3158 669 3202 eo
701 3138 890 3202 beneficium
921 3137 1054 3219 viderer,

170 3363 222 3431 Ep.
243 3370 284 3431 11,
299 3369 325 3417 3.
360 3364 452 3419 studio
470 3364 665 3434 dilipentiaqce
683 3365 747 3419 bene
770 3364 854 3432 (W.)?
899 3362 950 3432 Ep.
972 3369 1051 3429 111.

98 3437 131 3487 ut
148 3434 186 3488 col
203 3434 274 3489 tanc
292 3434 392 3489 addam
412 3435 487 3503 (W.).
524 3440 555 3490 ut
572 3436 643 3490 hooc
656 3452 681 3488 c.
698 3435 782 3503 (W.)?
818 3434 863 3487 An
881 3437 912 3488 at
926 3433 963 3489 ad
976 3434 1054 3488 illam

97 3503 124 3558 t.
143 3520 169 3558 o.
189 3503 243 3572 (W.
264 3503 339 3574 olim,
357 3505 407 3575 B.).
