2370 3878
123 160 187 226 608
405 158 441 213 Μ.
461 157 584 214 TULLII
601 144 791 214 CICERONIS

123 325 297 387 suaseram,
324 303 455 367 mirifice
482 303 562 367 mihi
589 307 622 367 et
648 325 704 386 per
732 325 765 366 se
792 307 826 366 et
854 324 915 387 per
942 302 1085 388 Pompo·

123 394 213 457 nium
244 391 408 455 blanditur
439 390 579 474 Appius3
615 391 702 457 videt
733 391 833 474 enim,
864 391 930 455 hoc
962 413 1084 476 genere

123 480 249 545 dicendi
272 480 299 543 si
321 482 395 542 utar
416 479 452 542 in
479 480 606 562 ceteris,
627 477 838 543 Februarium
860 480 1010 543 sterilem
1038 481 1084 544 fu·

122 573 240 632 turum.
293 566 440 650 Eumque
472 567 535 630 lusi
565 568 673 632 iocoso
706 567 799 650 satis,
836 589 942 650 neque
978 570 1084 632 solum

123 657 202 720 illud
238 656 357 720 extorsi
393 655 597 739 oppidulum,
637 655 723 738 quod
759 657 827 718 erat
862 656 1059 738 positum
1050 680 1083 720 m

123 743 284 826 Euphrati
306 742 493 829 Zeugmate,
516 743 571 807 sed
593 746 758 826 praeterea
779 746 892 827 togam
916 766 992 808 sum
1017 746 1082 809 eius

123 835 337 914 praetextam,
373 853 470 915 quam
501 835 570 895 erat
601 831 736 914 adeptus
768 828 904 896 Caesare
938 835 1082 916 consule,

97 940 242 1005 smagno
265 920 481 985 hominum
456 942 522 983 risu
550 919 726 983 cavillatus
770 918 1008 1004 „Qu0dvu1c‘,‘
1036 923 1082 985 in·

124 1031 230 1092 quam,
251 1009 417 1092 „renovari
439 1007 734 1091 honoreseosdem,
757 1008 947 1090 quominus
967 1012 1083 1093 togam

123 1100 323 1181 praetextam
341 1096 513 1180 quotannis
531 1096 713 1179 interpolet,
736 1095 975 1160 decernendum
1000 1099 1081 1161 nihil

124 1207 251 1267 oense03
282 1206 340 1249 vos
372 1188 493 1267 autem,
523 1184 670 1248 homines
700 1183 837 1266 nobiles,
864 1184 920 1266 qui
947 1175 1081 1250 Bostre-

123 1295 202 1337 num
223 1275 460 1356 praetextatum
481 1293 549 1336 non
571 1271 732 1354 ferebatis,
755 1268 1013 1355 Commagenum
1036 1275 1081 1338 fe-

122 1365 173 1426 ret
158 1360 241 1426 tis?“
286 1359 393 1425 Genus
416 1361 504 1424 vides
528 1363 560 1423 et
582 1360 688 1424 locum
710 1359 846 1423 iocandi.
882 1358 991 1424 Multa
1016 1362 1081 1426 dixi

122 1451 158 1514 in
180 1449 356 1534 ignobilem
373 1469 491 1533 regem,
513 1448 629 1531 quibus
648 1450 736 1512 totus
755 1451 805 1511 est
822 1448 991 1531 explosus3
1016 1472 1080 1533 quo

123 1558 239 1621 genere
263 1539 455 1618 commotus,
481 1539 518 1599 ut
541 1536 619 1618 dixi,
645 1535 771 1619 Appius
799 1538 904 1600 toturn
932 1558 985 1600 me
1015 1559 1081 1601 am-

121 1625 282 1707 plexatum
304 1624 386 1687 nihil
404 1627 454 1687 est
471 1623 557 1687 enim
575 1623 702 1687 facilius
720 1645 818 1707 quam
835 1623 959 1707 reliqua
975 1625 1081 1690 discu-

121 1716 203 1794 tere3
232 1712 287 1776 sed
314 1734 381 1775 non
407 1711 538 1795 faciam,
565 1714 602 1776 ut
628 1711 720 1775 illum
749 1711 922 1794 offendam,
948 1734 992 1776 ne
1021 1715 1080 1778 im·

122 1803 227 1884 ploret
245 1801 342 1866 fidem
364 1799 450 1865 Iovis
472 1799 665 1882 Hospitalis,
687 1797 800 1864 Graios
824 1820 935 1864 omnes
959 1822 1080 1867 convo·

95 1894 183 1974 icet,
201 1911 258 1972 per
277 1911 357 1973 quos
375 1910 500 1952 mecum
518 1888 553 1951 in
573 1887 712 1973 gratiam
725 1887 828 1952 rediit.
864 1886 1080 1975 Theopompo

123 1978 366 2042 satisfaciemus.
410 1976 460 2040 De
483 1973 618 2040 Caesare
645 1976 775 2060 fugerat
801 1997 851 2040 me
879 1976 920 2039 ad
943 1979 977 2040 te
1003 1980 1081 2042 scri-

122 2066 209 2149 bere,
235 2066 328 2130 video
352 2064 450 2146 enim,
477 2085 555 2146 quas
578 2067 614 2127 tu
637 2063 761 2127 litteras
785 2065 994 2148 exspectarim
1023 2068 1081 2130 sed

121 2155 175 2218 ille
203 2154 331 2237 scripsit
357 2153 397 2216 ad
424 2114 562 2215 Balbum
591 2151 780 2216 fasciculum
807 2153 897 2215 illum
925 2153 1080 2236 epistola-

120 2265 206 2326 rum,
237 2244 272 2305 in
304 2264 367 2325 quo
394 2241 500 2305 fuerat
527 2244 556 2304 ct
582 2261 654 2304 mea
680 2243 713 2303 et
739 2239 848 2323 Balbi,
878 2243 987 2305 toturn
1016 2244 1080 2307 sihi

122 2351 205 2413 aqua
231 2329 395 2393 madidum
421 2328 580 2392 redditum
608 2349 690 2412 esse,
718 2331 756 2391 ut
777 2350 819 2392 ne
841 2328 921 2391 illud
944 2330 1080 2413 quidem

121 2418 210 2500 sciat,
228 2438 333 2481 meam
350 2417 449 2480 fuisse
468 2417 608 2500 aliquam
627 2416 805 2499 epistolam.
841 2413 903 2480 Sed
922 2438 961 2480 ex
979 2417 1079 2484 Balbi

121 2506 257 2589 epistola
274 2526 377 2588 pauca
399 2504 497 2568 verba
515 2505 724 2588 intellexerat,
747 2505 787 2568 ad
811 2526 891 2587 quae
909 2508 1080 2591 rescripsit

119 2595 171 2658 his
185 2594 304 2658 verbis:
327 2593 384 2677 „de
399 2589 551 2656 Cicerone
568 2595 601 2655 te
620 2592 713 2657 video
728 2593 880 2676 quiddam
899 2593 1080 2679 scripsisse,

121 2683 207 2768 quod
230 2703 291 2766 ego
313 2703 380 2746 non
402 2680 558 2761 intellexi3
582 2684 738 2762 quantum
759 2684 865 2745 autem
888 2681 1079 2748 coniectura

120 2770 347 2854 consequebar,
368 2769 402 2832 id
425 2772 494 2832 erat
516 2768 686 2852 eiusmodi,
708 2772 745 2833 ut
767 2770 871 2853 magis
895 2771 1079 2852 optandum

93 2877 216 2941 squam
240 2857 434 2941 sperandum
456 2855 631 2941 putarem.“
665 2856 779 2940 Itaque
802 2860 915 2941 postea
938 2858 1014 2922 misi
1036 2861 1079 2923 ad

120 2945 289 3012 Caesarem
308 2947 419 3010 eodem
436 2946 493 3009 illo
507 2945 652 3028 exemplo
670 2945 803 3009 litteras.
839 2944 950 3031 chum
965 2952 1078 3012 autem

119 3036 204 3100 illius
228 3035 266 3098 de
290 3056 347 3098 sua
371 3038 512 3119 egestate
540 3056 580 3097 ne
609 3033 652 3096 sis
675 3037 878 3116 aspernatus:
907 3033 947 3097 ad
978 3056 1079 3118 quem

120 3145 179 3208 ego
202 3123 350 3206 rescripsi
372 3123 454 3187 nihil
472 3142 550 3206 esse,
573 3121 658 3204 quod
677 3122 813 3205 posthac
831 3142 923 3185 arcae
942 3126 1078 3188 nostrae

187 3347 240 3418 Ep
260 3355 340 3417 10‚2.
377 3349 510 3415 futuram.
547 3348 673 3417 ansque
692 3347 747 3416 (W.
749 3349 767 3416 t.
804 3349 835 3415 fi,
853 3364 964 3417 euinque
977 3350 1075 3421 vulgo.

171 3421 272 3473 extorsi
296 3421 321 3473 el
343 3433 404 3487 opp.
429 3419 513 3488 (W.)?
549 3420 654 3484 Ana,
680 3420 753 3486 quod
776 3419 834 3473 eius
855 3425 927 3484 erut,
950 3423 1077 3487 positum

114 3488 202 3561 (W.)?
238 3489 744 3558 5.miaiad0accarcmuulgo.m
747 3490 820 3557 [ad
840 3461 941 3559 0.]L’.‚
960 3491 991 3544 B.

128 3692 178 3799 f
