2370 3878
374 156 633 244 EPISTOLAEUM
651 157 672 209 Ι.
691 162 768 210 ὁ-ἶ.
842 216 845 221 ,
1027 155 1047 217 9

94 303 215 386 partim
238 302 404 367 obscurius
431 302 547 386 iniqui,
575 300 694 383 partim
721 320 788 363 non
812 298 1052 363 dissimulanter

95 391 183 455 irati:
216 393 252 454 tu
279 391 331 455 fac
359 391 466 454 animo
494 389 572 454 forti
599 408 782 472 magnoque
810 388 853 451 sis
881 408 1052 471 speresque

95 479 175 563 fore,
192 483 231 543 ut
247 479 351 544 fracto
371 480 493 561 impetu
511 476 665 540 levissimi
683 475 824 540 hominis
842 479 933 540 tuam
945 476 1052 561 pristi-

96 589 174 631 nam
197 568 389 652 dignitatem
411 570 444 630 et
467 567 604 650 gloriam
627 585 832 648 consequare.

543 759 600 824 VI.

253 871 310 927 Sor.
325 872 428 926 Romae
442 889 538 926 mense
551 871 704 926 Februario
718 887 742 926 a.
757 889 785 926 u.
800 887 822 925 c.
837 876 899 927 698.

230 994 266 1047 M.
287 994 413 1050 CICERO
433 994 460 1049 S.
479 995 512 1050 D.
531 995 562 1049 P.
581 994 754 1049 LENTULO
774 993 920 1049 PROCOS.

43 1120 45 1125 ’
164 1092 253 1169 Quae
277 1098 444 1178 gerantur,
467 1095 604 1178 accipies
627 1117 666 1158 ex
687 1094 847 1176 Pollione,
874 1094 930 1177 qui
953 1095 1053 1158 omni·
1075 1114 1088 1161 1

97 1180 158 1244 bus
181 1183 322 1267 negotiis
345 1203 413 1247 non
434 1182 583 1247 interfuit
606 1184 719 1264 solum,
742 1182 797 1245 sed
819 1181 969 1265 praefuit.
1001 1181 1056 1246 Me

99 1269 132 1331 in
148 1291 272 1334 summo
288 1270 407 1352 dolore,
420 1292 515 1353 quem
531 1268 589 1357 [in]
609 1272 673 1335 tuis
687 1270 783 1334 rebus
797 1270 899 1353 capio,
917 1270 1054 1334 maxime

99 1356 222 1420 scilicet
248 1358 434 1422 consolatur
456 1381 543 1443 spes,
570 1360 655 1443 quod
682 1358 775 1424 valde
803 1358 949 1442 suspicor
976 1358 1055 1441 fore,

97 1447 136 1507 ut
157 1444 355 1530 infringetur
373 1446 541 1511 hominum
559 1447 749 1530 improbitas
772 1450 805 1510 et
823 1447 965 1512 consiliis
983 1449 1054 1511 tuo·

97 1553 171 1596 rum
197 1533 374 1599 amicorum
401 1538 434 1598 et
460 1536 532 1619 ipsa
558 1535 623 1619 die,
650 1556 732 1618 quae
759 1535 906 1599 debilitat
933 1535 1055 1619 cogita-

98 1620 204 1685 tiones
227 1626 260 1686 et
281 1621 485 1688 inimicorum
509 1627 542 1686 et
563 1622 764 1707 proditorum
790 1628 934 1706 tuorum,
960 1623 1089 1692 faciles

100 1709 238 1774 secundo
256 1711 328 1775 loco
347 1733 398 1775 me
417 1712 602 1776 consolatur
619 1712 798 1776 recordatio
817 1733 962 1776 meorum
975 1716 1054 1776 tem·

99 1819 223 1880 porum,
246 1820 384 1881 quorum
401 1800 577 1883 imaginem
594 1800 688 1864 video
707 1800 741 1862 in
759 1801 855 1864 rebus
873 1800 948 1881 tuis,
970 1821 1056 1884 nam,

100 1886 161 1948 etsi
183 1886 307 1951 minore
329 1887 365 1950 in
387 1909 421 1950 re
444 1888 583 1951 violatur
605 1891 663 1951 tua
687 1888 842 1971 dignitas,
865 1908 962 1970 quam
984 1910 1056 1951 mea

100 1973 222 2036 afflicta
244 1976 307 2055 est,
336 1976 446 2037 tamen
473 1978 523 2038 est
544 1979 639 2038 tanta
660 1974 849 2058 similitudo,
871 1978 909 2038 ut
931 1996 1056 2059 sperem

99 2064 133 2123 te
157 2060 236 2124 mihi
258 2061 434 2145 ignoscere,
457 2062 485 2125 si
508 2083 546 2125 ea
567 2084 636 2126 non
658 2063 828 2145 timuerim,
851 2084 932 2146 quae
955 2085 996 2128 ne
1019 2068 1056 2128 tu

100 2148 230 2232 quidem
256 2170 409 2232 umquam
435 2150 580 2215 timenda
602 2150 729 2214 duxisti.
780 2149 842 2216 Sed
871 2156 1001 2234 praesta
1023 2155 1056 2216 te

101 2257 187 2320 eum,
215 2236 270 2320 qui
293 2237 373 2301 mihi
396 2260 416 2302 o
438 2239 571 2323 teneris,
598 2243 636 2302 ut
658 2237 771 2304 Graeci
794 2240 918 2321 dicunt,
940 2240 1057 2324 ungui-

101 2324 180 2388 culis
203 2346 237 2388 es
261 2326 424 2410 cognitus:
445 2327 630 2413 illustrabit,
652 2328 732 2392 mihi
755 2327 856 2410 crede,
878 2331 968 2392 tuam
991 2349 1056 2391 am·

99 2411 291 2495 plitudinem
312 2414 481 2479 hominum
502 2416 629 2480 iniuria.
673 2415 704 2480 A
726 2437 778 2480 me
800 2415 910 2481 omnia
932 2437 1058 2480 summa

90 2500 189 2576 inte
213 2500 321 2565 studia
342 2502 511 2587 officiaque
535 2507 696 2588 exspecta:
719 2526 786 2569 non
803 2505 916 2569 follem
934 2504 1057 2588 opinio·

99 2608 175 2652 nem
196 2592 296 2653 tuam.

541 2783 615 2848 VH.

279 2893 336 2948 Sor.
350 2895 455 2950 Romae
468 2913 564 2950 mense
577 2896 680 2951 Martio
694 2912 719 2950 a.
734 2915 760 2950 u.
775 2914 799 2952 o.
813 2902 874 2952 698.

241 3017 278 3070 Μ.
293 3017 420 3073 CICERO
442 3017 468 3072 S.
483 3019 515 3072 D.
530 3018 560 3072 P.
576 3018 747 3074 LENTULO
766 3019 912 3076 PEOCOS.

166 3113 248 3200 Legi
269 3119 343 3181 tues
365 3119 499 3201 litterae,
523 3118 638 3202 quibus
657 3120 698 3183 ed
720 3142 771 3184 me
791 3120 903 3185 scribis
925 3123 1055 3205 gratum
1075 3142 1088 3188 1

99 3201 161 3265 tibi
183 3224 261 3287 esse,
284 3206 370 3288 quod
393 3206 504 3270 crebro
528 3207 645 3271 certior
666 3229 724 3292 per
746 3229 797 3272 me
820 3208 880 3272 fias
898 3209 936 3272 de
953 3209 1054 3272 omni-

99 3289 160 3354 bus
188 3291 283 3355 rebus
311 3297 344 3356 et
370 3314 475 3357 meam
502 3314 580 3379 erga
611 3298 643 3358 te
671 3296 929 3360 benevolentiam
959 3295 1055 3361 facile

127 3456 130 3461 Ι
168 3480 220 3553 Ep.
236 3488 261 3552 6,
278 3489 301 3536 1.
329 3499 406 3552 quem
419 3485 469 3554 [ia]
484 3486 540 3540 tuis
554 3486 629 3554 (W.).
659 3502 682 3557 q.
697 3502 731 3542 err
743 3484 853 3558 tslLb‘r
881 3502 908 3559 q.
920 3486 956 3543 tu
966 3486 1075 3542 rme.
