2370 3878
378 153 640 209 EPISTOLARUM
658 153 704 208 VI.
725 159 766 207 12.
990 154 1050 217 181

94 305 144 365 111
167 299 291 383 datum,
315 297 401 382 quod
424 298 558 362 mirifica
582 301 630 362 est
652 297 843 381 improbitas
865 297 900 361 in
924 297 1052 380 quibus·

94 389 178 472 dam,
202 388 257 471 qui
278 388 431 451 tulissent
454 386 598 450 acerbius
622 386 750 451 veniam
771 385 832 449 tibi
855 384 933 468 dari,
956 407 1054 468 quam

93 478 142 542 illi
161 477 326 559 appellant
344 475 456 539 tubam
475 474 552 538 belli
570 473 671 538 civilis
686 475 849 557 multaque
868 474 914 536 ita
933 473 1053 556 dicunt,

95 566 188 649 quasi
210 586 278 628 non
301 562 465 649 gaudeant
487 562 520 626 id
542 562 663 626 bellum
685 562 843 626 incidisse.
880 560 984 636 Quare
1007 562 1052 625 vi-

94 675 167 717 sum
191 656 240 717 est
264 651 418 716 occultius
442 650 604 735 agendum
622 671 726 734 neque
747 651 814 714 ullo
833 649 928 714 modo
952 649 1052 714 divul-

95 740 239 825 gandum
262 737 301 802 de
323 743 356 803 te
379 740 444 802 iam
468 760 537 803 esse
555 738 747 821 perfectum,
770 736 826 801 sed
848 737 881 801 id
905 737 966 801 erit
983 759 1052 821 per-

94 829 194 912 brevi,
216 847 276 891 nec
300 826 421 910 dubito,
445 827 523 910 quin
545 828 673 911 legente
696 830 728 890 te
751 825 810 889 1111
829 825 953 890 litteras
977 847 1053 890 con·

93 917 181 980 fecta
204 916 269 979 iam
291 937 342 979 res
360 915 470 978 futura
489 915 542 979 sit:
566 914 673 978 Pansa
691 913 820 996 quidem
837 913 926 997 mihi,
944 915 1052 998 gravis

94 1005 193 1068 homo
208 1007 241 1067 et
260 1007 375 1087 certus,
392 1023 460 1066 non
475 1002 578 1066 solum
597 1002 808 1085 confirmavit,
826 1022 937 1065 verum
956 1002 1054 1066 etiam

94 1091 217 1174 recepit
248 1091 452 1174 perceleriter
483 1112 518 1153 se
555 1090 737 1153 ablatmum
769 1088 919 1173 diploma.
971 1088 1054 1153 Mihi

94 1184 206 1244 tamen
228 1179 351 1263 placuit
372 1179 452 1242 haec
475 1177 516 1242 ad
538 1181 570 1242 11
593 1177 761 1261 perscribi3
783 1177 889 1241 minus
913 1177 1053 1242 111111111

95 1268 225 1332 firmum
249 1289 353 1331 sermo
376 1266 553 1351 Eppuleiae
582 1269 656 1330 tuae
681 1266 894 1349 lacrimaeque
916 1264 1053 1349 Ampiae

96 1355 319 1438 declarabant,
348 1377 444 1437 quam
472 1354 657 1440 significant
683 1358 757 1418 tuae
785 1355 924 1438 litterae,
957 1358 1053 1438 atque
1168 1434 1171 1439 Ι

94 1444 171 1507 illae
199 1443 453 1527 arbitrabantur,
480 1444 632 1527 quoniam
664 1465 684 1506 a
710 1446 743 1506 te
775 1444 925 1507 abessent
956 1442 1053 1526 ipsae,

96 1531 200 1596 multo
227 1532 263 1594 in
290 1532 437 1615 graviore
464 1534 495 1595 te
519 1552 596 1596 cura
622 1531 781 1615 futurum,
808 1553 906 1615 quare
933 1553 1052 1616 magno

97 1641 194 1702 opere
209 1620 380 1703 **·putari
400 1620 530 1704 angoris
554 1623 587 1684 11
605 1619 724 1684 doloris
742 1621 791 1684 tui
810 1620 939 1685 levandi
958 1641 1054 1683 causa

120 1729 156 1771 ro
180 1707 275 1771 certis
308 1706 348 1771 ad
370 1711 403 1772 te
430 1730 480 1792 ea,
512 1729 594 1791 quae
626 1712 733 1772 essent
760 1711 860 1792 certa,
891 1707 1053 1792 perscribi.

96 1731 167 1859 dcis
191 1817 241 1859 me
265 1799 361 1859 antea
384 1796 429 1859 sic
452 1796 583 1861 solitum
606 1817 675 1860 esse
699 1796 836 1861 scribere
860 1795 900 1859 ad
922 1799 964 1879 te,
987 1817 1051 1859 ma·
1076 1812 1089 1860 1

98 1883 148 1967 gis
176 1887 213 1948 ut
240 1884 424 1947 consolarer
450 1883 569 1947 fortem
601 1884 706 1948 virum
738 1887 834 1966 atque
867 1883 1053 1966 sapientem,

99 1992 196 2053 quam
219 1975 256 2035 ut
278 1973 477 2054 exploratam
500 1991 590 2054 spem
614 1971 726 2034 salutis
750 1970 964 2055 ostenderem,
991 1971 1055 2034 nisi
1147 2023 1167 2035 „

100 2080 184 2142 eam,
216 2080 313 2142 quam
341 2059 381 2122 ab
413 2058 485 2142 ipsa
515 2079 550 2122 re
581 2057 724 2142 publica,
756 2080 854 2140 quum
879 2058 933 2123 hic
960 2059 1055 2124 ardor

99 2147 274 2211 restinctus
298 2150 391 2230 esset,
414 2147 536 2229 sperari
559 2149 706 2230 oportere
730 2167 901 2210 censerem.
937 2147 1054 2212 Recor-

99 2234 175 2299 dare
198 2238 271 2299 tuas
293 2235 428 2318 litteras,
451 2234 566 2317 quibus
586 2237 618 2298 et
636 2255 792 2319 magnum
810 2236 952 2300 animum
974 2237 1055 2300 mihi

100 2344 226 2406 semper
249 2322 419 2387 ostendisti
442 2322 538 2386 etad
562 2344 673 2388 omnes
696 2344 788 2387 casus
806 2323 956 2389 ferendos
981 2345 1054 2389 con-

100 2414 241 2475 stantem
264 2433 302 2474 10
324 2415 487 2495 paratum3
511 2410 596 2494 quod
620 2431 680 2495 ego
697 2432 765 2476 non
784 2411 933 2495 mirabar,
956 2434 1055 2494 quum

99 2499 284 2564 recordarer
311 2503 344 2564 te
368 2504 400 2563 et
423 2521 442 2562 a
464 2499 575 2583 primis
602 2499 800 2583 temporibus
824 2501 940 2563 aetatis
962 2501 997 2563 in
1020 2522 1054 2563 re

99 2588 229 2670 publica
252 2610 320 2652 esee
343 2591 506 2653 versatum
533 2591 566 2652 et
587 2590 662 2651 tuos
689 2587 898 2671 magistratus
927 2587 962 2650 in
984 2588 1056 2670 ipsa

100 2676 286 2740 discrimina
308 2676 458 2741 incidisse
482 2676 595 2740 salutis
622 2676 888 2759 fortunarumque
915 2695 1055 2738 commu-

100 2765 191 2828 nium
214 2765 304 2829 etin
326 2764 388 2829 hoc
410 2766 517 2848 ipsum
539 2764 660 2828 bellum
683 2785 751 2828 esse
774 2763 966 2848 ingressum,
988 2785 1056 2828 non

100 2853 205 2916 solum
227 2856 265 2916 ut
286 2853 389 2917 victor
415 2853 543 2936 beatus,
571 2851 626 2916 sed
654 2853 752 2916 etiam
774 2855 825 2935 ut,
853 2851 880 2916 si
902 2851 949 2915 ita
976 2853 1056 2916 acci-

101 2941 210 3023 disset,
232 2941 336 3004 victus
360 2940 488 3023 sapiens
511 2961 605 3003 esses.
641 2939 775 3024 Deinde,
798 2962 897 3024 quum
915 2940 1056 3004 studium
1075 2955 1092 3002 o

100 3030 193 3089 tuum
216 3048 386 3092 consumas
405 3027 440 3090 in
460 3027 602 3092 virorum
619 3027 753 3093 fortium
770 3027 865 3092 laetis
883 3028 1056 3092 memoriae

100 3114 288 3197 prodendis,
319 3114 520 3179 considerare
552 3113 648 3180 debes
674 3116 756 3180 nihil
787 3116 848 3179 tibi
876 3136 944 3180 esse
972 3135 1055 3178 eom-

171 3340 223 3411 Ep.
245 3347 324 3408 113.
361 3357 444 3410 qaam
461 3342 506 3397 ilo·
523 3358 587 3411 opp.
608 3341 675 3410 (11).
712 3357 788 3411 quem
805 3342 825 3395 i.
840 3358 865 3395 a.
881 3339 962 3406 Crat,
976 3339 1006 3393 B.
1022 3369 1055 3380 -

100 3412 189 3466 ciuilis
208 3413 345 3481 multoque
364 3413 437 3481 (W.).
475 3429 507 3478 1.,
525 3429 560 3466 m.
579 3412 673 3482 vulgo.
693 3442 726 3451 -
744 3427 843 3481 mayoc
861 3425 939 3478 opere
952 3412 1057 3479 *1111-

101 3485 159 3537 tuci
177 3483 243 3554 (M).
280 3500 315 3536 m.
334 3498 357 3538 o.
377 3500 392 3538 e
408 3499 481 3553 rep.
502 3481 651 3552 (Guilelm,
666 3482 708 3551 B.)
728 3485 778 3537 aut
796 3480 887 3536 simile
906 3480 1028 3549 aliuuid.
