2370 3878
370 146 628 201 EPISTOLARUM
647 147 693 201 VI.
714 152 737 201 7.
757 154 781 203 8.
990 147 1052 213 175

96 312 179 372 esse,
204 291 256 375 egi
279 290 484 355 vehementer
507 313 579 355 cum
601 291 655 373 iis,
684 294 721 354 ut
742 290 805 355 hoo
827 291 907 355 mihi
930 292 1052 376 darent,

95 378 157 441 tibi
179 378 215 441 in
234 376 351 462 Sicilia,
374 380 480 462 quoad
499 380 662 463 vellemus,
685 400 753 442 esse
771 379 820 442 uti
840 380 957 443 liceret.
991 380 1053 456 Qui

96 465 177 528 mihi
196 472 406 530 consuessent
425 471 480 531 aut
498 467 636 530 libenter
654 467 806 550 polliceri,
825 468 852 530 si
871 469 947 551 quid
969 472 1053 532 esset

96 553 267 637 eiusmodi,
294 554 380 638 quod
403 577 514 619 eorum
538 556 663 618 animos
686 576 754 618 non
781 555 969 639 offenderet,
996 561 1053 620 aut

96 642 195 704 etiam
227 663 346 727 negare
378 647 411 706 et
442 643 554 706 afferre
591 643 763 726 rationem,
799 664 855 707 cur
886 649 1053 729 negarent,

96 730 173 793 huic
205 751 294 794 meae
326 731 489 814 rogationi
520 731 565 796 vel
596 731 814 813 efflagitationi
845 732 953 813 potius
985 754 1052 797 non

96 817 252 882 continuo
275 819 524 901 respondemnt;
547 819 659 882 eodem
678 819 729 883 die
747 822 858 883 tamen
876 819 917 883 ad
935 842 986 883 mc
1004 843 1052 884 re-

96 908 275 988 verterunt,
302 906 382 969 mihi
411 908 472 970 hoc
499 906 668 990 dederunt,
695 910 733 971 ut
760 929 846 970 esses
872 909 908 971 in
936 906 1052 991 Sicilia,

97 994 205 1076 quoad
227 995 338 1077 velles;
366 1017 400 1058 se
422 998 643 1078 praestaturos
670 995 753 1058 nihil
776 1017 815 1058 ex
837 1016 875 1058 eo
898 997 930 1059 te
954 996 1052 1059 offen-

97 1082 198 1146 sionis
222 1081 416 1147 habiturum.
462 1081 635 1165 Quoniam,
658 1082 734 1164 quid
756 1082 817 1145 tibi
839 1083 1053 1167 permittatur,

97 1171 257 1254 cognosti,
280 1171 357 1253 quid
380 1171 459 1234 mihi
482 1171 616 1255 placeat,
639 1174 718 1252 puto
741 1173 774 1233 te
798 1170 877 1233 scire
897 1174 1053 1253 oportere.

96 1257 189 1321 Actis
222 1259 272 1322 his
305 1259 400 1323 rebus
432 1260 557 1322 litterae
586 1281 605 1321 a
631 1262 664 1322 te
691 1258 770 1321 mihi
798 1258 941 1343 redditae
969 1262 1087 1342 sunta

98 1347 214 1429 quibus
238 1369 258 1410 a
280 1369 331 1411 me
354 1348 524 1413 eonsilium
547 1347 643 1431 petis,
667 1347 743 1430 quid
767 1347 827 1410 sim
849 1346 910 1410 tibi
933 1350 1054 1431 auctor,

96 1435 132 1498 in
156 1431 305 1499 Siciliane
328 1441 364 1499 ut
386 1436 531 1500 subsidas
559 1458 603 1499 an
629 1439 667 1499 ut
694 1435 734 1498 ad
761 1435 912 1518 reliquias
935 1435 1053 1499 Asiati-

98 1544 154 1586 cae
178 1524 408 1606 negotiationis
431 1524 642 1607 proficiscare.
678 1521 768 1587 Haeo
790 1527 847 1587 tua
866 1523 1053 1588 deliberatio

97 1632 166 1675 non
193 1611 273 1674 mihi
301 1613 472 1677 convenire
499 1612 568 1676 visa
596 1615 645 1676 est
672 1633 745 1676 cum
772 1612 918 1676 oratione
941 1610 1054 1696 Largi,

97 1699 152 1761 ille
176 1700 262 1762 enim
285 1722 423 1784 mecum,
451 1702 543 1784 quasi
569 1701 630 1765 tibi
658 1722 727 1764 non
752 1700 863 1765 liceret
889 1701 923 1763 in
947 1697 1054 1764 Sicilia

99 1787 219 1850 diutius
238 1791 438 1872 commorari,
460 1791 507 1852 ita
525 1790 652 1853 locutus
671 1791 750 1871 erat,
771 1791 808 1852 tu
827 1790 944 1869 autem,
962 1788 1054 1870 quasi

99 1896 288 1939 concessum
320 1877 375 1958 sit,
406 1878 452 1939 ita
483 1875 648 1939 deliberas.
694 1873 756 1937 Sed
788 1894 865 1957 ego,
895 1875 961 1937 sive
993 1874 1055 1936 hoc

100 1962 167 2026 sive
190 1963 269 2026 illud
288 1967 346 2044 est,
368 1964 404 2025 in
423 1961 531 2026 Sicilia
549 1983 664 2025 censeo
684 1960 959 2024 commorandum:
982 1982 1054 2043 pro-

97 2051 264 2134 pinquitas
291 2051 435 2112 locorum
467 2050 517 2111 vel
550 2048 590 2112 ad
621 2048 859 2131 impetrandum
891 2048 1056 2112 adiuvabit

99 2137 220 2201 crebris
243 2136 359 2200 litteris
383 2141 415 2201 et
436 2137 560 2200 nuntiis
582 2137 633 2200 vel
657 2136 697 2200 ad
716 2136 837 2200 reditus
860 2136 1055 2200 celeritatem

98 2247 134 2288 re
163 2228 220 2288 aut
246 2225 431 2308 impetrata,
463 2225 549 2308 quod
576 2246 684 2308 spero,
716 2227 773 2288 aut
800 2224 907 2308 aliqua
929 2226 1067 2289 rationo

100 2314 262 2396 confecta3
285 2314 494 2396 quamobrem
517 2334 631 2378 censeo
655 2333 774 2398 magno
798 2334 892 2396 opere
916 2334 1054 2377 commo·
1163 2392 1165 2398 Ι

99 2402 246 2465 randum.
292 2401 328 2465 Τ.
350 2401 506 2466 Furfanio
529 2401 698 2485 Postumo,
725 2400 877 2465 familiari
899 2424 985 2485 meo,
1012 2401 1089 2465 le·3
1152 2434 1155 2439 ·

101 2491 248 2574 gatisque
273 2491 350 2575 eius,
371 2491 449 2554 item
468 2490 547 2553 meis
565 2489 787 2573 familiaribus,
810 2489 1053 2573 diligentissime

99 2582 132 2640 tc
157 2579 398 2662 commendabo,
420 2601 519 2662 quum
536 2579 698 2660 venerint3
721 2581 814 2642 erant
837 2578 921 2640 enim
945 2598 1055 2640 omnes

100 2664 259 2730 Mutinae:
288 2666 348 2730 viri
376 2671 453 2731 sunt
476 2667 590 2751 optimi
617 2670 650 2731 et
675 2666 724 2732 tui
747 2665 898 2730 similium
921 2664 1057 2728 studiosi

100 2757 134 2816 et
157 2755 220 2817 mei
242 2755 422 2819 necessarii.
469 2754 557 2830 Quae
584 2755 664 2820 mihi
686 2755 817 2820 venient
843 2753 878 2816 in
905 2756 1055 2836 mentem,

101 2863 183 2924 quae
207 2842 247 2906 ad
270 2846 302 2906 te
325 2844 486 2926 pertinere
510 2843 699 2927 arbitrabor,
722 2864 761 2907 ea
778 2863 850 2905 mea
869 2845 984 2925 sponte
1007 2841 1054 2904 fa·

100 2930 197 2993 ciam:
225 2931 252 2994 si
276 2932 352 3014 quid
374 2931 547 3015 ignorabo,
574 2931 612 2996 de
640 2952 677 2994 eo
701 2930 883 2994 admonitus
912 2931 1056 2994 omnium

101 3018 207 3082 studia
239 3019 375 3083 vincam.
420 3018 493 3103 Ego
526 3019 586 3083 etsi
618 3038 727 3098 coram
754 3017 793 3081 de
819 3020 852 3082 te
881 3039 954 3081 oum
977 3016 1055 3080 Fur·

99 3106 190 3171 fanio
213 3108 260 3171 ita
283 3109 410 3191 loquar,
433 3111 470 3170 ut
491 3106 551 3169 tibi
574 3106 689 3170 litteris
712 3105 791 3168 meis
815 3105 856 3168 ad
879 3126 951 3167 eum
974 3103 1055 3166 nihil

100 3217 182 3278 opus
210 3196 265 3279 sit,
297 3198 421 3279 tamen,
453 3194 606 3277 quoniam
633 3194 697 3258 tuis
729 3193 851 3276 placuit
877 3194 909 3253 te
936 3190 1054 3254 habere

170 3404 306 3474 Ep.8,1.
344 3419 400 3472 roy.
419 3405 460 3458 vel
481 3402 678 3472 efflapitotioni
694 3402 791 3469 potius
814 3399 888 3466 (Ν).
925 3414 947 3450 r.
967 3413 998 3465 p.
1017 3398 1053 3453 M.

97 3491 122 3528 r.
141 3476 190 3529 oet.
209 3477 273 3543 [loq.
288 3491 319 3542 p.
335 3473 407 3542 Sch,
421 3473 452 3528 Β.
489 3479 514 3527 2.
543 3473 687 3527 miscebit
705 3471 800 3539 (Era).
839 3468 1036 3522 adlocuturo.
