2370 3878
423 840 533 897 11111
551 842 716 898 marrus.

174 968 239 1035 ΑΙ)
271 968 341 1034 ΑΡ.
378 962 649 1035 CLAUDIUM
685 966 970 1036 PULCHRUM

557 1144 583 1206 Ι.

307 1265 364 1319 Sor.
384 1265 488 1318 Romae
507 1266 625 1318 exeunte
644 1280 669 1318 a.
688 1282 715 1319 u.
734 1282 757 1319 c.
778 1270 837 1319 702.

351 1404 478 1460 CICERO
497 1405 604 1460 APPIO
623 1406 696 1461 IMP.
717 1405 743 1460 S.
762 1405 795 1461 D.

161 1513 197 1580 Si
213 1515 285 1598 ipsa
302 1536 353 1578 res
372 1515 502 1598 publica
519 1514 580 1578 tibi
597 1536 729 1580 narrare
747 1518 866 1600 posset,
889 1516 1050 1600 quomodo
1070 1531 1085 1579 1

94 1625 165 1669 sese
187 1602 330 1685 haberet,
353 1625 421 1666 non
442 1603 570 1667 facilius
594 1625 633 1667 ex
655 1626 694 1668 ea
712 1625 906 1690 cognoscere
929 1626 1051 1689 posses,

94 1713 193 1776 quam
224 1713 263 1755 ex
293 1691 409 1755 liberto
440 1695 497 1755 tuo
524 1690 663 1756 Phania:
694 1693 742 1757 ita
773 1696 823 1756 est
853 1693 951 1757 homo
984 1716 1052 1758 non

93 1781 191 1846 modo
214 1780 365 1864 prudens,
387 1802 499 1844 verum
521 1781 631 1865 etiam,
655 1781 740 1864 quod
763 1782 864 1864 iuvet,
892 1782 1051 1863 curiosus,

95 1871 292 1953 quapropter
308 1869 362 1932 ille
380 1868 441 1932 tibi
460 1869 569 1934 omnia
591 1869 785 1952 explanabit,
807 1869 841 1932 id
864 1869 950 1932 enim
971 1869 1051 1932 mihi

96 1961 130 2020 et
152 1957 193 2020 ad
214 1957 406 2020 brevitatem
429 1961 479 2022 est
502 1957 608 2040 aptius
632 1962 665 2021 et
688 1957 728 2020 ad
751 1956 890 2040 reliquas
909 1978 960 2020 res
978 1979 1050 2041 pro-

95 2045 266 2110 videntius.
320 2045 368 2109 Dc
400 2067 473 2108 mea
505 2048 613 2108 autem
644 2045 870 2110 benevolentia
902 2066 979 2131 erga
1009 2050 1052 2130 te,

97 2133 158 2197 etsi
180 2137 272 2217 potes
296 2156 335 2197 ex
357 2133 470 2198 eodem
492 2132 618 2197 Phania
640 2155 847 2219 cognoscere,
873 2137 984 2198 tamen
1006 2135 1051 2198 vi·

98 2221 213 2285 dentur
245 2222 343 2285 etiam
375 2223 499 2305 aliquae
531 2243 622 2286 meae
648 2226 770 2307 partes:
804 2224 849 2287 sic
876 2224 964 2287 enim
991 2223 1052 2287 tibi

97 2310 266 2393 persuade,
294 2310 495 2374 carissimum
521 2314 554 2374 te
580 2311 660 2375 mihi
688 2334 757 2376 esse
790 2333 889 2395 quum
919 2315 1052 2396 propter

97 2397 216 2461 multas
240 2398 415 2462 suavitates
438 2398 574 2482 ingenii,
597 2399 705 2483 officii,
727 2399 940 2464 humanitatis
967 2405 1051 2484 tuae,

96 2487 168 2549 tum
190 2486 276 2568 quod
300 2508 338 2549 ex
359 2486 425 2549 tuis
447 2486 564 2550 litteris
588 2491 621 2550 et
643 2509 682 2551 ex
703 2489 880 2552 multorum
898 2489 1051 2552 sermoni-

96 2572 158 2637 bus
184 2573 331 2658 intelligo
360 2574 481 2657 omnia,
509 2596 590 2658 quae
618 2597 638 2639 a
664 2596 715 2639 me
742 2576 888 2659 profecta
915 2577 1052 2640 suntin

96 2663 138 2744 te,
154 2660 216 2725 tibi
235 2662 387 2726 accidisse
406 2661 602 2746 gratissima3
625 2663 711 2746 quod
730 2686 830 2746 quum
847 2664 894 2727 ita
912 2663 963 2747 sit,
981 2686 1052 2748 per·

96 2748 202 2814 ficiam
233 2751 393 2836 profecto,
429 2753 466 2813 ut
496 2751 588 2835 longi
622 2752 778 2835 temporis
809 2773 956 2837 usuram,
988 2775 1053 2837 qua

97 2838 257 2903 caruimus
280 2839 465 2903 intermissa
487 2843 601 2903 nostra
623 2840 868 2925 consuetudine,
891 2844 924 2905 et
946 2842 1052 2926 gratia

97 2927 129 2987 et
162 2927 333 2991 crebritate
366 2931 399 2990 et
434 2926 658 3011 magnitudine
691 2927 871 2993 officiorum
906 2951 1053 2994 meorum

98 3012 248 3097 sarciam,
274 3016 369 3098 idque
396 3036 462 3098 me,
491 3015 643 3098 quoniam
664 3018 702 3079 tu
724 3016 772 3080 ita
793 3017 855 3100 ris,
882 3020 961 3101 puto
974 3038 1052 3082 non

96 3098 202 3162 inrita
227 3100 374 3168 Minerva
401 3124 470 3167 esse
497 3102 671 3188 facturum,
702 3127 798 3189 quam
826 3105 956 3191 quidem
982 3125 1052 3190 ego,

97 3187 125 3252 si
143 3186 227 3252 forte
247 3190 285 3253 de
302 3192 368 3256 tuis
385 3213 562 3276 sumpsero,
584 3214 652 3256 non
670 3194 777 3258 solum
799 3189 973 3276 Παλλάδα,
996 3193 1052 3256 sed

97 3275 208 3339 etiam-
225 3269 388 3341 Ἀππιάὸα
422 3280 607 3345 nominabo.
666 3279 761 3365 Oilix,
797 3280 932 3345 libertus
967 3282 1086 3363 tuus,a

97 3367 194 3428 111111
216 3364 297 3428 mihi
318 3366 426 3432 minus
448 3368 511 3433 fuit
532 3372 643 3453 notus;
667 3370 731 3454 sed,
754 3373 791 3433 111
813 3367 893 3431 mihi
914 3366 1053 3431 reddidit

97 3474 117 3514 a
134 3457 166 3517 te
185 3453 310 3518 litteras
327 3455 442 3538 plenas
460 3460 493 3522 et
510 3458 630 3524 amoris
654 3461 688 3523 et
706 3457 819 3537 officii,
836 3453 977 3521 1111111111
988 3455 1069 3538 'inse
