2370 3878
122 151 188 215 496
404 149 441 203 Μ.
462 147 584 202 TULLII
603 146 792 203 CICERONIS

564 394 636 461 XX.

225 509 282 565 Scr.
305 510 340 564 de
358 508 500 564 Venusino
518 509 580 562 Kal.
602 506 768 564 Octobribus
787 522 811 561 a.
831 525 856 562 u
877 525 902 564 c.
923 515 990 566 ⁵10⁷.

296 631 450 699 TULLIUS
470 632 497 687 S.
515 632 547 686 D.
568 630 777 687 TERENTIAE
797 630 901 687 SUAE.
1010 671 1014 676 -

189 731 228 797 In
252 732 468 797 Tusculanum
491 753 551 797 nos
574 737 726 798 venturos
753 736 906 816 putamus
934 738 997 798 aut
1020 734 1084 801 No·

123 822 174 886 nis
189 824 246 886 aut
263 821 430 906 postridie:
453 820 498 884 ibi
518 824 555 885 ut
572 819 638 884 sint
656 820 766 884 omnia
783 823 898 904 parata
912 857 957 868 —
973 824 1082 907 plures

122 911 208 975 euim
230 910 367 975 fortasse
391 908 558 974 uobiscum
585 911 680 973 erunt
702 911 748 992 et,
770 912 806 973 ut
829 908 987 994 arbitror,
1016 913 1082 977 diu·

122 999 186 1063 tius
218 998 263 1062 ibi
295 997 563 1065 commorabimur
585 1019 640 1078 -3
670 995 798 1061 labrum
830 997 857 1061 si
884 997 920 1061 in
949 999 1081 1066 balineo

122 1108 190 1152 non
213 1090 271 1170 est,
293 1090 330 1151 ut
353 1087 408 1168 sit,
430 1087 507 1150 item
535 1088 654 1168 cetera,
682 1105 763 1168 quae
787 1087 864 1150 sunt
890 1084 932 1149 ad
957 1089 1082 1154 victum

122 1179 155 1239 et
186 1175 225 1240 ad
258 1174 473 1240 valetudinem
505 1173 692 1239 necessaria.
737 1171 828 1238 Vale.
870 1171 912 1238 Κ.
939 1171 1013 1240 Oct.
1042 1178 1081 1241 de

121 1262 298 1328 Venusino.

553 1454 640 1519 XXI.

392 1565 448 1620 Ser.
468 1582 503 1619 m.
523 1565 588 1620 Dec.
608 1583 632 1619 a.
651 1583 678 1619 u.
699 1582 721 1620 c.
742 1572 801 1622 706.

298 1687 453 1744 TULLIUS
473 1686 684 1743 TERENTIAE
704 1689 797 1744 SUAE
817 1688 843 1743 S.
863 1688 895 1744 D.
1016 1739 1018 1742 .

187 1786 427 1854 Sabaea.
463 1787 515 1852 Da
533 1809 672 1872 operam,
691 1792 728 1853 ut
746 1790 965 1871 convalescam
990 1790 1077 1875 quod

121 1898 202 1961 opus
225 1877 294 1961 erit,
316 1881 353 1942 ut
374 1897 425 1941 res
447 1881 636 1961 tempusque
659 1876 812 1961 postulat,
834 1877 1006 1962 provideas
1030 1884 1076 1959 at·

121 1987 181 2049 que
205 1965 408 2030 administres
432 1969 464 2030 et
487 1964 527 2028 ad
550 1985 600 2029 me
624 1964 662 2029 de
686 1964 834 2029 omuibus
857 1964 953 2030 rebus
977 1988 1075 2051 quam

120 2054 304 2138 saepissime
327 2053 451 2119 litteras
474 2052 592 2118 mittas.
637 2050 727 2119 Vale.
1161 2064 1164 2069 '

543 2245 648 2311 XXII.

187 2356 245 2411 Ser.
264 2357 406 2412 Brundisii
424 2357 558 2413 Kalendis
577 2357 787 2427 Septembribus
806 2372 834 2410 a-
851 2374 877 2411 u.
897 2373 921 2412 c.
942 2363 1003 2412 707.

292 2479 446 2535 TULLIUS
466 2480 492 2535 S.
511 2480 543 2534 D.
564 2471 778 2536 TERENTIAE
793 2479 894 2535 SUAE.

187 2577 217 2645 S.
232 2603 261 2645 v.
274 2580 305 2646 b.
320 2601 346 2645 e.
360 2600 386 2644 e.
404 2602 433 2643 v.
477 2577 546 2644 Nos
570 2580 712 2662 quotidie
734 2580 919 2646 tabellarios
943 2585 1072 2648 nostros
1177 2574 1182 2653 l

121 2673 355 2752 exspectamus,
383 2667 437 2751 qui
465 2667 492 2731 si
515 2668 674 2751 venerint,
701 2668 838 2733 fortasse
866 2669 985 2734 erimus
1008 2690 1073 2735 cer·

119 2756 232 2838 tiores,
264 2756 340 2839 quid
369 2754 463 2819 nobis
494 2755 677 2820 faciendum
709 2757 764 2836 sit,
795 2755 1013 2841 faciemusque
1041 2761 1073 2821 te
1174 2744 1184 2801 '3

121 2843 230 2906 statim
244 2844 419 2908 certiorem.
455 2841 683 2932 ValetudInem
696 2848 787 2909 tuam
801 2864 879 2909 cura
892 2844 1073 2930 diligenter.

119 2928 210 2994 Vale.
246 2929 286 2994 K.
309 2928 470 3015 Septemb.

191 3156 242 3227 Ep.
262 3162 303 3212 20.
327 3157 475 3224 postridie:
493 3156 534 3212 ibi
607 3162 713 3226 parata
730 3188 763 3198 -
778 3157 820 3226 pl.
893 3173 1074 3223 commor.-;

120 3228 137 3282 l.
157 3227 233 3296 (W.).
266 3243 294 3297 p.
318 3227 369 3282 Ibi
439 3242 520 3296 pam
533 3227 575 3295 pl.
595 3267 618 3281 ..
638 3242 761 3284 commor.
783 3227 817 3281 L.
836 3229 929 3300 vulgo.
967 3227 1020 3300 Ep.
1031 3234 1074 3283 21.

120 3312 141 3352 e.
161 3313 181 3352 e.
202 3297 276 3366 (W.).
317 3312 337 3353 e.
357 3297 421 3352 ΜΒ.
453 3297 608 3366 postulabit
630 3296 714 3366 (Wll
761 3296 812 3367 Ep.
832 3303 874 3352 22.
911 3313 934 3352 c.
951 3314 973 3353 c.
998 3298 1075 3367 (W.).

120 3383 142 3424 e.
162 3366 226 3420 ΜΒ.
