2370 3878
243 178 308 243 626
524 179 563 235 n
581 177 704 235 'l'Ubbll
722 177 915 237 CICERONIS

242 323 423 408 Pomponia
456 323 538 389 foris
568 327 729 389 coenaret
780 323 880 389 Dedit
910 323 991 388 milri
1033 325 1169 409 epieto

242 411 413 497 legendam
435 414 538 494 ιιιιιιιι,
564 432 663 495 qnam
684 412 793 497 paullo
820 415 896 477 ante
919 417 1112 496 acceperat,
1141 412 1185 479 A*

243 500 423 584 stephanae
445 500 542 565 mode
564 501 658 565 valde
675 498 856 565 mehercule
874 503 909 565 et
924 521 1064 565 suavem
1085 506 1122 565 et
1147 531 1158 581 ς

244 609 329 670 vem3
355 609 518 672 quaeum
545 588 717 659 admodum
746 589 952 657 delectatis„
980 587 1089 653 Dedit
1113 590 1172 655 eti

244 677 379 741 alteram
404 675 494 741 illem
520 677 613 760 mihi,
640 699 705 761 qua
730 677 823 742 iubes
849 698 922 743 eum
949 676 1032 742 mihi
1062 698 1140 742 esse
1174 724 1177 733 «

244 764 342 828 fixum
373 767 539 848 tamquam
571 765 736 850 magistro.
791 763 895 841 Quam
920 764 1016 829 illum
1047 766 1185 849 epistol

244 852 318 917 illae
344 852 559 936 delectarunt,
591 875 688 938 qnam
715 854 779 919 mel
810 853 893 917 nihil
920 873 1021 936 puero
1051 853 1115 919 ille
1140 876 1179 918 su

244 940 330 1024 vine,
361 941 442 1005 nihil
474 942 578 1006 nostri
610 941 780 1006 amantius.
828 939 918 1007 Haec
949 941 1037 1007 inter
1071 962 1171 1007 coen

204 1044 230 1083 ²0
245 1027 359 1094 'lironi
381 1029 513 1112 dicam,
540 1051 580 1094 ne
603 1030 718 1095 mirere
741 1029 806 1094 alia
826 1051 925 1095 manu
954 1049 1033 1092 ease.
1084 1030 1181 1095 Ann

244 1121 414 1202 pergratae
436 1117 563 1183 litterae
584 1120 659 1183 tuae
681 1117 823 1201 fuerunt,
846 1116 931 1202 quod
953 1120 988 1180 et
1009 1137 1149 1183 curares
1181 1149 1185 1175 ι

245 1227 278 1270 se
302 1206 473 1291 diligenter
495 1209 654 1270 ettamen
672 1206 807 1271 coneilio
826 1227 860 1270 se
878 1205 1045 1270 verissimo
1069 1207 1182 1273 iuvar

243 1293 280 1359 Ρ
303 1292 455 1359 Servilius
482 1298 575 1379 pater
601 1316 640 1359 ex
666 1294 796 1377 litteris,
823 1315 902 1378 quas
930 1293 991 1359 eibi
1018 1315 1040 1357 a
1066 1291 1168 1361 Caes

245 1383 360 1447 missas
382 1403 451 1447 esse
474 1383 609 1467 dicebat,
632 1382 794 1467 significat
779 1383 907 1447 tvalde
930 1384 962 1445 te
986 1381 1050 1446 sibi
1075 1387 1180 1469 gratu

244 1470 371 1554 fecisse,
398 1471 484 1554 quod
507 1471 545 1534 de
569 1493 627 1537 sua
654 1472 821 1537 voluntate
849 1490 926 1557 erga
949 1466 1177 1537 Caesaremb

205 1580 229 1620 ιι
245 1558 430 1625 manissime
457 1558 764 1642 diligentissimeque
794 1560 921 1631 locutus
948 1578 1045 1629 esses.
1099 1558 1178 1635 Qun

244 1645 383 1710 Romam
410 1668 448 1727 ex
474 1644 626 1730 Arpinati
652 1647 868 1731 revertissem,
895 1646 1016 1721 dictum
1043 1647 1131 1713 mihi
1161 1670 1180 1713 e

244 1732 486 1819 Hippodamum
514 1735 554 1800 ad
582 1738 616 1800 te
638 1735 820 1820 profectum
846 1755 923 1807 esse.
967 1733 1045 1799 Non
1070 1757 1177 1820 posen

246 1823 384 1889 scribere
411 1845 463 1888 me
489 1824 641 1889 mnatum
672 1844 741 1889 esse
767 1822 860 1889 illum
885 1827 954 1891 tam
979 1823 1185 1889 inhumani:

245 1911 372 1997 fecisse,
397 1916 437 1976 nt
463 1913 531 1976 sine
558 1912 638 1979 meis
663 1912 780 1977 litteris
807 1912 848 1976 ad
877 1915 911 1976 te
932 1911 1156 1995 proficisceret

245 2000 325 2064 illud
352 2001 471 2084 scribo,
497 2001 577 2065 mihi
603 2001 775 2067 molestum
803 2000 916 2083 fuirum
943 2001 1008 2063 iam
1034 2001 1174 2066 enimd

245 2089 463 2174 cogitaveram
490 2111 529 2153 ex
551 2110 603 2172 eo,
622 2089 716 2173 ,quod
743 2093 780 2153 tu
807 2088 848 2153 ad
871 2109 922 2153 me
946 2089 1140 2174 scripseras,
1161 2113 1184 2160 ιι

246 2177 372 2261 siquid
396 2182 492 2261 esset,
520 2177 606 2262 quod
633 2177 674 2241 ad
699 2181 732 2242 te
760 2176 946 2262 diligentius
972 2177 1112 2260 perferri
1141 2199 1181 2245 ve

245 2265 317 2349 lem,
338 2266 386 2331 illi
409 2266 527 2350 darem,
550 2267 636 2350 quod
659 2265 839 2331 mehercule
860 2265 948 2331 hisce
970 2265 1098 2350 tileberia
1124 2287 1180 2351 qu

245 2354 343 2438 vulgo
371 2354 412 2419 ad
443 2358 476 2419 te
503 2355 611 2438 mitto,
642 2353 725 2421 nihil
750 2353 818 2418 fere
845 2353 964 2437 scribo,
996 2354 1088 2437 quod·
1113 2355 1142 2419 si
1175 2356 1181 2367 '

245 2441 379 2507 alicuius
401 2463 516 2507 manus
533 2442 691 2526 inciderit,
712 2443 847 2509 moleste
865 2441 1036 2509 ferendum
1054 2443 1106 2511 sit
1146 2441 1181 2507 M

245 2531 341 2597 nucio
364 2553 415 2595 me
439 2534 472 2596 et
494 2528 602 2595 Salvio
625 2533 660 2594 et
680 2529 826 2596 Labeoni
851 2530 1068 2603 reservabam:
1091 2528 1185 2599 :leb

205 2644 232 2685 ιι
246 2623 303 2685 aut
324 2619 416 2687 tarde
438 2618 658 2705 proficiscetur
680 2621 737 2685 aut
758 2618 812 2683 hic
838 2618 990 2685 manebit
1034 2617 1184 2703 Hippod

245 2710 317 2773 mus
339 2730 381 2775 ne
404 2707 559 2792 numquid
582 2707 696 2771 vellem
719 2706 848 2791 quidem
870 2707 1006 2793 rogavit.
1047 2705 1184 2773 T.P11÷

245 2798 312 2860 rius
336 2796 489 2861 amabiles
517 2795 557 2860 ad
584 2817 636 2861 me
662 2794 702 2860 de
727 2799 761 2861 te
783 2796 908 2861 litteras
935 2795 1047 2861 mittit:
1078 2809 1118 2860 se
1140 2818 1184 2863 ιιι·

245 2885 329 2949 xime
356 2885 487 2968 litteris,
513 2884 728 2968 sermonibus,
755 2884 864 2949 coenis
891 2883 1028 2968 denique
1055 2884 1125 2949 tuis
1155 2885 1185 2950 d

245 2974 366 3039 lectari.
415 2972 449 3040 Is
476 2973 575 3041 homo
603 2994 728 3058 semper
758 2994 809 3037 me
837 2971 1008 3037 delectavit
1038 2971 1168 3058 fraterq

247 3063 314 3127 eius
337 3085 461 3127 mecum
480 3066 529 3127 est
515 3061 697 3127 tmultum·
720 3082 827 3146 qnare,
849 3061 898 3125 uti
915 3059 1095 3144 instituisti,
1120 3083 1185 3126 coi.

212 3153 384 3273 plectere
407 3151 650 3217 adolescentem.

205 3242 233 3332 ζ,
313 3239 406 3315 Quod
429 3241 548 3305 multos
571 3240 638 3303 dies
666 3237 873 3323 epistelam
862 3259 899 3302 ιιι
925 3194 1075 3303 manibus
1102 3235 1175 3303 hab

317 3447 469 3519 Ep.1,19.
501 3448 571 3516 foria
589 3445 777 3517 (Minutiana).
816 3446 894 3514 forus
911 3444 1125 3518 ne1.,vulgo
1166 3455 1184 3506 ο

235 3521 316 3595 quod
332 3523 360 3579 ιι·
376 3540 410 3580 ιιι
424 3520 542 3596 (vulgo)
579 3537 615 3594 q,
632 3517 756 3577 ottob
