2370 3878
331 199 591 264 EPISTULARUM
610 201 631 253 I.
651 207 674 254 8.
695 206 719 253 9.
967 199 1006 261 l'l

46 350 137 414 tibus
161 350 193 411 et
215 345 429 426 senatoribus,
451 348 629 428 ceteraque,
652 365 734 427 quae
757 343 798 406 ad
817 347 849 407 te
870 344 1008 427 pertine-

48 439 142 520 bunt,
166 456 264 520 quum
283 433 471 516 etiam'plus
481 433 759 520 contenderimus,
782 454 878 514 quam
897 454 1008 516 possu-

51 547 134 609 mus,
157 524 264 588 minus
286 526 396 586 tamen
418 521 582 605 faciemus,
605 542 702 604 quarn
725 520 885 585 debemus.

502 715 559 779 IX.

89 810 92 815 ⁴
141 829 198 886 Scr.
218 829 322 882 Romae
341 830 460 882 exeunte
478 844 573 881 mense
593 826 708 881 Octobri
727 842 752 879 a.
771 844 798 879 u.
818 843 841 880 c.
862 831 921 880 700.

230 953 267 1006 M.
287 950 414 1006 CICERO
434 949 461 1005 S.
476 950 509 1004 D.
524 950 554 1004 P.
572 948 746 1004 LENTULO
760 949 834 1004 IMP.

120 1051 340 1118 Per-iucundae
363 1050 444 1114 mihi
470 1049 603 1114 fuerunt
631 1050 757 1112 litterae
780 1052 868 1133 tuae,
896 1050 1011 1132 quibus
1033 1065 1046 1111 1

53 1142 199 1209 intellexi
218 1144 251 1205 te
274 1139 454 1224 perspicere
477 1160 582 1201 meam
604 1138 639 1201 in
660 1141 693 1200 te
711 1137 865 1220 pietatem
880 1139 1013 1221 -quid

56 1231 144 1297 enirn
167 1230 271 1294 dicam
293 1226 565 1309 benevolentiam,
588 1248 687 1310 quum
708 1226 790 1289 illud
812 1227 919 1309 ipsum
942 1248 1012 1311 gra-

55 1319 224 1384 vissimum
242 1320 275 1380 et
292 1316 529 1380 sanctissimum
542 1336 660 1379 nomen
675 1314 805 1398 pietatis
818 1315 920 1379 levius
933 1314 1012 1379 mihi

56 1405 182 1471 meritis
200 1424 277 1489 erga
299 1404 432 1468 metuis
451 1425 520 1468 esse
543 1403 711 1468 videatur?
722 1427 778 1486 -3
801 1404 887 1486 quod
906 1408 1013 1469 autem

55 1494 118 1559 tibi
142 1496 236 1578 grata
257 1514 329 1557 mea
352 1513 429 1576 erga
451 1495 484 1554 te
508 1493 614 1556 studia
638 1492 750 1555 scribis
773 1513 851 1575 esse,
873 1492 954 1555 facis
977 1497 1013 1556 tu

58 1581 188 1666 quidem
211 1581 410 1646 abundantia
433 1580 571 1663 quadam
591 1580 718 1662 amoris,
740 1583 778 1643 ut
800 1581 898 1643 etiam
921 1584 1014 1665 grata

57 1671 125 1735 sint
147 1690 198 1753 ea,
227 1691 308 1754 quae
330 1668 544 1752 praetermitti
567 1669 635 1732 sine
658 1668 787 1732 nefario
807 1669 924 1732 scelere
947 1691 1014 1733 non

57 1761 208 1844 possunt,
239 1758 300 1821 tibi
331 1761 438 1823 autem
467 1758 568 1821 multo
601 1757 710 1821 notior
737 1760 833 1841 atque
859 1757 1015 1822 illustrior

57 1869 149 1911 meus
171 1847 207 1910 in
228 1850 261 1910 te
285 1845 411 1909 animus
430 1848 523 1929 esset,
546 1845 573 1908 si
590 1846 653 1909 hoc
672 1848 816 1928 ternpore
835 1846 932 1928 omni,
951 1868 1013 1928 quo

57 1935 194 1998 diiuncti
216 1934 350 2016 fuimus,
377 1936 497 1996 etune
520 1937 553 1996 et
574 1933 697 1996 Rornae
724 1932 909 1996 fuissemus:
939 1947 1050 1997 namn

58 2024 94 2086 in
117 2044 155 2087 co
177 2023 269 2105 ipso,
290 2020 376 2102 quod
403 2023 436 2083 te
465 2020 606 2084 ostendis
636 2041 704 2085 esse
731 2020 893 2084 facturum
916 2022 1014 2103 quod-

60 2131 121 2194 que
144 2113 177 2175 et
199 2110 234 2173 in
256 2109 369 2191 primis
391 2111 484 2191 potes
508 2112 540 2171 et
562 2129 622 2193 ego
647 2112 717 2173 ate
735 2109 941 2173 vehementer
964 2132 1014 2173 ex-

37 2202 184 2282 specto,
210 2198 246 2261 in
274 2197 443 2260 sententiis
467 2197 636 2261 senatoriis
664 2198 753 2262 etin
777 2198 866 2262 omni
889 2198 1015 2262 actione

59 2289 156 2371 atque
180 2285 458 2349 administratione
485 2286 532 2349 rei
558 2281 706 2369 publicae
732 2286 950 2350 floruissemus
973 2322 1015 2332 -

59 2375 99 2438 de
122 2396 187 2459 qua
210 2373 378 2438 ostendam
401 2374 548 2456 equidem
565 2375 674 2458 paullo
697 2378 773 2458 post
791 2375 845 2458 qui
864 2374 907 2446 sit
925 2396 1016 2438 meus

58 2483 173 2526 sensus
192 2465 225 2525 et
243 2465 355 2546 status,
375 2465 407 2526 et
424 2463 598 2526 rescribam
615 2463 676 2526 tibi
694 2463 735 2527 ad
754 2484 800 2546 ea,
821 2484 902 2545 quae
922 2485 1015 2547 quae-

58 2550 104 2614 ris
117 2586 172 2634 -,
189 2549 245 2614 sed
264 2553 349 2614 certe
368 2553 401 2613 et
419 2571 480 2634 ego
498 2554 532 2614 te
551 2554 681 2614 auctore
700 2550 893 2615 amicissimo
912 2573 949 2614 ac
968 2574 1015 2614 sa-

57 2637 261 2721 pientissimo
290 2643 322 2702 et
348 2641 385 2702 tu
414 2660 465 2702 me
489 2639 671 2703 consiliario
698 2639 836 2704 fortasse
864 2660 932 2703 non
958 2639 1016 2702 im·

58 2726 266 2810 peritissimo,
297 2726 385 2790 fideli
412 2727 540 2810 quidem
568 2730 601 2791 et
627 2727 783 2792 benevolo
812 2729 913 2811 certe,
939 2749 1016 2793 usus

58 2834 145 2878 esses
169 2849 212 2861 -
236 2836 430 2898 quamquam
451 2817 510 2878 tua
536 2815 665 2898 quidem
689 2836 785 2879 eausa
811 2818 843 2878 te
867 2836 936 2879 esse
958 2816 1016 2880 im-

57 2906 242 2984 peratorem
272 2902 534 2986 provinciamque
570 2903 652 2966 bene
684 2902 784 2987 gestis
816 2902 911 2968 rebus
944 2927 1016 2969 curn

59 2990 201 3054 exercitu
224 2990 345 3054 victore
369 2990 528 3073 obtinere,
555 2993 592 3054 ut
615 2991 729 3074 debeo,
755 2992 859 3057 laetor
881 3029 938 3077 -,
961 2993 1017 3056 sed

58 3080 154 3161 certe,
172 3078 227 3162 qui
246 3078 306 3141 tibi
325 3099 364 3142 ex
382 3099 432 3141 me
451 3077 575 3142 fructus
595 3079 761 3163 debentur,
779 3101 834 3144 eos
853 3081 1016 3145 uberiores

26 3212 31 3217 -
58 3167 93 3228 ct
118 3166 371 3249 praestantiores
394 3187 546 3250 praesens
570 3188 683 3250 capere
705 3168 880 3252 potuisses,
908 3169 944 3232 in
971 3168 1016 3230 eis

127 3390 180 3463 Ep.
201 3401 226 3462 9,
241 3400 265 3447 2.
294 3393 555 3461 florensium—de
634 3396 793 3464 quoeris-,
811 3395 857 3449 sed
872 3392 947 3460 (W.).
974 3394 1015 3460 ft:

55 3462 151 3587 {inoff
153 3480 214 3588 1pl}
217 3576 222 3587 Ι
234 3464 281 3518 sed
303 3463 335 3518 B.
361 3493 395 3504 -
413 3465 630 3533 praestantiores
653 3465 725 3533 (cdd.
750 3464 854 3536 Regiil.
893 3478 1025 3533 proesen-

108 3620 219 3661 moeroris
232 3633 263 3669 ep,
277 3623 297 3664 L
447 3654 456 3673 ,
807 3634 827 3685 ιζ
