2370 3878
322 167 582 224 EPISTOLARUM
600 167 647 222 IV.
667 173 691 220 3.
712 173 737 221 4.
967 168 1008 230 97

51 336 151 399 quum
174 334 301 399 semper
323 312 560 397 probavissem,
586 315 658 376 tum
680 311 782 375 multo
811 310 915 394 magis
937 332 1010 395 pro-

51 404 127 468 bavi
148 404 240 467 lectis
263 401 328 466 tuis
350 401 505 485 proximis
528 400 658 482 litteris3
687 421 799 463 omnes
827 399 914 462 enim
937 419 1011 464 cau-

52 514 116 576 sac,
139 512 220 575 quas
243 510 490 571 commemoras,
518 488 713 553 iustissimae
737 491 815 552 sunt
835 489 955 570 tuaque
979 492 1012 551 et

52 580 244 644 auctoritate
273 582 306 642 et
332 577 505 662 prudentia
532 576 750 662 dignissimae.
797 575 890 652 Quod
918 575 1011 640 aliter

52 668 204 732 cecidisse
235 689 304 731 rem
336 667 513 750 existimas,
546 669 642 749 atque
675 664 826 748 opinatus
851 685 952 748 esses,
978 664 1011 727 id
1097 730 1100 735 ,
1163 660 1165 665 ’

52 757 112 821 ubi
135 757 225 821 nullo
248 755 345 820 modo
374 755 546 837 assentior;
574 754 642 838 sed,
670 753 746 836 quia
773 754 866 817 tanta
888 756 1011 836 pertur-

52 845 141 909 batio
174 848 208 908 et
239 843 387 908 confusio
420 846 612 925 astrorum,
643 842 691 905 ita
712 841 862 925 perculsa
884 844 917 906 et
939 863 1012 924 pro·

53 936 156 996 strata
178 931 366 996 foedissimo
389 931 474 995 bello
497 931 605 994 iacent
628 929 750 1013 omnia,
778 932 815 993 ut
841 930 870 993 is
898 929 1012 1012 cuique

53 1020 153 1102 locus,
175 1020 232 1084 ubi
254 1021 323 1103 ipse
347 1019 398 1102 sit,
422 1022 455 1081 et
478 1018 539 1083 sibi
562 1018 697 1101 quisque
720 1017 918 1081 miserrimus
942 1038 1012 1082 esse

52 1109 214 1193 videatur,
245 1111 418 1191 propterea
450 1109 483 1170 et
513 1106 562 1169 tui
590 1105 716 1169 consilii
743 1105 889 1187 poenitet
915 1109 948 1168 te
981 1109 1014 1169 et

52 1219 125 1280 nos,
148 1197 203 1281 qui
226 1196 315 1260 domi
338 1216 459 1278 sumus,
482 1193 542 1259 tibi
564 1193 652 1257 beati
666 1193 821 1278 videmur,
843 1196 878 1257 at
900 1196 1015 1258 contra

53 1285 149 1349 nobis
181 1306 249 1349 non
280 1287 318 1348 tu
334 1282 478 1366 ‚quidem
510 1303 630 1346 vacuus
654 1280 825 1365 molestiis,
857 1280 913 1346 sed
936 1303 1013 1365 prae

53 1373 150 1436 nobis
173 1373 297 1436 beatus.
334 1370 441 1455 Atque
460 1371 523 1435 hoc
541 1370 613 1455 ipso
632 1369 745 1433 melior
764 1373 814 1434 est
835 1372 893 1434 tua
916 1392 1014 1453 quarn

54 1463 169 1524 nostra
187 1459 342 1542 condicio,
360 1460 446 1543 quod
464 1463 509 1542 tu,
528 1459 604 1543 quid
619 1458 736 1542 doleat,
755 1459 892 1523 scribere
907 1458 1014 1543 audes,

54 1570 116 1613 nos
145 1569 185 1612 ne
209 1548 242 1612 id
266 1547 395 1633 quidem
422 1551 493 1613 tuto
521 1568 708 1632 possumne,
740 1568 800 1611 nec
827 1547 860 1612 id
883 1547 1014 1611 victoris

54 1637 148 1721 vitio,
181 1659 244 1720 quo
276 1637 359 1700 nihil
391 1635 601 1720 moderatius,
634 1635 690 1700 sed
721 1635 823 1720 ipsius
851 1635 1014 1718 victoriae,

56 1746 137 1808 quae
161 1725 307 1790 civilibus
330 1724 424 1788 bellis
453 1746 579 1809 semper
607 1726 658 1789 est
679 1724 832 1788 insolens.
876 1722 952 1788 Uno
981 1726 1048 1786 tea

55 1814 226 1898 vincimus,
263 1812 350 1896 quod
382 1812 421 1876 de
452 1812 611 1895 Marcelli,
642 1813 785 1896 collegae
817 1812 878 1893 tui,
911 1812 1014 1874 salute

55 1902 165 1985 paullo
190 1904 265 1964 ante
289 1921 387 1983 quam
409 1903 446 1962 tu
470 1899 690 1984 cognovimus,
713 1899 811 1962 etiam
834 1898 1015 1962 mehercule

57 1990 152 2071 quod,
171 1987 442 2070 quemadmodum
460 2007 499 2049 ca
516 2008 568 2050 res
587 1989 745 2070 ageretur,
763 1985 915 2050 vidimus:
939 2007 1015 2050 nem

58 2076 104 2139 sic
131 2075 183 2138 fac
211 2074 387 2156 existimes,
416 2078 494 2156 post
517 2074 578 2137 has
605 2074 764 2156 miserias,
790 2073 823 2138 id
851 2078 901 2138 est
927 2079 1015 2159 post

58 2184 156 2246 quam
180 2162 277 2225 armis
301 2160 473 2245 disceptari
496 2165 646 2246 coeptum
665 2165 714 2225 est
732 2162 771 2226 de
789 2162 857 2227 iure
876 2163 1015 2248 publice,

56 2251 139 2315 nihil
163 2271 232 2314 esse
256 2252 363 2314 actum
387 2249 473 2314 aliud
497 2271 570 2314 cum
593 2250 764 2336 dignitate3
791 2272 868 2315 nam
892 2252 1015 2335 etipse

57 2337 176 2404 Caesar
211 2342 361 2403 accusata
397 2338 572 2403 acerbitate
603 2337 748 2404 Marcelli
775 2377 819 2386 -
846 2339 892 2405 sic
929 2341 1016 2404 enim

58 2428 243 2512 appellabat
256 2464 299 2473 -
313 2426 507 2510 laudataque
520 2427 844 2493 honorificentissime
862 2431 895 2492 et
908 2428 1015 2512 aequi·

57 2521 124 2581 tate
151 2519 209 2580 tua
241 2520 274 2580 et
300 2516 472 2600 prudentia
498 2520 631 2600 repente
657 2520 785 2600 praeter
817 2537 907 2600 spem
935 2516 1016 2579 dixit

58 2627 92 2668 se
116 2604 242 2668 senatui
264 2604 396 2689 roganti
419 2603 457 2667 de
480 2603 633 2669 Marcello
656 2626 698 2669 ne
720 2604 862 2669 hominis
886 2602 1015 2687 quidem

58 2713 155 2757 causa
176 2696 384 2777 negaturum3
415 2691 536 2757 fecerat
567 2696 676 2757 autem
707 2693 770 2757 hoc
798 2696 943 2775 senatus,
969 2696 1015 2777 ut,

58 2802 157 2863 quum
187 2802 206 2843 a
228 2779 265 2844 L.
286 2779 405 2845 Pisone
433 2781 555 2844 mentio
579 2784 664 2845 esset
685 2779 774 2845 facta
800 2781 839 2844 de
862 2779 1015 2845 Marcello

58 2872 91 2932 et
123 2867 156 2933 C.
188 2867 361 2933 Marcellus
394 2889 428 2932 se
461 2869 502 2932 ad
529 2865 676 2933 Caesaris
707 2869 805 2953 pedes
837 2869 1015 2953 abiecisset,

57 2961 193 3021 cunctus
217 2959 427 3041 consurgeret
454 2960 487 3020 et
510 2956 551 3020 ad
573 2954 744 3022 Caesarem
772 2959 906 3042 supplex
929 2979 1015 3022 acce·

58 3044 156 3108 deret.
200 3043 278 3109 Noli
310 3064 474 3128 quaerere:
509 3043 557 3108 ita
588 3045 668 3110 mihi
699 3046 833 3130 pulcher
863 3047 917 3111 hic
947 3046 1015 3110 dies

58 3133 146 3195 visus
169 3135 228 3216 est,
250 3136 288 3196 ut
311 3132 449 3216 speciem
472 3133 613 3216 aliquam
636 3134 760 3199 viderer
787 3134 894 3200 videre
922 3133 1016 3217 quasi

59 3219 278 3284 reviviscentis
310 3220 548 3305 reipublicae.
602 3221 729 3307 Itaque,
766 3244 865 3306 quum
902 3240 1051 3290 omnes4

128 3431 179 3502 Ep.
195 3436 219 3499 4,
235 3437 259 3486 2.
292 3431 422 3498 opinatus
435 3430 591 3502 ΜΝ).
628 3447 651 3485 o.
670 3430 768 3497 sicli,
783 3430 877 3500 vulga.
910 3436 935 3483 3.
953 3428 1013 3483 airr-

63 3507 142 3557 a'mus
162 3501 256 3571 (lira).
293 3502 408 3573 ciamus
425 3501 490 3555 ΜΒ.

110 3591 222 3632 Ciceronis
235 3592 295 3640 epist.
310 3595 328 3635 I.
797 3595 814 3645 'l
