2370 3878
343 170 602 249 EPISTOLARUM
620 171 667 224 IX.
686 176 799 223 22-24.
985 169 1048 232 291

97 318 207 398 etiam3
234 317 410 381 nonenim
434 316 572 380 arbitror
596 336 707 379 cocum
736 315 833 379 etiam
856 318 888 377 te
911 313 1053 377 arthriti-

98 427 170 468 cum
192 404 320 468 habere.
369 403 531 488 Exspecta
557 404 657 487 igitur
677 403 840 486 hospitem
870 423 968 485 quum
995 403 1053 465 mi-

96 493 184 557 nime
207 493 346 576 edacem,
368 498 438 557 tum
460 492 627 555 inimicum
650 491 758 556 coenis
781 491 986 574 sumptuosis.

514 684 634 749 XXIV.

170 799 226 853 Scr.
246 798 350 853 Romae
370 800 487 852 excunte
505 814 600 851 mense
619 797 772 853 Februario
790 812 815 850 a.
835 815 861 850 u.
881 816 904 852 c.
925 803 983 850 711.

392 920 520 975 CICERO
540 919 660 974 PAETO
681 919 706 973 S.
726 921 759 974 D.

166 1021 288 1093 Rufum
306 1022 414 1102 istum,
437 1020 576 1083 amicum
593 1023 695 1102 tuum,
718 1020 756 1083 de
775 1040 839 1102 quo
857 1018 974 1082 iterum
991 1020 1056 1082 iam
1077 1034 1090 1080 1

100 1109 140 1172 ad
163 1130 214 1172 me
234 1109 356 1192 scribis,
379 1108 572 1189 adiuvarem,
596 1112 752 1191 quantum
771 1129 909 1191 possem,
931 1107 1057 1170 etiamsi

100 1198 140 1261 ab
165 1218 203 1261 eo
226 1197 332 1261 laesus
356 1216 473 1280 essem,
501 1218 599 1279 quum
622 1200 655 1260 te
677 1199 770 1260 tanto
799 1217 894 1280 opere
917 1194 1058 1259 viderem

101 1286 168 1349 eius
192 1307 290 1349 causa
312 1284 471 1367 laborare,
500 1305 599 1367 quum
627 1305 701 1349 vero
730 1287 824 1348 etex
849 1284 915 1348 tuis
941 1283 1058 1348 litteris

101 1378 134 1437 et
164 1395 202 1437 ex
233 1373 319 1436 illius
352 1373 392 1435 ad
424 1394 475 1436 me
507 1372 614 1437 missis
645 1373 826 1458 intelligam
858 1376 891 1436 et
921 1372 1058 1436 iudicem

101 1481 239 1545 magnae
263 1482 356 1524 curae
380 1461 410 1524 ei
428 1461 565 1525 salutem
585 1482 690 1526 meam
708 1461 818 1544 fuisse,
840 1483 907 1525 non
925 1482 1058 1545 possum

102 1550 137 1612 ei
153 1571 221 1614 non
249 1550 369 1613 amicus
399 1570 482 1633 esse,
508 1570 612 1633 neque
641 1552 744 1615 solum
771 1554 828 1614 tua
856 1549 1058 1614 commenda-

101 1639 198 1721 tione,
223 1660 304 1722 quac
323 1637 409 1721 apud
432 1660 492 1723 me,
514 1643 553 1702 ut
571 1638 674 1722 debet,
691 1640 779 1703 valet
796 1638 980 1722 plurimum,
1003 1636 1058 1701 sed

103 1726 199 1790 etiam
231 1728 399 1791 voluntate
431 1748 469 1790 ac
499 1727 617 1791 iudicio
650 1748 731 1792 meo.
790 1726 876 1791 Volo
909 1726 996 1789 enim
1027 1729 1059 1789 te

103 1815 195 1899 scire,
226 1815 272 1878 mi
298 1814 411 1898 Paete,
442 1815 571 1878 initium
598 1815 680 1878 mihi
707 1813 899 1897 suspicionis
927 1817 960 1876 et
987 1835 1059 1875 cau-

102 1903 201 1966 tionis
225 1905 258 1966 et
280 1902 466 1986 diligentiae
488 1901 589 1964 fuisse
611 1902 736 1965 litteras
759 1906 847 1983 tuas,
871 1901 987 1984 quibus
1009 1900 1060 1962 lit·

103 1990 181 2053 teris
214 1993 429 2074 congruentes
456 1990 591 2053 fuerunt
621 1990 702 2052 aliae
731 1993 846 2072 postea
873 1990 1060 2052 multorum:
1165 2004 1168 2009 ·

103 2099 181 2141 nam
209 2081 242 2141 et
268 2077 390 2160 Aquini
418 2080 451 2140 et
477 2075 682 2141 Fabrateriae
715 2077 850 2142 consilia
878 2081 954 2140 sunt
979 2076 1061 2140 inita

104 2167 143 2230 de
167 2187 233 2248 me,
260 2186 342 2248 quae
369 2167 401 2228 te
415 2165 521 2230 ,video
545 2166 721 2249 inaudisse,
748 2169 793 2249 et,
821 2167 912 2249 quasi
939 2166 1060 2229 divina·

104 2257 186 2336 rent,
209 2275 306 2338 quarn
328 2254 368 2317 iis
392 2254 547 2318 molestus
570 2276 673 2323 essem
695 2254 837 2337 futurus,
864 2254 946 2318 nihil
974 2254 1061 2318 aliud

105 2346 254 2427 egerunt,
286 2342 349 2405 nisi
376 2364 427 2405 me
460 2346 497 2406 ut
524 2343 755 2426 opprimerent,
788 2344 874 2426 quod
901 2364 961 2427 ego
994 2364 1062 2407 non

105 2431 273 2514 suspicans
305 2431 465 2495 incautior
496 2431 642 2515 fuissem,
674 2432 736 2494 nisi
767 2453 786 2494 a
813 2434 845 2495 te
878 2431 1061 2495 admonitus

105 2540 222 2601 essem3
245 2519 454 2602 quamobrem
476 2519 537 2583 iste
560 2523 635 2584 tuus
658 2521 780 2583 amicus
800 2519 885 2603 apud
908 2541 959 2582 me
978 2540 1062 2582 com·

105 2607 310 2672 mendatione
329 2629 397 2672 non
415 2612 497 2692 eget.
534 2608 668 2673 Utinam
687 2630 726 2672 ea
743 2608 876 2673 fortuna
894 2607 940 2670 rei
958 2604 1062 2690 publi-

106 2716 162 2760 cae
186 2697 241 2780 sit,
263 2700 301 2759 ut
322 2696 376 2760 ille
399 2697 546 2774 'ameum
569 2697 790 2781 gratissimum
817 2695 921 2779 possit
944 2715 1062 2779 cogno·

107 2787 206 2848 scere!
259 2782 321 2848 Sed
351 2784 432 2848 haec
463 2784 628 2849 hactenus.
682 2784 727 2848 re
760 2785 800 2848 ad
833 2804 949 2848 coenas
981 2784 1097 2851 itarea

107 2873 226 2937 desisse
254 2874 388 2936 moleste
415 2872 499 2955 fero,
526 2893 647 2957 magna
674 2873 760 2936 enim
786 2875 819 2936 te
852 2871 1062 2936 delectatione

106 2965 140 3024 et
162 2962 327 3044 voluptate
350 2961 501 3044 privasti3
528 2960 640 3024 deinde
664 2960 762 3025 etiam
789 2982 900 3026 vereor
923 2999 966 3007 -
989 2962 1065 3025 licet

107 3049 193 3113 enim
216 3071 327 3114 verum
350 3049 454 3112 dicere
478 3085 535 3132 -,
557 3070 598 3111 ne
621 3049 729 3113 nescio
754 3049 830 3132 quid
857 3050 950 3131 illud,
978 3048 1064 3131 quod

108 3138 248 3222 solebas,
284 3137 430 3201 dediscas
462 3141 496 3201 et
527 3136 729 3222 obliviscare,
762 3138 913 3202 coenulas
945 3137 1064 3217 facere3

178 3364 229 3434 Ep.
249 3371 292 3432 24,
309 3372 331 3418 1.
368 3365 414 3420 ille
432 3369 450 3430 †
467 3381 554 3419 meam
573 3366 647 3432 (W.).
693 3366 740 3420 ille
763 3381 803 3419 mc
829 3364 896 3432 (W.)
920 3363 969 3415 aut
986 3363 1005 3416 ὁ.
1024 3377 1065 3416 me

106 3452 193 3489 arcum
212 3435 264 3502 (B.)
284 3436 333 3488 aut
350 3436 369 3488 a'.
388 3452 429 3490 me
442 3437 562 3490 omnium
577 3435 643 3505 (W.)
663 3438 714 3490 aut
730 3436 750 3490 ί.
769 3451 811 3490 roc
828 3435 924 3491 utram
936 3433 1008 3502 Q
1024 3433 1082 3485 aut

106 3507 125 3560 i.
140 3522 181 3560 me
192 3507 324 3560 bominem
338 3505 412 3575 (W).
441 3513 465 3562 a.
480 3507 606 3578 privasti
611 3529 622 3576 ;
636 3509 662 3566 d.
678 3509 759 3580 (W).
792 3525 839 3580 or.
864 3505 980 3563 Demade
992 3503 1100 3570 amaa

818 3600 881 3657 lb*
