2370 3878
293 150 555 234 EPISTOLARUM
574 148 634 206 nv.
655 157 766 206 19-11.
946 151 1012 214 529

55 298 161 381 rebus,
183 297 221 362 de
243 299 314 362 toto
337 296 523 448 negotip,u
501 295 738 360 utexistimare
757 295 928 379 possimus,
948 317 1011 379 quo

55 389 143 451 statu
166 386 276 450 simus:
300 405 361 470 ego
384 387 457 448 ttan
457 406 512 448 um
533 405 584 447 me
603 384 682 448 scire
701 384 833 469 putabo,
856 386 957 468 quant
957 405 1013 447 um

56 496 94 539 ex
117 474 179 538 tuis
201 472 318 537 litteris
340 461 467 537 habebo
496 471 607 556 cognit
607 494 671 535 um.
716 470 877 556 Oura,ut
862 473 1012 537 tvaleas

55 584 167 646 meque
191 583 278 663 ames
302 582 410 626 amore
433 560 527 624 illut
471 564 569 624 otuo
594 559 758 645 singulari.
1113 568 1116 573 '

489 752 578 818 XXI.

54 867 111 921 Sor.
131 867 236 920 Romae
254 867 320 935 post
337 865 399 919 Kal.
418 864 478 920 Oct.
499 867 603 932 (mense
621 863 797 932 Decembri?)
817 866 886 919 asu.
907 883 930 920 c.
951 873 1008 921 707.

257 988 294 1041 M.
315 987 443 1043 CICERO
463 987 491 1042 S.
510 987 543 1042 D.
563 987 591 1042 O.
610 985 804 1042 TREBONIO.

122 1087 167 1152 Et
188 1088 358 1172 epistolam
377 1090 467 1152 tuam
484 1088 550 1172 legi
566 1086 706 1151 libenter
724 1089 757 1151 et
774 1087 892 1151 librum
910 1087 1010 1152 liben·
1031 1099 1044 1146 1

53 1178 191 1259 tissime,
223 1176 278 1240 sed
308 1178 417 1240 tamen
449 1177 484 1240 in
516 1197 554 1240 ea
584 1175 750 1259 voluptate
783 1174 870 1239 hunc
903 1177 1010 1261 accepi

55 1266 207 1348 dolorem,
231 1263 326 1348 quod,
349 1286 447 1348 quum
465 1262 662 1328 incendisses
681 1263 889 1346 cupiditatem
907 1285 1011 1328 meam

54 1351 296 1419 consuetudinis
316 1351 482 1437 augendae
505 1355 636 1418 nostrae
651 1387 692 1396 -
707 1373 783 1416 nam
806 1351 846 1416 ad
870 1373 1012 1416 amorem

55 1442 184 1525 quidem
211 1441 293 1504 nihil
319 1444 448 1525 poterat
475 1441 624 1504 accedere
647 1477 704 1523 -,
730 1442 800 1504 tum
827 1438 963 1504 discedis
991 1463 1011 1504 a

54 1527 148 1594 nobis
171 1550 286 1612 meque
309 1532 402 1595 tantu
427 1528 583 1593 desiderio
607 1528 722 1611 afficis,
750 1532 788 1592 ut
810 1550 909 1593 unam
931 1529 1010 1593 mihi

55 1617 310 1682 consolationem
331 1618 504 1701 relinquas,
525 1618 595 1683 fure
618 1620 655 1681 ut
674 1617 840 1700 utriusque
863 1621 1011 1681 nostrum

55 1706 197 1770 absentis
221 1706 414 1791 desiderium
434 1706 552 1771 crebris
571 1709 604 1770 et
620 1705 728 1789 longis
749 1705 893 1788 epistolis
911 1706 1010 1768 lenia-

54 1799 119 1859 tur:
145 1793 230 1876 quod
254 1815 314 1878 ego
338 1815 406 1858 non
428 1795 523 1858 modo
548 1793 586 1856 de
609 1814 659 1855 me
678 1792 738 1855 tibi
758 1791 915 1876 spondere
937 1813 1010 1875 pos·

55 1905 135 1965 sum,
158 1880 213 1945 sed
237 1880 275 1944 de
298 1885 330 1945 te
354 1882 453 1946 etiam
474 1881 568 1961 mihi3
594 1880 718 1944 nullam
741 1881 827 1943 enim
850 1879 935 1963 apud
959 1901 1010 1944 me

54 1969 212 2052 reliquisti
235 1968 479 2052 dubitationem,
502 1971 658 2052 quantum
675 1988 725 2031 me
747 1988 879 2031 amares
915 1965 1044 2052 Nam,2

54 2062 92 2122 ut
119 2057 175 2121 illa
204 2057 365 2140 omittam,
393 2078 473 2141 quae
501 2056 629 2120 civitate
656 2058 739 2120 teste
765 2055 885 2139 fecisti,
912 2077 1010 2139 quum

53 2167 180 2211 mecum
203 2145 388 2210 inimicitias
416 2143 705 2226 communicavisti,
732 2165 831 2227 quum
858 2164 908 2207 mo
935 2166 1010 2209 con-

54 2233 201 2299 cionibus
215 2233 280 2296 tuis
295 2232 475 2317 defendisti,
494 2254 593 2316 quum
612 2235 763 2315 quaestor
780 2231 814 2295 in
829 2254 900 2296 mea
914 2236 1009 2317 atque

54 2323 88 2385 in
112 2321 241 2404 publica
265 2342 361 2385 causa
384 2322 553 2386 consulum
575 2322 683 2404 partes
707 2320 888 2404 suscepisti,
911 2342 1011 2404 quum

52 2409 185 2474 tribuno
208 2409 311 2493 plebis
335 2412 486 2493 quaestor
503 2430 572 2474 non
590 2407 735 2492 paruisti,
757 2408 808 2472 cui
826 2411 901 2472 tuus
919 2430 1010 2492 prae·

55 2497 166 2562 sertim
190 2497 313 2582 collega
335 2500 476 2582 pareret,
499 2500 536 2561 ut
557 2496 637 2562 haec
659 2497 814 2577 recentia,
842 2518 922 2578 quae
946 2518 1009 2561 me·

54 2586 177 2651 minero
202 2607 335 2670 semper,
358 2586 541 2669 obliviscar,
569 2607 650 2669 quae
677 2588 735 2650 tua
762 2583 942 2649 sollicitudo
971 2584 1009 2648 de

55 2696 105 2738 me
132 2675 167 2738 in
195 2675 306 2758 aruris,
338 2697 419 2758 quae
448 2673 573 2739 laetitia
604 2674 640 2736 in
666 2672 784 2755 reditu,
811 2692 892 2755 quae
925 2693 1009 2756 cura,

54 2762 110 2845 qui
133 2762 237 2844 dolor,
265 2785 364 2845 quum
392 2763 432 2826 ad
459 2766 492 2825 te
516 2783 610 2825 curae
639 2765 671 2825 et
696 2759 822 2826 dolores
850 2760 913 2824 mei
939 2782 1009 2844 per·

54 2850 229 2930 ferrentur,
255 2848 464 2912 Brundisium
487 2848 623 2931 denique
646 2852 678 2912 te
702 2848 815 2912 adme
838 2852 1009 2913 venturum

54 2934 168 3019 fuisse,
195 2936 258 2998 nisi
285 2936 391 3000 subito
419 2935 454 2998 in
481 2935 674 3019 Hispaniam
700 2936 816 3000 missus
844 2958 943 3021 esses,
967 2974 1008 2982 —-

55 3025 92 3086 ut
122 3022 202 3086 haec
233 3022 332 3107 igitur
369 3023 530 3106 omittam,
567 3044 648 3106 quae
682 3023 762 3088 mihi
796 3025 881 3088 tanti
916 3025 1009 3088 aesti-

55 3110 174 3175 manda
188 3113 273 3193 sunt,
291 3111 405 3194 quanti
423 3110 523 3176 vitam
537 3111 671 3176 aestimo
691 3115 724 3175 et
742 3113 878 3176 salutem
895 3133 1009 3196 meam,

54 3198 136 3262 liber
158 3199 228 3282 iste,
251 3219 346 3283 quem
368 3199 448 3264 mihi
471 3198 594 3284 misisti,
617 3203 772 3284 quantam
789 3199 889 3262 habet
906 3199 1009 3263 declu-

125 3406 176 3477 ap.
195 3412 277 3474 21‚2.
309 3413 429 3477 pareret,
446 3413 516 3465 11..
528 3408 626 3476 perf,
644 3406 741 3462 Br...
752 3420 901 3472 .,-11111
866 3411 989 3463 -,11..

52 3449 977 3547 11111111,1.(117.)1;11..1Β11111111111

106 3565 168 3605 01'001
181 3566 325 3614 aucupen
770 3569 809 3618 ‘tt
