2370 3878
385 159 643 215 urrsromauu
661 132 734 215 ruv'.
755 167 849 216 r-ra
1027 161 1091 224 491

596 373 635 440 X.

229 487 287 543 Scr.
307 487 449 543 Brundisii
466 487 528 542 VII.
547 487 613 542 Idus
633 485 785 552 Quinctiles
805 502 876 541 au.
896 503 918 542 c.
939 491 999 542 ⁷07.

281 665 283 671 ,
311 610 466 667 TULLIUS
486 611 513 666 S.
532 610 565 665 D.
584 609 795 666 TERENTIAE
815 610 916 666 SUAE.

204 709 289 787 Quid
315 711 385 776 fieri
412 712 568 795 placeret,
596 711 708 798 scripsi
736 711 776 775 ad
802 710 1018 796 Pomponium
1048 734 1095 777 se·

136 799 204 863 rius
219 820 317 882 quum
333 799 490 883 oportuit:
514 821 587 864 cum
607 821 644 865 ee
663 800 691 864 si
708 800 816 865 locuta
835 801 906 884 eris,
924 802 1096 886 intelliges,

136 887 215 970 quid
237 887 307 951 fieri
329 888 442 971 velim,
466 889 607 973 apertius
632 889 741 972 scribi,
764 890 918 972 quoniam
940 890 980 954 ad
1003 890 1095 955 illum

137 975 342 1059 scripseram,
369 996 499 1041 necesse
526 998 595 1042 non
623 977 694 1040 fuit.
739 975 788 1040 De
812 998 849 1041 ea
872 998 906 1041 re
929 981 962 1041 et
984 977 1023 1041 de
1047 999 1095 1041 ce-

136 1063 214 1128 teris
238 1063 334 1128 rebus
358 1065 618 1149 quamprimum
640 1065 737 1129 velim
758 1065 853 1129 nobis
876 1065 1000 1129 litteras
1023 1066 1096 1129 rnit·

136 1156 197 1214 tas.
237 1149 464 1218 Valetudinem
487 1157 577 1217 tuam
601 1174 677 1218 eura
700 1152 880 1238 diIIgenter.
911 1152 1002 1218 Vale.
1038 1171 1095 1219 vn.

136 1236 214 1303 Idus
238 1237 423 1315 Quinctiles.

588 1419 644 1485 XI.

233 1531 289 1586 Ser.
309 1534 452 1588 Brundisii
470 1533 556 1589 XVII.
575 1533 637 1588 Kal.
657 1533 788 1599 Quinctil.
809 1549 833 1588 a.
852 1551 879 1588 u.
899 1549 922 1590 c.
942 1539 1002 1590 207.

314 1655 470 1712 TULLIUS
490 1658 516 1712 S.
536 1658 568 1713 D.
588 1657 800 1714 TERENTIAE
820 1658 922 1715 SUAE.

206 1753 237 1820 S.
261 1778 289 1819 v.
312 1756 343 1820 b.
365 1777 391 1820 e.
415 1778 440 1820 e.
463 1780 492 1822 v.
529 1757 636 1822 Tullia
662 1762 776 1823 nostra
798 1760 888 1824 venit
911 1759 1024 1824 adme
1048 1781 1095 1843 pr.

138 1842 216 1907 Idus
239 1842 324 1926 Iun,
347 1844 437 1908 euius
462 1866 586 1909 summa
608 1847 726 1910 virtute
750 1849 783 1910 et
805 1847 962 1931 singulari
982 1848 1095 1912 huma·

137 1932 241 1995 nitate
274 1932 420 2017 graviore
452 1932 549 1996 etiam
582 1954 653 1997 sum
681 1933 790 1998 dolore
823 1935 955 1998 affectus
982 1939 1095 1999 nostra

138 2018 261 2084 factum
290 2040 359 2083 esse
386 2020 599 2105 negligentia,
625 2024 662 2086 ut
688 2022 785 2106 lenge
813 2021 876 2085 alia
902 2021 1095 2088 infortuna

138 2111 232 2191 esset,
256 2110 352 2191 atque
368 2108 443 2173 eius
461 2109 565 2192 pietas
584 2131 621 2175 ac
641 2109 782 2195 dignitas
802 2110 997 2193 postulabat.
1028 2109 1094 2175 No·

138 2195 189 2259 bis
213 2197 340 2261 eratin
367 2198 475 2261 animo
499 2195 685 2264 Ciceronem
708 2197 748 2261 ad
771 2195 941 2262 Caesarem
967 2199 1094 2263 mittere

138 2285 268 2347 etcum
291 2306 328 2350 eo
353 2282 411 2350 On.
430 2283 630 2350 Sallustium:
654 2287 682 2350 si
703 2285 867 2370 profectus
887 2287 955 2371 erit,
977 2288 1094 2352 faciam

138 2374 171 2432 te
204 2372 380 2436 certiorem.
425 2372 654 2438 Valetudinem
685 2376 775 2439 tuam
807 2395 883 2440 cura
915 2376 1094 2461 diligenter.

138 2457 229 2524 Vale.
256 2478 337 2524 xvn.
360 2460 399 2524 K.
423 2458 608 2536 Quinctiles.

575 2654 649 2721 XII.

233 2765 289 2819 Ser.
309 2765 452 2820 Brundisii
469 2765 541 2835 prid.
560 2767 632 2822 Non.
651 2767 832 2823 Novembsa.
851 2785 877 2822 u.
897 2784 920 2822 e.
941 2773 1000 2822 706.

94 2946 118 2983 ι
315 2888 472 2942 TULLIAE
492 2888 704 2944 TERENTIAE
724 2889 817 2946 SUAE
837 2891 863 2946 S.
882 2891 915 2946 D.

205 2982 297 3059 Quod
320 3007 380 3050 nos
393 2980 438 3050 'in
456 2987 584 3054 Italiam
603 2989 708 3054 salvos
726 2991 852 3055 venisse
871 2992 1001 3077 gaudes,
1022 3012 1092 3074 per·

137 3074 234 3155 petuo
263 3073 403 3158 gaudeas
431 3076 540 3158 velim,
568 3076 623 3141 sed
649 3078 830 3161 perturbati
857 3079 966 3145 dolore
993 3079 1093 3143 animi

136 3160 327 3245 magnisque
350 3162 475 3227 iniuriis
498 3168 606 3230 metuo
629 3185 670 3229 ne
697 3166 730 3230 id
753 3167 878 3231 consilii
906 3168 1093 3251 ceperimus,

137 3248 223 3331 quod
246 3270 314 3313 non
337 3249 431 3314 facile
454 3252 612 3336 explicare
639 3253 809 3337 pessimus.
855 3253 968 3337 Quare,
992 3275 1092 3337 quan·

206 3420 258 3491 Ep.
279 3429 320 3478 10.
357 3424 452 3490 velim
470 3428 593 3495 apertius
611 3426 685 3496 (W.).
722 3443 746 3482 e.
774 3426 829 3495 Ap.
849 3426 943 3497 vulgo.
980 3426 1032 3497 Ep.
1049 3433 1090 3484 11.

134 3507 195 3545 ee.
216 3493 291 3560 (Ν).
327 3509 347 3548 e.
367 3494 430 3549 ΜΒ.
517 3515 522 3524 ·
