2370 3878
134 132 199 197 488
417 129 453 184 Μ.
474 127 596 183 TULLII
613 126 804 183 CICERONIS

131 298 198 342 uno
230 278 264 339 et
294 273 444 338 vicesimo
476 272 540 354 die,
573 291 648 336 sane
680 274 819 338 strenue.
864 274 987 360 Accepi
1021 282 1094 344 tuas

131 366 264 445 litteras,
283 360 398 446 quibus
417 359 559 424 intellexi
578 360 734 443 tererem,
752 381 793 425 ne
813 364 997 446 superiores
1013 367 1093 431 mihi

130 452 272 518 redditae
295 469 362 514 non
381 450 500 514 essent:
524 467 635 512 omnes
654 451 730 513 sunt
747 447 890 515 redditae
909 451 1092 538 diligentis·
1132 494 1135 499 ·

132 541 272 622 simeque
305 541 378 601 ate
409 536 587 621 perscripta
618 540 695 601 sunt
726 537 846 622 omnia,
878 537 976 624 idque
1010 543 1091 608 mihi

131 626 349 715 gratissimum
371 624 443 690 fuit.
487 622 600 708 Neque
619 645 690 689 sum
713 625 889 692 admiratus
911 624 1000 694 hanc
1026 631 1091 715 epi·

130 716 261 797 stolam,
288 734 385 798 quam
411 712 549 778 Acastus
573 713 695 796 attulit,
722 713 852 779 brevem
877 713 994 799 fuisse3
1024 719 1090 783 iam

130 804 217 868 enim
238 802 418 887 meipsum
446 802 611 885 exspectas
634 799 700 866 sive
723 822 784 867 nos
805 803 909 887 ipsos,
939 805 995 889 qui
1021 809 1088 890 qui·

130 892 203 957 dem
225 912 322 975 quam
344 891 484 975 primum
507 889 547 953 ad
570 910 627 953 vos
649 890 758 955 venire
780 891 935 976 cupimus,
959 893 1032 976 etsi,
1054 896 1089 958 in

130 1001 227 1064 quam
258 1000 325 1045 rem
356 978 519 1063 publicam
547 976 727 1062 veniamne,
753 978 914 1065 intellig03
947 984 1088 1067 cognovi

130 1070 215 1134 enim
243 1090 282 1134 ex
304 1067 480 1133 multomm
508 1067 683 1131 amicorum
709 1065 839 1150 litteris,
871 1089 951 1152 quas
975 1070 1089 1135 attulit

128 1157 277 1240 Acastus,
299 1155 340 1220 ad
363 1176 453 1219 arma
474 1174 543 1219 rem
566 1156 717 1238 spectare,
740 1158 777 1219 ut
799 1154 887 1239 mihi,
910 1177 1012 1240 quum
1036 1179 1088 1222 ve·

128 1267 220 1328 nem,
252 1244 451 1310 dissimulare
483 1263 550 1307 non
581 1241 688 1325 liceat,
720 1242 796 1326 quid
829 1243 982 1328 sentiam3
1022 1244 1089 1329 sad,

129 1334 282 1418 qnoniam
309 1330 475 1397 subeunda
500 1330 633 1396 fortuna
660 1333 721 1413 est,
753 1351 790 1396 eo
814 1331 908 1396 citius
935 1332 1089 1398 dabimus

129 1443 259 1505 operam
281 1424 319 1485 ut
341 1420 519 1502 veniamus,
547 1440 610 1502 quo
632 1418 758 1484 facilius
787 1418 825 1483 de
852 1423 922 1486 tota
950 1442 984 1485 re
1008 1421 1087 1486 deli-

128 1510 286 1574 beremus.
323 1505 372 1571 Tu
387 1507 491 1589 velim,
510 1506 595 1590 quod
614 1505 781 1572 commodo
795 1506 989 1572 valetudinis
1008 1511 1086 1574 tuae

128 1597 198 1679 fiat,
230 1616 327 1680 quam
353 1595 540 1679 longissime
567 1595 702 1679 poteris,
733 1594 861 1660 obviam
887 1595 983 1661 nohis
1010 1619 1086 1680 pro·

93 1684 214 1748 adeas.
250 1683 299 1749 De
321 1682 498 1748 hereditate
520 1681 676 1747 Preciana
689 1718 731 1730 -
746 1703 827 1768 quae
851 1683 981 1766 quidem
1003 1685 1086 1749 mihi

128 1793 248 1864 magno
271 1772 374 1838 dolori
397 1774 458 1855 est3
481 1769 573 1835 valde
597 1770 682 1835 enim
703 1770 796 1836 illum
818 1771 924 1837 amavi
947 1808 1004 1856 —,
1029 1773 1086 1837 sed

127 1860 190 1927 hoo
217 1861 312 1927 velim
340 1880 444 1926 cures:
477 1860 504 1924 si
531 1859 637 1924 auctio
670 1862 745 1923 ante
773 1880 880 1924 meum
908 1859 1086 1925 adventum

127 1949 192 2034 fiet,
214 1954 251 2016 ut
263 1948 461 2034 Pomponius
480 1951 545 2031 aut,
565 1947 592 2012 si
610 1946 638 2011 is
655 1947 762 2012 minus
779 1947 908 2032 poterit,
927 1944 1087 2013 Camillus

128 2043 275 2104 nostrum
289 2037 456 2124 negotium
470 2039 570 2101 curat:
593 2055 662 2118 nos,
681 2055 780 2118 quum
798 2035 878 2099 salvi
892 2036 1088 2119 venerimus,

127 2127 251 2210 reliqua
272 2147 331 2211 per
353 2146 413 2190 nos
436 2144 581 2209 agamus3
604 2123 655 2187 sin
676 2126 713 2187 tu
734 2121 801 2187 iam
814 2122 919 2188 Roma
936 2123 1088 2206 profecta

129 2214 204 2296 eris,
235 2217 345 2278 tamen
376 2211 516 2294 curabis,
547 2214 584 2276 ut
609 2210 671 2275 hoo
698 2210 744 2274 ita
771 2208 837 2276 fiat.
881 2208 964 2294 Nos,
996 2211 1023 2274 si
1052 2211 1088 2275 di

129 2300 341 2383 adiuratum,
363 2299 489 2365 circiter
510 2298 587 2364 Idus
609 2296 809 2363 Novembres
835 2298 871 2362 in
893 2295 990 2361 Italia
1014 2319 1088 2382 spe·

128 2409 248 2453 ramus·
264 2388 342 2453 fore.
387 2385 469 2471 Vos,
500 2408 572 2453 mea
603 2385 793 2451 suavissima
820 2390 853 2452 et
880 2386 1088 2470 optatissima

129 2475 293 2560 Terentia,
321 2475 347 2540 si
369 2495 431 2539 nos
454 2475 582 2555 amatis,
612 2478 720 2539 curate
743 2477 781 2539 ut
802 2473 946 2539 valeatis.
991 2472 1089 2539 Vale.

127 2564 267 2630 Athenis
291 2585 318 2628 a.
342 2562 370 2627 d.
393 2577 449 2626 xv.
471 2560 543 2626 Kal.
565 2558 722 2626 Novemb.

198 2788 250 2860 Ep.
266 2794 281 2845 5
307 2796 329 2843 1.
358 2787 496 2858 intelliym
513 2787 626 2858 copaovi
640 2828 646 2841 .
658 2829 664 2840 .
677 2828 682 2840 .
696 2789 825 2852 acutiam
843 2786 890 2842 sed
907 2785 980 2912 (Ἥ.
1019 2786 1088 2841 iat..-

128 2877 151 2916 c.
171 2899 195 2913 ..
214 2875 235 2915 s.
272 2830 327 2914 Ced
344 2858 374 2912 B.
395 2887 428 2898 -
447 2871 476 2913 eo
494 2872 515 2912 r.
535 2859 560 2912 d.
580 2858 689 2928 operam
706 2862 738 2912 ct
755 2856 832 2925 (WI.v
866 2871 896 2913 co
914 2872 935 2912 c.
976 2870 1037 2922 .o.‚
1054 2862 1089 2912 ut

128 2931 222 3001 vulgo.
260 2933 283 2982 2.
314 2927 452 2984 Preciana
471 2957 503 2968 -
523 2944 592 2996 puae
672 2932 723 2992 est;
741 2925 819 2983 valde
838 2926 914 2995 (WI.
952 2925 996 2991 P.,
1014 2944 1039 2995 q.
1061 2968 1087 2980 ..

129 3005 218 3126 esta?
228 3015 260 3126 ἆ).
275 2998 327 3124 {u}
336 3013 382 3123 1⁰1
393 2999 567 3138 ῖᾞοῗῗρῑεαείε.
604 2997 679 3056 Vale.
699 2996 766 3068 (ld).
801 3012 826 3053 a.
842 2995 945 3069 [Vola]
960 2994 1045 3065 Crat,
1054 2995 1089 3051 B.
