<?xml version="1.0" encoding="UTF-8"?>
<!DOCTYPE html PUBLIC "-//W3C//DTD XHTML 1.0 Transitional//EN"
    "http://www.w3.org/TR/xhtml1/DTD/xhtml1-transitional.dtd">
<html xmlns="http://www.w3.org/1999/xhtml" xml:lang="en" lang="en">
 <head>
  <title>
</title>
<meta http-equiv="Content-Type" content="text/html;charset=utf-8" />
  <meta name='ocr-system' content='tesseract 3.04.00' />
  <meta name='ocr-capabilities' content='ocr_page ocr_carea ocr_par ocr_line ocrx_word'/>
</head>
<body>
  <div class='ocr_page' id='page_1' title='image "./epistolae00cicegoog_0261.png"; bbox 0 0 2370 3878; ppageno 0'>
   <div class='ocr_carea' id='block_1_1' title="bbox 190 174 858 242">
    <p class='ocr_par' dir='ltr' id='par_1_1' title="bbox 190 174 858 242">
     <span class='ocr_line' id='line_1_1' title="bbox 190 174 858 242; baseline -0.015 0"><span class='ocrx_word' id='word_1_1' title='bbox 190 177 256 242; x_wconf 79' lang='grc'><strong>250</strong></span> <span class='ocrx_word' id='word_1_2' title='bbox 471 176 508 229; x_wconf 92' lang='lat' dir='ltr'><strong>M.</strong></span> <span class='ocrx_word' id='word_1_3' title='bbox 528 175 650 231; x_wconf 83' lang='lat' dir='ltr'>TULLII</span> <span class='ocrx_word' id='word_1_4' title='bbox 669 174 858 232; x_wconf 79' lang='lat' dir='ltr'>CICERONIS</span> 
     </span>
    </p>
   </div>
   <div class='ocr_carea' id='block_1_2' title="bbox 148 320 1144 1996">
    <p class='ocr_par' dir='ltr' id='par_1_2' title="bbox 148 320 1144 1996">
     <span class='ocr_line' id='line_1_2' title="bbox 188 320 1144 409; baseline 0.002 -22"><span class='ocrx_word' id='word_1_5' title='bbox 188 321 373 404; x_wconf 73' lang='lat' dir='ltr'><strong>clamitavit,</strong></span> <span class='ocrx_word' id='word_1_6' title='bbox 391 323 436 404; x_wconf 90' lang='lat' dir='ltr'><strong>ut,</strong></span> <span class='ocrx_word' id='word_1_7' title='bbox 452 327 480 389; x_wconf 90' lang='lat' dir='ltr'><strong>si</strong></span> <span class='ocrx_word' id='word_1_8' title='bbox 500 320 580 384; x_wconf 89' lang='lat' dir='ltr'><strong>mihi</strong></span> <span class='ocrx_word' id='word_1_9' title='bbox 598 321 633 385; x_wconf 92' lang='lat' dir='ltr'><strong>in</strong></span> <span class='ocrx_word' id='word_1_10' title='bbox 651 321 786 404; x_wconf 85' lang='lat' dir='ltr'><strong>pecunia</strong></span> <span class='ocrx_word' id='word_1_11' title='bbox 804 322 911 386; x_wconf 90' lang='lat' dir='ltr'><strong>minus</strong></span> <span class='ocrx_word' id='word_1_12' title='bbox 926 323 1144 409; x_wconf 67' lang='lat' dir='ltr'><strong>satisfecisset,</strong></span> 
     </span>
     <span class='ocr_line' id='line_1_3' title="bbox 187 409 1144 495; baseline 0.003 -21"><span class='ocrx_word' id='word_1_13' title='bbox 187 410 342 495; x_wconf 87' lang='lat' dir='ltr'><strong>perhanc</strong></span> <span class='ocrx_word' id='word_1_14' title='bbox 357 409 496 492; x_wconf 88' lang='lat' dir='ltr'><strong>speciem</strong></span> <span class='ocrx_word' id='word_1_15' title='bbox 510 410 681 473; x_wconf 73' lang='lat' dir='ltr'><strong>simultatis</strong></span> <span class='ocrx_word' id='word_1_16' title='bbox 696 431 769 473; x_wconf 90' lang='lat' dir='ltr'><strong>eum</strong></span> <span class='ocrx_word' id='word_1_17' title='bbox 784 415 992 476; x_wconf 86' lang='lat' dir='ltr'><strong>consectarer.</strong></span> <span class='ocrx_word' id='word_1_18' title='bbox 1026 412 1144 477; x_wconf 82' lang='lat' dir='ltr'><strong>Postea</strong></span> 
     </span>
     <span class='ocr_line' id='line_1_4' title="bbox 187 496 1144 585; baseline 0.002 -22"><span class='ocrx_word' id='word_1_19' title='bbox 187 521 255 563; x_wconf 93' lang='lat' dir='ltr'><strong>ncn</strong></span> <span class='ocrx_word' id='word_1_20' title='bbox 278 497 401 562; x_wconf 83' lang='lat' dir='ltr'><strong>destitit</strong></span> <span class='ocrx_word' id='word_1_21' title='bbox 423 497 725 562; x_wconf 83' lang='lat' dir='ltr'><strong>arcesserePolam·</strong></span> <span class='ocrx_word' id='word_1_22' title='bbox 745 496 890 563; x_wconf 81' lang='lat' dir='ltr'><strong>Servium</strong></span> <span class='ocrx_word' id='word_1_23' title='bbox 914 505 1144 585; x_wconf 82' lang='lat' dir='ltr'><strong>accusatorem,</strong></span> 
     </span>
     <span class='ocr_line' id='line_1_5' title="bbox 152 585 1143 672; baseline 0.002 -21"><span class='ocrx_word' id='word_1_24' title='bbox 152 586 268 652; x_wconf 82' lang='lat' dir='ltr'><strong>einire</strong></span> <span class='ocrx_word' id='word_1_25' title='bbox 295 608 368 650; x_wconf 90' lang='lat' dir='ltr'><strong>cum</strong></span> <span class='ocrx_word' id='word_1_26' title='bbox 390 585 533 650; x_wconf 90' lang='lat' dir='ltr'><strong>Domitio</strong></span> <span class='ocrx_word' id='word_1_27' title='bbox 562 586 704 651; x_wconf 88' lang='lat' dir='ltr'><strong>consilia.</strong></span> <span class='ocrx_word' id='word_1_28' title='bbox 750 585 872 662; x_wconf 81' lang='lat' dir='ltr'><strong>Quibus</strong></span> <span class='ocrx_word' id='word_1_29' title='bbox 905 610 1004 671; x_wconf 90' lang='lat' dir='ltr'><strong>quum</strong></span> <span class='ocrx_word' id='word_1_30' title='bbox 1026 612 1143 672; x_wconf 83' lang='lat' dir='ltr'><strong>parum</strong></span> 
     </span>
     <span class='ocr_line' id='line_1_6' title="bbox 186 674 1143 762; baseline 0.004 -24"><span class='ocrx_word' id='word_1_31' title='bbox 186 675 381 759; x_wconf 87' lang='lat' dir='ltr'><strong>procederet,</strong></span> <span class='ocrx_word' id='word_1_32' title='bbox 403 677 441 738; x_wconf 94' lang='lat' dir='ltr'><strong>ut</strong></span> <span class='ocrx_word' id='word_1_33' title='bbox 463 674 529 738; x_wconf 84' lang='lat' dir='ltr'><strong>ulla</strong></span> <span class='ocrx_word' id='word_1_34' title='bbox 547 675 618 760; x_wconf 84' lang='lat' dir='ltr'><strong>lege</strong></span> <span class='ocrx_word' id='word_1_35' title='bbox 637 674 716 738; x_wconf 92' lang='lat' dir='ltr'><strong>mihi</strong></span> <span class='ocrx_word' id='word_1_36' title='bbox 734 679 893 758; x_wconf 86' lang='lat' dir='ltr'><strong>ponerent</strong></span> <span class='ocrx_word' id='word_1_37' title='bbox 914 683 1143 762; x_wconf 85' lang='lat' dir='ltr'><strong>accusatorem,</strong></span> 
     </span>
     <span class='ocr_line' id='line_1_7' title="bbox 187 763 1143 848; baseline 0.003 -21"><span class='ocrx_word' id='word_1_38' title='bbox 187 764 371 848; x_wconf 87' lang='lat' dir='ltr'><strong>compellari</strong></span> <span class='ocrx_word' id='word_1_39' title='bbox 402 784 440 827; x_wconf 86' lang='lat' dir='ltr'><strong>ea</strong></span> <span class='ocrx_word' id='word_1_40' title='bbox 467 764 538 847; x_wconf 82' lang='lat' dir='ltr'><strong>lege</strong></span> <span class='ocrx_word' id='word_1_41' title='bbox 570 784 621 826; x_wconf 89' lang='lat' dir='ltr'><strong>mc</strong></span> <span class='ocrx_word' id='word_1_42' title='bbox 643 764 828 848; x_wconf 83' lang='lat' dir='ltr'><strong>voluerunt,</strong></span> <span class='ocrx_word' id='word_1_43' title='bbox 858 786 921 847; x_wconf 89' lang='lat' dir='ltr'><strong>qua</strong></span> <span class='ocrx_word' id='word_1_44' title='bbox 949 763 1010 845; x_wconf 80' lang='lat' dir='ltr'><strong>ipsi</strong></span> <span class='ocrx_word' id='word_1_45' title='bbox 1038 766 1143 831; x_wconf 90' lang='lat' dir='ltr'><strong>dicere</strong></span> 
     </span>
     <span class='ocr_line' id='line_1_8' title="bbox 187 851 1142 936; baseline 0.003 -20"><span class='ocrx_word' id='word_1_46' title='bbox 187 874 255 917; x_wconf 91' lang='lat' dir='ltr'><strong>non</strong></span> <span class='ocrx_word' id='word_1_47' title='bbox 281 854 445 936; x_wconf 82' lang='lat' dir='ltr'><strong>poterant:</strong></span> <span class='ocrx_word' id='word_1_48' title='bbox 472 851 715 916; x_wconf 85' lang='lat' dir='ltr'><strong>insolentissimi</strong></span> <span class='ocrx_word' id='word_1_49' title='bbox 741 852 890 917; x_wconf 90' lang='lat' dir='ltr'><strong>homines</strong></span> <span class='ocrx_word' id='word_1_50' title='bbox 918 855 1051 917; x_wconf 88' lang='lat' dir='ltr'><strong>summis</strong></span> <span class='ocrx_word' id='word_1_51' title='bbox 1075 852 1142 919; x_wconf 78' lang='lat' dir='ltr'><strong>Cir-</strong></span> 
     </span>
     <span class='ocr_line' id='line_1_9' title="bbox 187 940 1143 1025; baseline 0.002 -21"><span class='ocrx_word' id='word_1_52' title='bbox 187 941 335 1005; x_wconf 88' lang='lat' dir='ltr'><strong>censibus</strong></span> <span class='ocrx_word' id='word_1_53' title='bbox 357 940 442 1004; x_wconf 85' lang='lat' dir='ltr'><strong>ludis</strong></span> <span class='ocrx_word' id='word_1_54' title='bbox 464 941 544 1004; x_wconf 90' lang='lat' dir='ltr'><strong>meis</strong></span> <span class='ocrx_word' id='word_1_55' title='bbox 563 940 793 1024; x_wconf 86' lang='lat' dir='ltr'><strong>postulandum</strong></span> <span class='ocrx_word' id='word_1_56' title='bbox 816 962 866 1005; x_wconf 95' lang='lat' dir='ltr'><strong>me</strong></span> <span class='ocrx_word' id='word_1_57' title='bbox 885 942 956 1025; x_wconf 83' lang='lat' dir='ltr'><strong>lege</strong></span> <span class='ocrx_word' id='word_1_58' title='bbox 976 940 1143 1006; x_wconf 84' lang='lat' dir='ltr'><strong>Scantinia</strong></span> 
     </span>
     <span class='ocr_line' id='line_1_10' title="bbox 186 1027 1141 1116; baseline 0.004 -24"><span class='ocrx_word' id='word_1_59' title='bbox 186 1032 348 1093; x_wconf 85' lang='lat' dir='ltr'><strong>curarunt.</strong></span> <span class='ocrx_word' id='word_1_60' title='bbox 393 1028 458 1093; x_wconf 83' lang='lat' dir='ltr'><strong>Vix</strong></span> <span class='ocrx_word' id='word_1_61' title='bbox 483 1028 546 1093; x_wconf 92' lang='lat' dir='ltr'><strong>hoc</strong></span> <span class='ocrx_word' id='word_1_62' title='bbox 574 1031 644 1092; x_wconf 89' lang='lat' dir='ltr'><strong>erat</strong></span> <span class='ocrx_word' id='word_1_63' title='bbox 664 1027 744 1092; x_wconf 88' lang='lat' dir='ltr'><strong>Pola</strong></span> <span class='ocrx_word' id='word_1_64' title='bbox 771 1030 929 1113; x_wconf 88' lang='lat' dir='ltr'><strong>elocutus,</strong></span> <span class='ocrx_word' id='word_1_65' title='bbox 958 1052 1056 1113; x_wconf 90' lang='lat' dir='ltr'><strong>quum</strong></span> <span class='ocrx_word' id='word_1_66' title='bbox 1080 1053 1141 1116; x_wconf 82' lang='lat' dir='ltr'><strong>ego</strong></span> 
     </span>
     <span class='ocr_line' id='line_1_11' title="bbox 185 1116 1141 1202; baseline 0 -21"><span class='ocrx_word' id='word_1_67' title='bbox 185 1116 328 1202; x_wconf 88' lang='lat' dir='ltr'><strong>Appium</strong></span> <span class='ocrx_word' id='word_1_68' title='bbox 351 1138 516 1182; x_wconf 87' lang='lat' dir='ltr'><strong>censorem</strong></span> <span class='ocrx_word' id='word_1_69' title='bbox 540 1117 651 1182; x_wconf 88' lang='lat' dir='ltr'><strong>eadem</strong></span> <span class='ocrx_word' id='word_1_70' title='bbox 673 1117 745 1201; x_wconf 84' lang='lat' dir='ltr'><strong>lege</strong></span> <span class='ocrx_word' id='word_1_71' title='bbox 767 1118 943 1200; x_wconf 85' lang='lat' dir='ltr'><strong>postulavi:</strong></span> <span class='ocrx_word' id='word_1_72' title='bbox 967 1118 1053 1201; x_wconf 91' lang='lat' dir='ltr'><strong>quod</strong></span> <span class='ocrx_word' id='word_1_73' title='bbox 1077 1141 1141 1182; x_wconf 88' lang='lat' dir='ltr'><strong>me-</strong></span> 
     </span>
     <span class='ocr_line' id='line_1_12' title="bbox 183 1204 1142 1289; baseline 0.002 -21"><span class='ocrx_word' id='word_1_74' title='bbox 183 1205 246 1270; x_wconf 92' lang='lat' dir='ltr'><strong>lius</strong></span> <span class='ocrx_word' id='word_1_75' title='bbox 266 1205 401 1289; x_wconf 88' lang='lat' dir='ltr'><strong>caderet,</strong></span> <span class='ocrx_word' id='word_1_76' title='bbox 419 1205 500 1268; x_wconf 93' lang='lat' dir='ltr'><strong>nihil</strong></span> <span class='ocrx_word' id='word_1_77' title='bbox 519 1204 597 1287; x_wconf 82' lang='lat' dir='ltr'><strong>vidi3</strong></span> <span class='ocrx_word' id='word_1_78' title='bbox 620 1227 697 1268; x_wconf 85' lang='lat' dir='ltr'><strong>nam</strong></span> <span class='ocrx_word' id='word_1_79' title='bbox 716 1206 760 1269; x_wconf 89' lang='lat' dir='ltr'><strong>sic</strong></span> <span class='ocrx_word' id='word_1_80' title='bbox 779 1209 828 1268; x_wconf 89' lang='lat' dir='ltr'><strong>est</strong></span> <span class='ocrx_word' id='word_1_81' title='bbox 846 1227 866 1267; x_wconf 89' lang='lat' dir='ltr'><strong>a</strong></span> <span class='ocrx_word' id='word_1_82' title='bbox 883 1207 1003 1289; x_wconf 91' lang='lat' dir='ltr'><strong>populo</strong></span> <span class='ocrx_word' id='word_1_83' title='bbox 1023 1210 1055 1269; x_wconf 91' lang='lat' dir='ltr'><strong>et</strong></span> <span class='ocrx_word' id='word_1_84' title='bbox 1073 1229 1142 1272; x_wconf 88' lang='lat' dir='ltr'><strong>non</strong></span> 
     </span>
     <span class='ocr_line' id='line_1_13' title="bbox 184 1292 1140 1377; baseline 0.004 -21"><span class='ocrx_word' id='word_1_85' title='bbox 184 1293 295 1359; x_wconf 92' lang='lat' dir='ltr'><strong>infimo</strong></span> <span class='ocrx_word' id='word_1_86' title='bbox 320 1315 446 1377; x_wconf 91' lang='lat' dir='ltr'><strong>quoque</strong></span> <span class='ocrx_word' id='word_1_87' title='bbox 470 1294 693 1377; x_wconf 84' lang='lat' dir='ltr'><strong>approbatum,</strong></span> <span class='ocrx_word' id='word_1_88' title='bbox 716 1296 753 1356; x_wconf 90' lang='lat' dir='ltr'><strong>ut</strong></span> <span class='ocrx_word' id='word_1_89' title='bbox 776 1293 930 1356; x_wconf 89' lang='lat' dir='ltr'><strong>maiorem</strong></span> <span class='ocrx_word' id='word_1_90' title='bbox 952 1292 1060 1376; x_wconf 88' lang='lat' dir='ltr'><strong>Appio</strong></span> <span class='ocrx_word' id='word_1_91' title='bbox 1085 1295 1140 1360; x_wconf 89' lang='lat' dir='ltr'><strong>do-</strong></span> 
     </span>
     <span class='ocr_line' id='line_1_14' title="bbox 184 1380 1141 1465; baseline 0.001 -20"><span class='ocrx_word' id='word_1_92' title='bbox 184 1381 286 1446; x_wconf 88' lang='lat' dir='ltr'><strong>lorem</strong></span> <span class='ocrx_word' id='word_1_93' title='bbox 315 1381 404 1445; x_wconf 84' lang='lat' dir='ltr'><strong>fama</strong></span> <span class='ocrx_word' id='word_1_94' title='bbox 431 1402 528 1465; x_wconf 85' lang='lat' dir='ltr'><strong>quam</strong></span> <span class='ocrx_word' id='word_1_95' title='bbox 558 1380 733 1464; x_wconf 90' lang='lat' dir='ltr'><strong>postulatio</strong></span> <span class='ocrx_word' id='word_1_96' title='bbox 768 1382 921 1444; x_wconf 89' lang='lat' dir='ltr'><strong>attulerit.</strong></span> <span class='ocrx_word' id='word_1_97' title='bbox 969 1380 1141 1447; x_wconf 84' lang='lat' dir='ltr'><strong>Praeterea</strong></span> 
     </span>
     <span class='ocr_line' id='line_1_15' title="bbox 185 1469 1140 1554; baseline 0.001 -21"><span class='ocrx_word' id='word_1_98' title='bbox 185 1470 275 1553; x_wconf 91' lang='lat' dir='ltr'><strong>coepi</strong></span> <span class='ocrx_word' id='word_1_99' title='bbox 299 1471 463 1554; x_wconf 90' lang='lat' dir='ltr'><strong>sacellum,</strong></span> <span class='ocrx_word' id='word_1_100' title='bbox 495 1469 530 1532; x_wconf 90' lang='lat' dir='ltr'><strong>in</strong></span> <span class='ocrx_word' id='word_1_101' title='bbox 561 1469 656 1533; x_wconf 88' lang='lat' dir='ltr'><strong>domo</strong></span> <span class='ocrx_word' id='word_1_102' title='bbox 684 1469 770 1552; x_wconf 89' lang='lat' dir='ltr'><strong>quod</strong></span> <span class='ocrx_word' id='word_1_103' title='bbox 793 1473 854 1552; x_wconf 89' lang='lat' dir='ltr'><strong>est,</strong></span> <span class='ocrx_word' id='word_1_104' title='bbox 887 1470 927 1533; x_wconf 88' lang='lat' dir='ltr'><strong>ab</strong></span> <span class='ocrx_word' id='word_1_105' title='bbox 956 1490 994 1534; x_wconf 91' lang='lat' dir='ltr'><strong>co</strong></span> <span class='ocrx_word' id='word_1_106' title='bbox 1021 1475 1140 1553; x_wconf 86' lang='lat' dir='ltr'><strong>petere.</strong></span> 
     </span>
     <span class='ocr_line' id='line_1_16' title="bbox 148 1555 1139 1640; baseline 0.002 -19"><span class='ocrx_word' id='word_1_107' title='bbox 148 1555 366 1622; x_wconf 72' lang='lat' dir='ltr'><strong>eOonturbat</strong></span> <span class='ocrx_word' id='word_1_108' title='bbox 392 1579 443 1622; x_wconf 92' lang='lat' dir='ltr'><strong>me</strong></span> <span class='ocrx_word' id='word_1_109' title='bbox 474 1578 565 1622; x_wconf 88' lang='lat' dir='ltr'><strong>mora</strong></span> <span class='ocrx_word' id='word_1_110' title='bbox 597 1557 680 1621; x_wconf 90' lang='lat' dir='ltr'><strong>servi</strong></span> <span class='ocrx_word' id='word_1_111' title='bbox 701 1557 810 1639; x_wconf 91' lang='lat' dir='ltr'><strong>huius,</strong></span> <span class='ocrx_word' id='word_1_112' title='bbox 843 1558 898 1640; x_wconf 85' lang='lat' dir='ltr'><strong>qui</strong></span> <span class='ocrx_word' id='word_1_113' title='bbox 924 1558 985 1621; x_wconf 91' lang='lat' dir='ltr'><strong>tibi</strong></span> <span class='ocrx_word' id='word_1_114' title='bbox 1014 1559 1139 1623; x_wconf 89' lang='lat' dir='ltr'><strong>litteras</strong></span> 
     </span>
     <span class='ocr_line' id='line_1_17' title="bbox 185 1645 1140 1729; baseline 0.004 -20"><span class='ocrx_word' id='word_1_115' title='bbox 185 1647 307 1729; x_wconf 71' lang='lat' dir='ltr'><strong>attulit,</strong></span> <span class='ocrx_word' id='word_1_116' title='bbox 329 1667 406 1710; x_wconf 88' lang='lat' dir='ltr'><strong>nam</strong></span> <span class='ocrx_word' id='word_1_117' title='bbox 429 1646 568 1729; x_wconf 89' lang='lat' dir='ltr'><strong>acceptis</strong></span> <span class='ocrx_word' id='word_1_118' title='bbox 591 1645 751 1729; x_wconf 84' lang='lat' dir='ltr'><strong>prioribus</strong></span> <span class='ocrx_word' id='word_1_119' title='bbox 774 1646 889 1709; x_wconf 89' lang='lat' dir='ltr'><strong>litteris</strong></span> <span class='ocrx_word' id='word_1_120' title='bbox 914 1647 1051 1729; x_wconf 84' lang='lat' dir='ltr'><strong>amplius</strong></span> <span class='ocrx_word' id='word_1_121' title='bbox 1074 1648 1140 1712; x_wconf 79' lang='lat' dir='ltr'><strong>dias</strong></span> 
     </span>
     <span class='ocr_line' id='line_1_18' title="bbox 184 1732 1138 1819; baseline 0.001 -21"><span class='ocrx_word' id='word_1_122' title='bbox 184 1735 398 1819; x_wconf 84' lang='lat' dir='ltr'><strong>quadraginta</strong></span> <span class='ocrx_word' id='word_1_123' title='bbox 417 1735 544 1799; x_wconf 89' lang='lat' dir='ltr'><strong>mansit.</strong></span> <span class='ocrx_word' id='word_1_124' title='bbox 582 1732 665 1809; x_wconf 84' lang='lat' dir='ltr'><strong>Quid</strong></span> <span class='ocrx_word' id='word_1_125' title='bbox 682 1733 743 1797; x_wconf 92' lang='lat' dir='ltr'><strong>tibi</strong></span> <span class='ocrx_word' id='word_1_126' title='bbox 762 1734 908 1818; x_wconf 88' lang='lat' dir='ltr'><strong>scribam,</strong></span> <span class='ocrx_word' id='word_1_127' title='bbox 931 1735 1052 1799; x_wconf 90' lang='lat' dir='ltr'><strong>nescio:</strong></span> <span class='ocrx_word' id='word_1_128' title='bbox 1076 1737 1138 1800; x_wconf 88' lang='lat' dir='ltr'><strong>scis</strong></span> 
     </span>
     <span class='ocr_line' id='line_1_19' title="bbox 182 1821 1136 1907; baseline 0.001 -20"><span class='ocrx_word' id='word_1_129' title='bbox 182 1822 326 1888; x_wconf 92' lang='lat' dir='ltr'><strong>Domitio</strong></span> <span class='ocrx_word' id='word_1_130' title='bbox 349 1824 541 1888; x_wconf 66' lang='lat' dir='ltr'><strong>emitterem</strong></span> <span class='ocrx_word' id='word_1_131' title='bbox 569 1821 651 1886; x_wconf 88' lang='lat' dir='ltr'><strong>diem</strong></span> <span class='ocrx_word' id='word_1_132' title='bbox 674 1821 783 1887; x_wconf 89' lang='lat' dir='ltr'><strong>timori</strong></span> <span class='ocrx_word' id='word_1_133' title='bbox 810 1821 900 1887; x_wconf 74' lang='lat' dir='ltr'><strong>esse?</strong></span> <span class='ocrx_word' id='word_1_134' title='bbox 930 1826 963 1886; x_wconf 91' lang='lat' dir='ltr'><strong>te</strong></span> <span class='ocrx_word' id='word_1_135' title='bbox 986 1828 1136 1907; x_wconf 87' lang='lat' dir='ltr'><strong>exspecto</strong></span> 
     </span>
     <span class='ocr_line' id='line_1_20' title="bbox 182 1911 1138 1996; baseline 0.001 -22"><span class='ocrx_word' id='word_1_136' title='bbox 182 1911 275 1976; x_wconf 85' lang='lat' dir='ltr'><strong>valde</strong></span> <span class='ocrx_word' id='word_1_137' title='bbox 297 1915 331 1976; x_wconf 88' lang='lat' dir='ltr'><strong>et</strong></span> <span class='ocrx_word' id='word_1_138' title='bbox 352 1932 449 1996; x_wconf 87' lang='lat' dir='ltr'><strong>quam</strong></span> <span class='ocrx_word' id='word_1_139' title='bbox 471 1912 611 1996; x_wconf 89' lang='lat' dir='ltr'><strong>primum</strong></span> <span class='ocrx_word' id='word_1_140' title='bbox 633 1911 740 1975; x_wconf 83' lang='lat' dir='ltr'><strong>videre</strong></span> <span class='ocrx_word' id='word_1_141' title='bbox 763 1911 872 1994; x_wconf 84' lang='lat' dir='ltr'><strong>cupio;</strong></span> <span class='ocrx_word' id='word_1_142' title='bbox 895 1933 914 1974; x_wconf 86' lang='lat' dir='ltr'><strong>a</strong></span> <span class='ocrx_word' id='word_1_143' title='bbox 937 1914 969 1974; x_wconf 90' lang='lat' dir='ltr'><strong>te</strong></span> <span class='ocrx_word' id='word_1_144' title='bbox 993 1915 1077 1994; x_wconf 88' lang='lat' dir='ltr'><strong>peto,</strong></span> <span class='ocrx_word' id='word_1_145' title='bbox 1100 1916 1138 1975; x_wconf 88' lang='lat' dir='ltr'><strong>ut</strong></span> 
     </span>
    </p>
   </div>
   <div class='ocr_carea' id='block_1_3' title="bbox 182 1999 1137 2154">
    <p class='ocr_par' dir='ltr' id='par_1_3' title="bbox 182 1999 1137 2154">
     <span class='ocr_line' id='line_1_21' title="bbox 182 1999 1137 2085; baseline 0 -22"><span class='ocrx_word' id='word_1_146' title='bbox 182 2021 269 2064; x_wconf 90' lang='lat' dir='ltr'><strong>meas</strong></span> <span class='ocrx_word' id='word_1_147' title='bbox 297 2001 430 2064; x_wconf 85' lang='lat' dir='ltr'><strong>iniurias</strong></span> <span class='ocrx_word' id='word_1_148' title='bbox 458 2000 592 2085; x_wconf 89' lang='lat' dir='ltr'><strong>proinde</strong></span> <span class='ocrx_word' id='word_1_149' title='bbox 620 1999 741 2083; x_wconf 86' lang='lat' dir='ltr'><strong>doleas,</strong></span> <span class='ocrx_word' id='word_1_150' title='bbox 773 2002 810 2063; x_wconf 89' lang='lat' dir='ltr'><strong>ut</strong></span> <span class='ocrx_word' id='word_1_151' title='bbox 836 2019 887 2062; x_wconf 94' lang='lat' dir='ltr'><strong>me</strong></span> <span class='ocrx_word' id='word_1_152' title='bbox 917 1999 1080 2063; x_wconf 87' lang='lat' dir='ltr'><strong>existimas</strong></span> <span class='ocrx_word' id='word_1_153' title='bbox 1104 2005 1137 2063; x_wconf 90' lang='lat' dir='ltr'><strong>et</strong></span> 
     </span>
     <span class='ocr_line' id='line_1_22' title="bbox 183 2087 706 2154; baseline 0.002 -4"><span class='ocrx_word' id='word_1_154' title='bbox 183 2087 289 2152; x_wconf 90' lang='lat' dir='ltr'><strong>dolere</strong></span> <span class='ocrx_word' id='word_1_155' title='bbox 312 2091 346 2152; x_wconf 90' lang='lat' dir='ltr'><strong>et</strong></span> <span class='ocrx_word' id='word_1_156' title='bbox 367 2089 478 2154; x_wconf 88' lang='lat' dir='ltr'><strong>ulcisci</strong></span> <span class='ocrx_word' id='word_1_157' title='bbox 500 2092 572 2152; x_wconf 88' lang='lat' dir='ltr'><strong>tuas</strong></span> <span class='ocrx_word' id='word_1_158' title='bbox 597 2089 706 2152; x_wconf 88' lang='lat' dir='ltr'><strong>solere.</strong></span> 
     </span>
    </p>
   </div>
   <div class='ocr_carea' id='block_1_4' title="bbox 612 2297 701 2362">
    <p class='ocr_par' dir='ltr' id='par_1_4' title="bbox 612 2297 701 2362">
     <span class='ocr_line' id='line_1_23' title="bbox 612 2297 701 2362; baseline 0 -1"><span class='ocrx_word' id='word_1_159' title='bbox 612 2297 701 2362; x_wconf 87' lang='lat' dir='ltr'>XIII.</span> 
     </span>
    </p>
   </div>
   <div class='ocr_carea' id='block_1_5' title="bbox 182 2407 1132 2465">
    <p class='ocr_par' dir='ltr' id='par_1_5' title="bbox 182 2407 1132 2465">
     <span class='ocr_line' id='line_1_24' title="bbox 182 2407 1132 2465; baseline -0.005 0"><span class='ocrx_word' id='word_1_160' title='bbox 182 2409 238 2465; x_wconf 86' lang='lat' dir='ltr'><strong>Ser.</strong></span> <span class='ocrx_word' id='word_1_161' title='bbox 256 2409 361 2464; x_wconf 90' lang='lat' dir='ltr'><strong>Romae</strong></span> <span class='ocrx_word' id='word_1_162' title='bbox 380 2409 453 2464; x_wconf 86' lang='lat' dir='ltr'><strong>inter</strong></span> <span class='ocrx_word' id='word_1_163' title='bbox 470 2408 542 2464; x_wconf 89' lang='lat' dir='ltr'><strong>Non.</strong></span> <span class='ocrx_word' id='word_1_164' title='bbox 566 2409 655 2464; x_wconf 87' lang='lat' dir='ltr'><strong>Maias</strong></span> <span class='ocrx_word' id='word_1_165' title='bbox 679 2411 708 2464; x_wconf 90' lang='lat' dir='ltr'><strong>et</strong></span> <span class='ocrx_word' id='word_1_166' title='bbox 724 2407 798 2464; x_wconf 89' lang='lat' dir='ltr'><strong>Non.</strong></span> <span class='ocrx_word' id='word_1_167' title='bbox 821 2409 915 2463; x_wconf 84' lang='lat' dir='ltr'><strong>Iunias</strong></span> <span class='ocrx_word' id='word_1_168' title='bbox 938 2422 963 2463; x_wconf 80' lang='lat' dir='ltr'><strong>a.</strong></span> <span class='ocrx_word' id='word_1_169' title='bbox 983 2423 1010 2461; x_wconf 87' lang='lat' dir='ltr'><strong>u.</strong></span> <span class='ocrx_word' id='word_1_170' title='bbox 1029 2422 1052 2460; x_wconf 89' lang='lat' dir='ltr'><strong>c.</strong></span> <span class='ocrx_word' id='word_1_171' title='bbox 1073 2413 1132 2461; x_wconf 70' lang='lat' dir='ltr'><strong>tol.</strong></span> 
     </span>
    </p>
   </div>
   <div class='ocr_carea' id='block_1_6' title="bbox 437 2530 872 2586">
    <p class='ocr_par' dir='ltr' id='par_1_6' title="bbox 437 2530 872 2586">
     <span class='ocr_line' id='line_1_25' title="bbox 437 2530 872 2586; baseline -0.005 0"><span class='ocrx_word' id='word_1_172' title='bbox 437 2530 587 2586; x_wconf 79' lang='lat' dir='ltr'>CAELIUS</span> <span class='ocrx_word' id='word_1_173' title='bbox 607 2530 777 2586; x_wconf 75' lang='lat' dir='ltr'>CICERONI</span> <span class='ocrx_word' id='word_1_174' title='bbox 797 2532 872 2586; x_wconf 84' lang='lat' dir='ltr'>SAL.</span> 
     </span>
    </p>
   </div>
   <div class='ocr_carea' id='block_1_7' title="bbox 146 2630 1138 3157">
    <p class='ocr_par' dir='ltr' id='par_1_7' title="bbox 146 2630 1138 3157">
     <span class='ocr_line' id='line_1_26' title="bbox 146 2630 1134 2712; baseline -0.006 -14"><span class='ocrx_word' id='word_1_175' title='bbox 146 2654 161 2704; x_wconf 91' lang='lat'>1</span> <span class='ocrx_word' id='word_1_176' title='bbox 247 2631 399 2697; x_wconf 84' lang='lat' dir='ltr'><strong>Gratulor</strong></span> <span class='ocrx_word' id='word_1_177' title='bbox 412 2631 471 2695; x_wconf 91' lang='lat' dir='ltr'><strong>tibi</strong></span> <span class='ocrx_word' id='word_1_178' title='bbox 486 2630 677 2695; x_wconf 81' lang='lat' dir='ltr'><strong>affinitatem</strong></span> <span class='ocrx_word' id='word_1_179' title='bbox 690 2631 751 2695; x_wconf 81' lang='lat' dir='ltr'><strong>viri</strong></span> <span class='ocrx_word' id='word_1_180' title='bbox 764 2631 887 2697; x_wconf 73' lang='lat' dir='ltr'><strong>medIus</strong></span> <span class='ocrx_word' id='word_1_181' title='bbox 901 2630 996 2695; x_wconf 87' lang='lat' dir='ltr'><strong>fidius</strong></span> <span class='ocrx_word' id='word_1_182' title='bbox 1006 2630 1134 2712; x_wconf 71' lang='lat' dir='ltr'><strong>optimi,</strong></span> 
     </span>
     <span class='ocr_line' id='line_1_27' title="bbox 180 2717 1134 2805; baseline -0.004 -21"><span class='ocrx_word' id='word_1_183' title='bbox 180 2742 257 2785; x_wconf 87' lang='lat' dir='ltr'><strong>nam</strong></span> <span class='ocrx_word' id='word_1_184' title='bbox 279 2721 341 2786; x_wconf 93' lang='lat' dir='ltr'><strong>hoc</strong></span> <span class='ocrx_word' id='word_1_185' title='bbox 365 2741 424 2805; x_wconf 81' lang='lat' dir='ltr'><strong>ego</strong></span> <span class='ocrx_word' id='word_1_186' title='bbox 444 2720 483 2783; x_wconf 90' lang='lat' dir='ltr'><strong>de</strong></span> <span class='ocrx_word' id='word_1_187' title='bbox 501 2719 556 2784; x_wconf 92' lang='lat' dir='ltr'><strong>illo</strong></span> <span class='ocrx_word' id='word_1_188' title='bbox 577 2719 737 2784; x_wconf 85' lang='lat' dir='ltr'><strong>existimo:</strong></span> <span class='ocrx_word' id='word_1_189' title='bbox 760 2723 866 2784; x_wconf 89' lang='lat' dir='ltr'><strong>cetera</strong></span> <span class='ocrx_word' id='word_1_190' title='bbox 888 2741 994 2802; x_wconf 91' lang='lat' dir='ltr'><strong>porro,</strong></span> <span class='ocrx_word' id='word_1_191' title='bbox 1018 2717 1134 2801; x_wconf 88' lang='lat' dir='ltr'><strong>quibus</strong></span> 
     </span>
     <span class='ocr_line' id='line_1_28' title="bbox 181 2807 1135 2891; baseline -0.004 -19"><span class='ocrx_word' id='word_1_192' title='bbox 181 2808 284 2873; x_wconf 86' lang='lat' dir='ltr'><strong>adhuc</strong></span> <span class='ocrx_word' id='word_1_193' title='bbox 302 2809 356 2872; x_wconf 91' lang='lat' dir='ltr'><strong>ille</strong></span> <span class='ocrx_word' id='word_1_194' title='bbox 375 2808 436 2872; x_wconf 90' lang='lat' dir='ltr'><strong>sibi</strong></span> <span class='ocrx_word' id='word_1_195' title='bbox 454 2829 567 2891; x_wconf 88' lang='lat' dir='ltr'><strong>parum</strong></span> <span class='ocrx_word' id='word_1_196' title='bbox 586 2807 674 2871; x_wconf 92' lang='lat' dir='ltr'><strong>utilis</strong></span> <span class='ocrx_word' id='word_1_197' title='bbox 697 2807 768 2891; x_wconf 85' lang='lat' dir='ltr'><strong>fuit,</strong></span> <span class='ocrx_word' id='word_1_198' title='bbox 791 2811 824 2872; x_wconf 90' lang='lat' dir='ltr'><strong>et</strong></span> <span class='ocrx_word' id='word_1_199' title='bbox 846 2810 952 2871; x_wconf 88' lang='lat' dir='ltr'><strong>aetate</strong></span> <span class='ocrx_word' id='word_1_200' title='bbox 970 2807 1036 2870; x_wconf 86' lang='lat' dir='ltr'><strong>iam</strong></span> <span class='ocrx_word' id='word_1_201' title='bbox 1058 2810 1135 2869; x_wconf 87' lang='lat' dir='ltr'><strong>sunt</strong></span> 
     </span>
     <span class='ocr_line' id='line_1_29' title="bbox 180 2895 1134 2979; baseline -0.002 -19"><span class='ocrx_word' id='word_1_202' title='bbox 180 2896 313 2960; x_wconf 87' lang='lat' dir='ltr'><strong>decussa</strong></span> <span class='ocrx_word' id='word_1_203' title='bbox 337 2899 370 2960; x_wconf 90' lang='lat' dir='ltr'><strong>et</strong></span> <span class='ocrx_word' id='word_1_204' title='bbox 392 2896 622 2961; x_wconf 89' lang='lat' dir='ltr'><strong>consuetudine</strong></span> <span class='ocrx_word' id='word_1_205' title='bbox 650 2899 746 2979; x_wconf 87' lang='lat' dir='ltr'><strong>atque</strong></span> <span class='ocrx_word' id='word_1_206' title='bbox 769 2895 961 2960; x_wconf 88' lang='lat' dir='ltr'><strong>auctoritate</strong></span> <span class='ocrx_word' id='word_1_207' title='bbox 984 2898 1054 2977; x_wconf 87' lang='lat' dir='ltr'><strong>tua,</strong></span> <span class='ocrx_word' id='word_1_208' title='bbox 1076 2916 1134 2977; x_wconf 91' lang='lat' dir='ltr'><strong>pu-</strong></span> 
     </span>
     <span class='ocr_line' id='line_1_30' title="bbox 180 2982 1138 3068; baseline -0.003 -21"><span class='ocrx_word' id='word_1_209' title='bbox 180 2984 256 3049; x_wconf 88' lang='lat' dir='ltr'><strong>dore</strong></span> <span class='ocrx_word' id='word_1_210' title='bbox 288 2983 425 3068; x_wconf 86' lang='lat' dir='ltr'><strong>Tulliae,</strong></span> <span class='ocrx_word' id='word_1_211' title='bbox 461 2984 488 3048; x_wconf 88' lang='lat' dir='ltr'><strong>si</strong></span> <span class='ocrx_word' id='word_1_212' title='bbox 520 3006 584 3067; x_wconf 88' lang='lat' dir='ltr'><strong>qua</strong></span> <span class='ocrx_word' id='word_1_213' title='bbox 614 2985 796 3068; x_wconf 88' lang='lat' dir='ltr'><strong>restabunt,</strong></span> <span class='ocrx_word' id='word_1_214' title='bbox 832 2983 959 3048; x_wconf 86' lang='lat' dir='ltr'><strong>confido</strong></span> <span class='ocrx_word' id='word_1_215' title='bbox 990 2982 1138 3047; x_wconf 83' lang='lat' dir='ltr'><strong>celeriter</strong></span> 
     </span>
     <span class='ocr_line' id='line_1_31' title="bbox 180 3071 1135 3157; baseline -0.003 -21"><span class='ocrx_word' id='word_1_216' title='bbox 180 3073 342 3137; x_wconf 88' lang='lat' dir='ltr'><strong>sublatum</strong></span> <span class='ocrx_word' id='word_1_217' title='bbox 364 3072 417 3155; x_wconf 70' lang='lat' dir='ltr'><strong>iri,</strong></span> <span class='ocrx_word' id='word_1_218' title='bbox 439 3093 507 3137; x_wconf 89' lang='lat' dir='ltr'><strong>non</strong></span> <span class='ocrx_word' id='word_1_219' title='bbox 529 3075 579 3137; x_wconf 89' lang='lat' dir='ltr'><strong>est</strong></span> <span class='ocrx_word' id='word_1_220' title='bbox 601 3073 688 3137; x_wconf 89' lang='lat' dir='ltr'><strong>enim</strong></span> <span class='ocrx_word' id='word_1_221' title='bbox 709 3092 840 3157; x_wconf 83' lang='lat' dir='ltr'><strong>pugnax</strong></span> <span class='ocrx_word' id='word_1_222' title='bbox 863 3072 898 3134; x_wconf 89' lang='lat' dir='ltr'><strong>in</strong></span> <span class='ocrx_word' id='word_1_223' title='bbox 921 3071 1007 3135; x_wconf 84' lang='lat' dir='ltr'><strong>vitiis</strong></span> <span class='ocrx_word' id='word_1_224' title='bbox 1030 3091 1135 3153; x_wconf 90' lang='lat' dir='ltr'><strong>neque</strong></span> 
     </span>
    </p>
   </div>
   <div class='ocr_carea' id='block_1_8' title="bbox 151 3225 1142 3584">
    <p class='ocr_par' dir='ltr' id='par_1_8' title="bbox 151 3225 1142 3584">
     <span class='ocr_line' id='line_1_32' title="bbox 249 3225 1142 3301; baseline -0.01 -15"><span class='ocrx_word' id='word_1_225' title='bbox 249 3233 299 3301; x_wconf 88' lang='lat' dir='ltr'><strong>Ep.</strong></span> <span class='ocrx_word' id='word_1_226' title='bbox 321 3237 361 3300; x_wconf 80' lang='lat'><strong>12,</strong></span> <span class='ocrx_word' id='word_1_227' title='bbox 381 3236 406 3285; x_wconf 84' lang='lat'><strong>3.</strong></span> <span class='ocrx_word' id='word_1_228' title='bbox 438 3233 470 3283; x_wconf 79' lang='lat' dir='ltr'><strong>at</strong></span> <span class='ocrx_word' id='word_1_229' title='bbox 488 3229 547 3283; x_wconf 83' lang='lat' dir='ltr'><strong>ulia</strong></span> <span class='ocrx_word' id='word_1_230' title='bbox 565 3229 619 3297; x_wconf 74' lang='lat' dir='ltr'><strong>leqe</strong></span> <span class='ocrx_word' id='word_1_231' title='bbox 636 3228 790 3298; x_wconf 83' lang='lat' dir='ltr'><strong>(Pluygers)</strong></span> <span class='ocrx_word' id='word_1_232' title='bbox 808 3231 840 3280; x_wconf 77' lang='lat' dir='ltr'><strong>ut</strong></span> <span class='ocrx_word' id='word_1_233' title='bbox 857 3227 917 3280; x_wconf 80' lang='lat' dir='ltr'><strong>ulla</strong></span> <span class='ocrx_word' id='word_1_234' title='bbox 936 3225 995 3279; x_wconf 75' lang='lat' dir='ltr'><strong>alta</strong></span> <span class='ocrx_word' id='word_1_235' title='bbox 1012 3225 1029 3278; x_wconf 88' lang='lat' dir='ltr'><strong>l.</strong></span> <span class='ocrx_word' id='word_1_236' title='bbox 1045 3225 1092 3278; x_wconf 87' lang='lat' dir='ltr'><strong>vel</strong></span> <span class='ocrx_word' id='word_1_237' title='bbox 1109 3230 1142 3276; x_wconf 79' lang='lat' dir='ltr'><strong>at</strong></span> 
     </span>
     <span class='ocr_line' id='line_1_33' title="bbox 180 3296 1140 3372; baseline -0.013 -14"><span class='ocrx_word' id='word_1_238' title='bbox 180 3321 205 3357; x_wconf 88' lang='grc' dir='ltr'><strong>α.</strong></span> <span class='ocrx_word' id='word_1_239' title='bbox 224 3320 251 3357; x_wconf 78' lang='lat' dir='ltr'><strong>a.</strong></span> <span class='ocrx_word' id='word_1_240' title='bbox 271 3305 288 3356; x_wconf 86' lang='lat' dir='ltr'><strong>l.</strong></span> <span class='ocrx_word' id='word_1_241' title='bbox 308 3303 391 3372; x_wconf 77' lang='lat' dir='ltr'>(W.)?</span> <span class='ocrx_word' id='word_1_242' title='bbox 427 3316 483 3370; x_wconf 76' lang='lat' dir='ltr'><strong>qua</strong></span> <span class='ocrx_word' id='word_1_243' title='bbox 504 3300 560 3367; x_wconf 80' lang='lat' dir='ltr'><strong>ipsi</strong></span> <span class='ocrx_word' id='word_1_244' title='bbox 582 3300 670 3352; x_wconf 74' lang='lat' dir='ltr'><strong>diem</strong></span> <span class='ocrx_word' id='word_1_245' title='bbox 692 3299 787 3367; x_wconf 85' lang='lat' dir='ltr'><strong>(Em).</strong></span> <span class='ocrx_word' id='word_1_246' title='bbox 824 3313 848 3365; x_wconf 79' lang='lat' dir='ltr'><strong>q.</strong></span> <span class='ocrx_word' id='word_1_247' title='bbox 868 3298 894 3350; x_wconf 81' lang='lat' dir='ltr'><strong>d.</strong></span> <span class='ocrx_word' id='word_1_248' title='bbox 913 3296 977 3349; x_wconf 84' lang='grc' dir='ltr'><strong>ΜΒ.</strong></span> <span class='ocrx_word' id='word_1_249' title='bbox 1002 3326 1035 3334; x_wconf 94' lang='grc'>-</span> <span class='ocrx_word' id='word_1_250' title='bbox 1060 3311 1140 3348; x_wconf 83' lang='lat' dir='ltr'><strong>eara-</strong></span> 
     </span>
     <span class='ocr_line' id='line_1_34' title="bbox 179 3365 1141 3441; baseline -0.009 -16"><span class='ocrx_word' id='word_1_251' title='bbox 179 3378 246 3427; x_wconf 78' lang='lat' dir='ltr'><strong>ruat</strong></span> <span class='ocrx_word' id='word_1_252' title='bbox 263 3373 337 3441; x_wconf 64' lang='lat' dir='ltr'>(W).</span> <span class='ocrx_word' id='word_1_253' title='bbox 375 3376 475 3425; x_wconf 75' lang='lat' dir='ltr'><strong>carcat</strong></span> <span class='ocrx_word' id='word_1_254' title='bbox 492 3370 538 3437; x_wconf 87' lang='lat' dir='ltr'><strong>M,</strong></span> <span class='ocrx_word' id='word_1_255' title='bbox 558 3369 651 3437; x_wconf 81' lang='lat' dir='ltr'><strong>vulgo.</strong></span> <span class='ocrx_word' id='word_1_256' title='bbox 688 3374 713 3422; x_wconf 86' lang='lat'><strong>4.</strong></span> <span class='ocrx_word' id='word_1_257' title='bbox 741 3384 766 3421; x_wconf 86' lang='lat' dir='ltr'><strong>a.</strong></span> <span class='ocrx_word' id='word_1_258' title='bbox 785 3367 843 3422; x_wconf 78' lang='lat' dir='ltr'><strong>dies</strong></span> <span class='ocrx_word' id='word_1_259' title='bbox 861 3367 958 3435; x_wconf 78' lang='lat' dir='ltr'><strong>quadr.</strong></span> <span class='ocrx_word' id='word_1_260' title='bbox 979 3365 1055 3432; x_wconf 77' lang='lat' dir='ltr'><strong>(On).</strong></span> <span class='ocrx_word' id='word_1_261' title='bbox 1083 3365 1141 3417; x_wconf 77' lang='lat' dir='ltr'><strong>dics</strong></span> 
     </span>
     <span class='ocr_line' id='line_1_35' title="bbox 166 3436 1141 3512; baseline -0.005 -20"><span class='ocrx_word' id='word_1_262' title='bbox 166 3457 222 3493; x_wconf 83' lang='lat' dir='ltr'><strong>om.</strong></span> <span class='ocrx_word' id='word_1_263' title='bbox 246 3441 285 3495; x_wconf 89' lang='lat' dir='ltr'><strong>M.</strong></span> <span class='ocrx_word' id='word_1_264' title='bbox 325 3459 350 3496; x_wconf 86' lang='lat' dir='ltr'><strong>a.</strong></span> <span class='ocrx_word' id='word_1_265' title='bbox 375 3458 401 3512; x_wconf 80' lang='lat' dir='ltr'><strong>q.</strong></span> <span class='ocrx_word' id='word_1_266' title='bbox 425 3441 452 3496; x_wconf 79' lang='lat' dir='ltr'><strong>d.</strong></span> <span class='ocrx_word' id='word_1_267' title='bbox 479 3439 566 3508; x_wconf 80' lang='lat' dir='ltr'><strong>Orat,</strong></span> <span class='ocrx_word' id='word_1_268' title='bbox 589 3438 619 3493; x_wconf 91' lang='lat' dir='ltr'><strong>B.</strong></span> <span class='ocrx_word' id='word_1_269' title='bbox 660 3438 704 3492; x_wconf 79' lang='lat' dir='ltr'><strong>An</strong></span> <span class='ocrx_word' id='word_1_270' title='bbox 726 3437 783 3492; x_wconf 76' lang='lat' dir='ltr'><strong>dies</strong></span> <span class='ocrx_word' id='word_1_271' title='bbox 806 3438 925 3505; x_wconf 76' lang='lat' dir='ltr'><strong>amplias</strong></span> <span class='ocrx_word' id='word_1_272' title='bbox 948 3453 972 3505; x_wconf 74' lang='lat' dir='ltr'><strong>q·</strong></span> <span class='ocrx_word' id='word_1_273' title='bbox 997 3436 1081 3504; x_wconf 81' lang='lat' dir='ltr'>(W.)?</span> <span class='ocrx_word' id='word_1_274' title='bbox 1107 3466 1141 3474; x_wconf 91' lang='grc'>-</span> 
     </span>
     <span class='ocr_line' id='line_1_36' title="bbox 151 3508 711 3584; baseline -0.011 -13"><span class='ocrx_word' id='word_1_275' title='bbox 151 3508 238 3561; x_wconf 63' lang='lat' dir='ltr'><strong>aare?</strong></span> <span class='ocrx_word' id='word_1_276' title='bbox 253 3516 284 3563; x_wconf 80' lang='lat' dir='ltr'><strong>te</strong></span> <span class='ocrx_word' id='word_1_277' title='bbox 301 3513 411 3584; x_wconf 82' lang='lat' dir='ltr'><strong>(Man).</strong></span> <span class='ocrx_word' id='word_1_278' title='bbox 453 3528 516 3569; x_wconf 82' lang='lat' dir='ltr'><strong>esse.</strong></span> <span class='ocrx_word' id='word_1_279' title='bbox 558 3510 597 3568; x_wconf 82' lang='lat' dir='ltr'><strong>Te</strong></span> <span class='ocrx_word' id='word_1_280' title='bbox 614 3509 711 3582; x_wconf 80' lang='lat' dir='ltr'><strong>vulgo.</strong></span> 
     </span>
    </p>
   </div>
   <div class='ocr_carea' id='block_1_9' title="bbox 0 0 1190 3878">
    <p class='ocr_par' dir='ltr' id='par_1_9' title="bbox 0 0 1190 3878">
     <span class='ocr_line' id='line_1_37' title="bbox 0 0 1190 3878; baseline 0 4"><span class='ocrx_word' id='word_1_281' title='bbox 0 0 1190 3878; x_wconf 95' lang='lat' dir='ltr'><strong> </strong></span> 
     </span>
    </p>
   </div>
  </div>
 </body>
</html>
