2370 3878
124 193 187 258 398
404 194 441 248 Μ.
462 194 584 249 TULLII
602 193 792 248 CICERONIS

122 339 247 421 veritis,
287 337 412 400 facilius
449 340 481 400 et
517 338 639 420 reliqua
676 338 800 422 exigere
837 338 1011 423 vectigalia
1048 344 1079 404 et

123 430 235 490 exacta
258 446 383 489 servare
406 424 591 508 poterimus.
636 424 763 488 Interea
791 447 853 509 quo
878 427 1078 491 commodius

21 586 25 593 ⁵
122 513 292 596 vectigalia
314 512 397 575 tueri
418 512 678 595 provinciamque
702 513 742 576 ab
765 513 882 576 iniuria
905 514 1077 578 defendere

122 601 252 684 possim,
262 599 456 683 praesidium
469 600 685 664 voluntarium
699 601 978 684 necessariumque
993 623 1077 667 com-

122 688 243 771 paravi.

89 777 103 824 ⁷
189 773 249 838 His
263 774 380 839 litteris
399 774 524 858 scriptis
543 775 660 838 milites
675 775 799 838 circiter
817 793 896 859 xxx,
917 798 998 859 quos
1013 776 1076 841 Do·

123 862 239 926 labella
263 884 302 926 ex
319 860 398 925 Asia
421 862 663 945 conscripserat,
686 883 724 924 ex
743 860 835 945 Syria
857 863 1021 947 fugientes
1043 865 1077 926 in

122 949 346 1034 Pamphyliam
369 953 538 1014 venerunt:
561 949 596 1012 hi
619 950 851 1013 nuntiaverunt
872 949 1076 1014 Dolabellam

123 1037 349 1119 Antiocheam,
381 1058 462 1121 quae
489 1037 524 1100 in
552 1035 643 1118 Syria
671 1040 732 1120 est,
764 1037 902 1119 venisse;
934 1059 1003 1103 non
1029 1060 1077 1102 re·

124 1131 251 1208 ceptum
274 1130 426 1189 conatum
449 1145 517 1188 esse
545 1124 714 1207 aliquoties
741 1125 773 1188 vi
795 1125 943 1207 introire,
972 1127 1076 1209 repul-

125 1235 196 1277 sum
219 1234 344 1295 semper
366 1234 435 1276 esse
458 1232 529 1275 curn
552 1232 670 1295 magno
694 1233 752 1275 suo
776 1212 967 1276 detrimento
982 1214 1005 1290 †
1019 1215 1076 1276 ita-

124 1322 185 1383 que
212 1322 238 1364 ο.
265 1300 391 1363 circiter
421 1299 560 1381 arnissis,
592 1299 696 1383 aegris
728 1299 847 1363 relictis
878 1303 977 1364 noctu
1011 1300 1076 1363 An·

123 1387 250 1451 tiochea
263 1386 444 1471 profugisse
459 1385 649 1450 Laodiceam
662 1407 786 1469 versus,
805 1409 842 1451 ea
855 1391 950 1452 nocte
966 1409 1076 1452 omnes

123 1474 189 1538 fere
213 1473 373 1538 Asiaticos
401 1475 518 1537 milites
546 1475 587 1538 ab
615 1496 652 1537 eo
680 1474 875 1557 discessisse3
902 1486 954 1538 ex'
967 1476 1009 1539 iis
1037 1476 1078 1539 ad

47 1626 50 1631 ,
125 1563 328 1646 octingentos
351 1560 565 1625 Antiocheam
586 1561 706 1625 redisse
725 1564 757 1626 et
780 1584 813 1626 se
835 1562 875 1626 iis
897 1562 1078 1645 tradidisse,

125 1649 179 1732 qui
202 1672 221 1712 a
245 1647 355 1713 Cassio
378 1649 481 1712 relicti
504 1648 576 1712 urbi
598 1649 646 1711 illi
668 1654 851 1733 praeerant,
874 1653 997 1714 ceteros
1020 1672 1078 1733 per

124 1736 287 1801 Amanum
313 1737 349 1800 in
376 1734 520 1800 Ciliciam
547 1736 761 1821 descendisse,
789 1759 851 1821 quo
880 1759 918 1800 ex
941 1759 1077 1803 numero

125 1847 158 1889 se
182 1846 308 1908 quoque
331 1846 400 1889 esse
423 1825 585 1906 dicebant,
611 1822 757 1889 Cassium
779 1829 887 1888 autem
915 1846 988 1888 eum
1012 1826 1078 1890 suis

125 1914 273 1978 omnibus
292 1913 393 1996 copiis
411 1913 595 1976 nuntiatum
614 1934 681 1976 esse
701 1913 862 1994 quatridui
886 1913 949 1976 iter
963 1935 982 1975 a
996 1912 1078 1978 Lao-

125 2001 214 2064 dicea
246 2001 364 2065 afuisse
400 2003 483 2084 turn,
519 2022 618 2083 quum
648 1999 818 2064 Dolabella
849 2021 886 2065 eo
917 2000 1079 2083 tenderet,

125 2090 333 2171 quamobrem
365 2089 516 2172 opinione
549 2088 681 2151 celerius
715 2088 840 2151 confido
874 2089 1079 2152 sceleratissi-

124 2197 213 2324 pum
244 2177 403 2240 latronem
436 2196 557 2259 poenas
591 2176 748 2239 daturum.
799 2193 858 2239 1111.
889 2173 974 2240 Non.
989 2172 991 2181 ’
1007 2175 1079 2240 Iun.

152 2282 237 2347 erga.

556 2437 645 2502 XVI.

272 2547 329 2603 Sor.
348 2548 465 2603 Athenis
484 2547 558 2602 VIII.
577 2548 639 2601 Kal.
659 2550 718 2602 Iun.
737 2564 762 2602 a.
781 2567 807 2602 u.
827 2565 850 2602 o.
871 2556 929 2603 710.

355 2669 561 2724 TREBONIUS
580 2669 749 2725 CICERONI
768 2671 843 2727 SAL.

92 2783 105 2828 1
193 2769 224 2835 S.
238 2793 267 2834 v.
281 2772 311 2834 b.
326 2792 352 2835 e.
397 2769 544 2834 Athenas
562 2770 636 2834 veni
655 2792 683 2833 a.
702 2771 730 2834 d.
749 2770 963 2836 x1.Kal.Iun.
982 2775 1080 2855 atque

125 2857 180 2939 ibi,
203 2857 288 2940 quod
310 2858 447 2922 maxime
471 2858 632 2942 optabam,
654 2858 719 2922 vidi
740 2859 842 2923 filium
864 2864 970 2943 tuum,
994 2859 1080 2924 dedi·

125 2949 196 3009 tum
219 2946 348 3029 optimis
368 2947 480 3011 studiis
499 2968 685 3029 summaque
703 2947 878 3011 modestiae
896 2947 996 3011 fama:
1016 2969 1081 3030 qua

127 3056 165 3097 ex
178 3055 212 3097 re
227 3037 382 3116 quantam
395 3035 594 3118 voluptatem
609 3034 756 3118 ceperim,
776 3035 856 3098 scire
865 3039 967 3118 ‚potes
982 3036 1081 3099 etiarn

126 3143 176 3186 me
199 3125 339 3205 tacente3
366 3122 542 3188 nonenim
564 3122 681 3205 nescis,
708 3123 821 3205 quanti
847 3125 880 3185 te
906 3122 1024 3186 faciam
1048 3127 1081 3186 et

193 3292 242 3360 Ep.
261 3296 301 3357 15,
321 3297 345 3345 7.
373 3289 397 3343 a·
410 3288 610 3342 nuntiaverunt
623 3284 670 3352 (W
672 3286 706 3352 .)?
726 3313 759 3323 -—
778 3283 943 3338 detriuccudo
957 3283 975 3351 †
989 3284 1083 3350 itaque

122 3381 143 3416 r.
163 3364 270 3416 circder
293 3361 401 3427 (MW.).
429 3359 460 3412 B.
484 3357 543 3412 sine
562 3357 588 3419 †.
620 3356 661 3409 ct:
683 3355 725 3408 ito
747 3353 807 3412 DC
823 3355 889 3436 circ.
915 3353 999 3421 (W.)?
1029 3354 1082 3435 (de

119 3436 213 3502 daque
229 3430 290 3485 DC
306 3447 327 3484 e.
347 3444 444 3498 margo
463 3427 556 3490 Crat).
576 3456 609 3466 —
629 3426 681 3479 itcr
700 3442 718 3478 o
735 3424 874 3478 Luodwco
892 3422 996 3490 (Crat).
1029 3427 1083 3476 ater

94 3504 139 3624 bh.
156 3502 324 3647 Mmrplgq
346 3500 497 3634 immo
515 3495 594 3569 (On).
630 3494 734 3567 Perque
748 3493 908 3562 thamus.
931 3493 984 3560 Ep.
1000 3498 1042 3559 16,
1057 3500 1081 3547 1.

112 3612 118 3623 ‘
142 3590 163 3627 θ’
237 3615 266 3633 ιο
323 3617 329 3632 ι
412 3617 420 3633 ι
