2370 3878
184 160 250 223 450
466 160 503 214 M.
519 160 643 215 TULLII
662 158 853 216 CICERONIS

179 304 222 370 Μ.
251 309 284 368 et
311 302 344 369 O.
373 302 501 368 Clodios
528 303 773 388 Archagathum
801 309 834 370 et
865 305 1057 392 Philonem3
1089 309 1135 373 sed

179 415 300 475 vereor,
318 413 368 476 ne,
387 392 462 474 quia
476 392 656 475 complures
669 393 728 455 tibi
747 395 918 477 praecipue
939 398 1135 480 commendo,

180 500 355 563 exaequare
369 481 479 544 videar
492 481 667 545 ambitione
682 481 821 563 quadam
840 485 1134 550 commendationes
1174 468 1177 573 l

181 591 281 651 meae,
309 590 503 719 quamquam
527 591 546 632 a
568 573 601 632 te
625 568 753 652 quidem
775 571 937 634 oumulate
966 574 1134 637 satisfitet

145 657 259 730 2mihi
292 661 324 720 et
355 657 434 720 meis
467 657 630 739 omnibus3
666 656 722 720 sed
753 658 849 721 velim
887 659 933 722 sio
966 661 1133 744 existimes,

180 745 264 809 hano
286 745 443 809 familiam
465 748 498 808 et
520 746 580 809 hos
602 745 682 809 mibi
700 747 837 809 maxime
856 768 926 810 esse
946 712 1133 813 ooniunetot

180 836 353 917 vetustate,
381 833 507 916 officiis,
534 833 766 897 benevolentia.
816 833 1036 910 Quamobrem
1062 841 1131 920 peto

181 944 200 985 a
222 925 254 984 te
278 922 312 984 in
335 922 489 985 maiorem
511 922 655 1004 modum,
678 924 715 984 ut
736 921 776 984 iis
800 922 950 987 omnibus
973 924 1011 987 in
1034 926 1132 1007 rebus,

182 1013 338 1092 quantum
360 1013 417 1073 tua
439 1010 516 1073 fides
540 1008 742 1093 dignitasque
765 1009 915 1094 patietur,
940 1013 1131 1077 commodes:

181 1098 215 1161 id
239 1098 266 1162 si
288 1098 411 1181 feceris,
435 1098 496 1161 erit
518 1097 598 1160 mihi
620 1097 898 1162 vehementissime
922 1103 1062 1183 gratum.

578 1289 732 1354 XXXIII.

458 1401 515 1456 Ser.
533 1402 638 1458 Romae
657 1419 681 1456 a.
700 1421 727 1456 u.
747 1419 769 1457 o.
791 1408 850 1458 708.

311 1523 458 1578 CICERO
477 1524 620 1579 ACILIO
640 1525 899 1581 PROCONSULI
916 1524 1000 1580 SAL.

247 1620 304 1688 On.
328 1622 464 1688 Otacilio
491 1623 635 1709 Nasone,
663 1626 769 1710 equite
796 1625 959 1709 Romano,
984 1629 1062 1691 utor
1087 1627 1131 1690 fa·

181 1711 403 1794 miliarissime,
425 1711 471 1775 ita
493 1734 638 1797 prorsuS,
660 1718 698 1777 ut
719 1714 805 1777 illius
828 1714 950 1779 ordinis
973 1716 1064 1780 nullo
1086 1714 1131 1778 fa

181 1801 349 1883 miliarias,
375 1822 452 1864 narn
480 1805 512 1864 et
538 1801 739 1866 humanitate
763 1802 830 1866 eius
859 1805 892 1865 et
913 1802 1077 1885 probitate
1099 1803 1131 1866 in

182 1889 411 1955 consuetudine
426 1890 613 1973 quotidiana
626 1911 745 1974 magno
760 1910 854 1973 opere
869 1890 1019 1954 delector.
1044 1889 1131 1954 Nihil

181 1979 246 2042 iam
270 2001 350 2063 opus
374 1982 422 2042 est
445 1981 627 2062 exspectare
649 1981 691 2062 te,
714 1978 829 2061 quibus
853 1999 925 2042 eum
948 1979 1056 2042 verbis
1074 1978 1132 2043 tibi

182 2067 409 2149 commendem,
432 2089 494 2149 quo
518 2067 563 2130 sio
586 2069 671 2150 utar,
693 2069 731 2129 ut
753 2066 873 2149 scripsi.
916 2064 1028 2130 Habet
1049 2067 1077 2130 is
1099 2067 1132 2130 in

181 2155 346 2237 provincia
359 2158 416 2217 tua
431 2154 569 2239 negotia,
583 2176 664 2238 quae
678 2157 854 2237 procurant
867 2153 982 2237 liberti,
991 2153 1133 2236 Hilarus,

181 2241 380 2326 Antigonus
398 2241 635 2326 Demostratus,
658 2264 738 2325 quos
765 2242 825 2305 tibi
848 2241 1044 2326 negotiaque
1068 2265 1132 2306 onr-

181 2329 236 2391 nia
253 2328 394 2393 Nasonis
412 2351 480 2394 non
496 2352 587 2394 secus
606 2330 802 2412 commende,
826 2351 863 2393 ao
881 2330 908 2394 si
926 2351 998 2393 mea
1018 2332 1133 2395 essent

182 2415 406 2481 Gratissimum
420 2417 499 2481 mibi
511 2417 633 2501 feceris,
643 2419 670 2482 si
683 2419 869 2482 intellexero
878 2418 963 2481 hane
973 2438 1133 2482 commen·

182 2505 345 2572 dationem
363 2525 518 2589 magnum
536 2506 621 2588 apud
639 2511 671 2570 te
693 2505 819 2590 pondus
837 2506 997 2570 habuisse.
1043 2506 1134 2572 Vale.

581 2697 733 2763 XXXIV.

458 2809 515 2866 Sor.
535 2810 639 2864 Romae
658 2827 682 2864 a.
701 2828 728 2863 u.
748 2827 770 2865 o.
791 2815 850 2865 708.

314 2932 461 2988 CICERO
480 2931 624 2988 ACILIO
642 2932 901 2988 PROCONSULI
917 2931 1001 2986 SAL.

203 3111 206 3117 .
248 3017 380 3097 Avitum
406 3034 486 3097 mihi
517 3032 693 3117 hospitium
725 3036 774 3096 est
805 3054 878 3097 oum
904 3031 1048 3117 Lysone,
1074 3031 1135 3117 Ly-

183 3122 270 3187 sonis
301 3121 381 3205 filio,
408 3120 633 3205 Lilybaetano,
664 3121 819 3204 valdeque
847 3120 887 3184 ab
916 3141 954 3185 eo
982 3121 1137 3186 observor

254 3278 305 3348 Ep
320 3283 363 3346 32,
378 3284 401 3332 1
440 3277 597 3341 Philonem
615 3277 703 3331 sed.
715 3292 827 3340 ¹;meus
845 3293 895 3345 9
907 3276 1074 3342 .omaibus;
1091 3276 1138 3330 sad

183 3351 258 3420 (W).
296 3348 348 3401 Pb.
385 3347 481 3403 Sed..
494 3363 604 3402 ¹vireas:
621 3364 672 3415 9..
684 3347 842 3402 .omnibus.
880 3345 934 3401 Sed
951 3346 1046 3416 vulgo
1083 3345 1139 3484 ll'

182 3428 225 3487 33,
241 3427 264 3475 1.
301 3418 425 3486 Nasorw,
444 3418 530 3487 equite
505 3416 685 3485 1111111111,
704 3422 767 3474 utor
785 3417 915 3486 (.)Kleyn.
896 3415 989 3485 )N.
1007 3421 1073 3471 utor

182 3463 273 3562 vulgo
