2370 3878
131 148 193 211 146
410 148 447 202 Μ.
467 147 591 203 TULLII
609 147 799 204 CICERONIS

128 294 179 358 his
206 292 342 357 miseriis
370 296 465 376 atque
493 315 532 358 ex
557 293 759 377 iniquissima
782 294 970 359 condicione
997 297 1083 362 ritae

94 400 110 450 5
129 381 297 446 videretur.
343 379 456 464 Quare,
479 381 506 446 si
527 381 588 446 tibi
610 403 710 446 unum
733 381 795 446 hoc
818 383 945 447 detrahi
966 388 1083 471 potest,

128 490 169 533 ne
189 469 265 552 quid
282 468 332 552 iis,
354 491 434 552 quos
453 470 577 553 amasti,
599 471 676 534 mali
693 474 787 553 putes
806 470 991 557 contigisse,
1013 495 1082 557 per·

128 559 266 643 multum
280 557 341 621 erit
359 578 396 620 ex
410 578 553 621 maerore
571 561 628 622 tuo
648 558 861 642 deminutum3
883 560 1084 644 relinquetur

129 646 215 709 enim
239 645 371 728 simplex
400 645 457 709 illa
483 646 548 709 iam
575 667 651 711 cura
674 647 794 712 doloris
820 648 882 732 tui,
910 670 992 731 quae
1016 671 1083 715 non

129 755 201 799 cum
223 734 287 798 illis
310 734 606 817 communicabitur,
629 735 684 799 sed
707 735 748 798 ad
770 739 802 799 te
824 736 932 819 ipsum
953 739 1083 821 proprie

128 822 297 906 referetur,
319 822 354 886 in
377 844 440 905 qua
462 843 530 886 non
552 826 601 886 est
623 823 688 886 iam
711 823 879 907 gravitatis
902 828 935 888 et
958 826 1082 910 sapien·

128 911 192 975 tiae
215 915 303 995 tuae,
333 932 429 995 quarn
460 914 496 975 tu
524 933 544 974 a
565 932 664 994 puero
688 912 891 996 praestitisti,
917 912 1003 977 ferre
1026 914 1082 978 im·

128 998 324 1066 moderatius
352 1020 461 1064 casum
483 998 759 1064 incommodorum
787 1003 930 1084 tuorum,
962 1002 1019 1085 qui
1041 1002 1084 1066 sit

129 1089 170 1152 ab
185 1110 304 1172 eorum,
323 1109 403 1171 quos
421 1087 577 1171 dilexeris,
594 1088 724 1151 miseria·
742 1089 890 1172 maloque
905 1089 1082 1173 seiunctus3

129 1178 248 1241 etenim
267 1198 340 1241 eum
355 1197 480 1258 semper
493 1179 525 1239 te
544 1179 578 1239 et
594 1176 728 1259 privatis
741 1176 776 1238 in
789 1177 884 1241 rebus
899 1180 931 1241 et
944 1177 1082 1260 publicis

128 1265 330 1348 praestitisti,
359 1263 480 1327 tuenda
501 1263 561 1327 tibi
583 1266 621 1326 ut
644 1264 686 1327 sit
708 1264 850 1348 gravitas
876 1269 910 1328 et
932 1270 1082 1331 constan-

128 1353 193 1415 tiae
216 1350 433 1432 serviendum3
459 1371 549 1433 nam,
577 1350 661 1433 quod
685 1351 822 1415 allatura
845 1355 894 1417 est
919 1353 992 1436 ipsa
1015 1354 1082 1418 diu-

129 1439 281 1522 turnitas,
309 1460 390 1521 quae
418 1438 572 1502 maximos
601 1439 707 1503 luctus
734 1443 895 1506 vetustate
922 1442 1024 1526 tollit,
1048 1441 1081 1504 id

94 1545 189 1592 snos
211 1527 394 1610 praecipere
422 1525 556 1590 consilio
583 1527 817 1611 prudentiaque
843 1529 1009 1612 debemus3
1036 1532 1081 1594 et·

130 1615 224 1697 enim,
248 1615 274 1679 si
296 1614 387 1679 nulla
408 1613 471 1678 fuit
492 1636 645 1698 umquam
667 1615 776 1679 liberis
794 1617 920 1681 amissis
937 1620 1006 1681 tam
1023 1617 1081 1681 im·

129 1703 243 1768 becillo
266 1703 381 1767 mulier
404 1703 525 1787 animo,
555 1725 635 1786 quae
658 1725 725 1768 non
752 1704 925 1788 aliquando
948 1705 1081 1790 lugendi

129 1792 260 1857 modum
286 1791 410 1876 fecerit,
437 1794 522 1856 certe
549 1813 623 1876 nos,
651 1792 736 1875 quod
764 1797 814 1856 est
841 1793 907 1857 dies
935 1793 1082 1877 allatura,

128 1880 162 1944 id
181 1881 314 1946 consilio
334 1879 493 1946 anteferre
512 1880 663 1946 debemus
683 1901 786 1964 neque
801 1884 985 1965 exspectare
1002 1885 1081 1947 tem-

129 1971 216 2052 poris
239 1970 443 2054 medicinam,
470 1991 567 2053 quam
592 1972 833 2053 repraesentare
854 1970 981 2034 ratione
1007 1991 1081 2055 pos·

130 2058 237 2121 simus.
281 2057 342 2121 His
365 2079 426 2142 ego
448 2057 564 2122 litteris
587 2057 713 2141 siquid
735 2057 951 2142 profecissem,
974 2058 1082 2122 existi·

130 2145 258 2209 mabam
282 2145 459 2227 optandum
482 2145 634 2227 quiddam
651 2167 702 2209 me
725 2165 793 2210 esse
817 2149 1008 2229 assecutum,
1031 2147 1081 2210 sin

129 2233 235 2296 minus
257 2231 342 2295 forte
364 2233 553 2315 valuissent,
581 2232 686 2296 officio
709 2236 819 2297 temen
842 2255 910 2298 esse
932 2233 1082 2299 functum

129 2321 189 2385 viri
220 2320 514 2384 benevolentissimi
545 2323 640 2402 atque
673 2322 872 2406 amicissimi3
903 2344 998 2406 quem
1030 2343 1082 2387 me

129 2409 189 2473 tibi
221 2412 253 2472 et
283 2407 382 2472 fuisse
415 2428 540 2492 semper
566 2409 727 2474 existimes
754 2411 850 2475 velim
877 2414 910 2475 et
935 2411 1082 2477 futurum

130 2519 198 2562 esse
221 2497 372 2562 confidas.

551 2689 657 2756 XVII.
681 2744 690 2763 s

174 2799 232 2858 Sor.
250 2803 355 2858 Itomae
375 2804 472 2859 eodem
490 2804 547 2861 fere
566 2807 700 2874 tempore,
720 2821 775 2873 quo
794 2822 836 2876 op.
858 2812 890 2862 18
910 2807 944 2874 (a
964 2809 1036 2878 702).

319 2927 356 2982 Μ.
376 2927 504 2983 CICERO
524 2929 550 2984 S.
569 2929 602 2984 D.
622 2928 652 2983 P.
672 2928 790 2985 SITTIO
809 2930 839 2985 P.
858 2931 889 2985 T.

93 3044 109 3092 1
194 3026 272 3093 Non
304 3029 464 3093 oblivione
494 3030 651 3094 amicitiae
683 3035 813 3095 nostrae
848 3052 952 3116 neque
982 3031 1083 3096 inter·

129 3118 281 3184 missione
304 3116 544 3182 consuetudinis
571 3140 660 3182 meae
691 3120 907 3202 superioribus
929 3121 1083 3204 tempori·

129 3208 189 3271 bus
214 3206 254 3271 ad
276 3210 308 3270 te
326 3207 432 3269 nullas
451 3206 573 3270 litteras
592 3207 674 3291 misi,
697 3208 752 3271 sed
773 3209 858 3291 quod
875 3209 983 3293 priora
1001 3213 1086 3273 tem·

129 3317 209 3380 pora
240 3295 275 3359 in
306 3294 407 3359 ruinis
439 3295 485 3357 rei
516 3295 663 3378 publicae
694 3296 876 3380 nostrisque
904 3299 1084 3386 iacuerunt,

190 3485 251 3573 Ep.
272 3494 313 3555 16,
328 3493 352 3541 6.
390 3486 522 3554 anteferre
540 3486 606 3555 (Μ.)Ι
644 3493 707 3542 aute
723 3488 794 3554 ferre
810 3489 842 3543 Β.
