2370 3878
129 159 193 224 378
415 159 452 215 Μ.
472 157 595 213 TULLII
613 157 804 213 CICERONIS

129 308 161 368 et
175 303 338 369 servitutis
357 302 449 366 dolor
463 302 616 387 depulsus
630 324 699 367 esse
714 302 867 385 videatur,
885 323 937 366 res
955 304 1095 386 publica

128 394 231 456 iaceat
252 392 286 454 in
310 391 349 454 iis
368 391 672 474 perturbationibus,
695 391 729 454 in
748 411 829 474 quas
848 390 993 454 camille
1014 413 1093 457 con·

91 497 108 544 2
129 480 213 543 iecit.
254 477 344 542 Haec
368 479 476 543 omnia
498 478 589 544 vobis
613 481 689 542 sunt
711 478 916 561 expedienda,
939 500 1002 542 nec
1026 480 1092 545 hoc

127 565 348 651 cogitandum,
376 567 454 630 satis
476 567 541 631 iam
563 567 682 630 habere
710 588 778 630 rem
801 567 964 649 publicam
989 589 1010 630 a
1033 591 1090 634 vo-

126 655 190 719 bis:
213 653 312 718 habet
334 654 390 717 illa
414 654 542 739 quidem
564 658 702 738 tantum,
725 657 882 737 quantum
905 676 1088 738 numquam

125 741 205 805 mihi
228 742 262 804 in
285 746 426 807 mentem
444 743 533 807 venit
552 747 673 826 optare,
696 742 750 806 sed
770 744 923 807 contenta
942 765 1013 806 non
1037 749 1088 808 est

126 834 158 893 ct
185 850 245 913 pro
272 832 496 915 magnitudine
524 835 557 894 et
580 831 679 894 animi
707 833 740 894 et
766 830 913 894 beneficii
941 832 1043 896 vestri
1067 855 1087 896 a

125 918 217 982 vobis
245 940 365 1003 magna
392 920 559 983 desiderat.
605 917 721 983 Adhuc
748 919 817 982 ulta
845 940 919 982 suas
946 919 1085 984 iniurias

125 1010 175 1070 est
191 1028 259 1090 ,per
285 1029 344 1070 vos
366 1007 498 1071 interitu
526 1007 669 1090 tyranni3
699 1005 781 1070 nihil
809 1006 959 1089 amplius:
989 1029 1084 1073 orna-

124 1099 235 1159 menta
257 1116 332 1159 vero
356 1117 414 1158 sua
437 1116 518 1179 quae
542 1093 753 1178 reciperavit?
776 1095 817 1158 ad
836 1095 922 1177 quod
945 1095 974 1159 ei
998 1117 1083 1161 mor-

124 1186 182 1248 tuo
209 1188 314 1268 paret,
346 1205 440 1266 quern
472 1185 580 1248 vivum
602 1184 686 1247 ferre
714 1204 781 1246 non
808 1182 957 1267 poterat?
990 1184 1083 1249 cuius

125 1293 200 1337 aera
231 1271 364 1356 refigere
396 1272 604 1353 debebamus,
636 1271 704 1334 eius
737 1271 834 1334 etiarn
864 1271 1083 1356 chirographa

125 1359 348 1425 defendimus?
390 1358 458 1443 „At
481 1361 566 1423 enim
593 1360 640 1423 ita
663 1358 887 1423 decrevimus.“
931 1358 1081 1424 Fecimus

123 1448 156 1512 id
180 1448 308 1531 quidem
330 1448 528 1531 temporibus
557 1447 704 1512 cedentes
710 1498 718 1530 ,
746 1469 827 1530 quae
856 1449 1023 1512 valentin
1046 1471 1081 1513 re

123 1536 253 1619 publica
284 1537 471 1619 plurimum3
503 1536 559 1600 sed
586 1536 795 1600 immoderate
823 1536 952 1618 quidam
975 1539 1010 1600 et
1032 1537 1080 1599 in-

123 1627 215 1709 grate
237 1628 350 1689 nostra
372 1624 526 1688 facilitate
545 1624 731 1688 abutuntur.
767 1619 888 1688 Verum
907 1624 987 1687 haec
1006 1644 1079 1708 pro-

123 1712 249 1797 pediem
272 1715 305 1776 et
327 1713 430 1777 multa
452 1713 515 1777 alia
538 1733 659 1776 coram:
682 1712 811 1776 interim
830 1711 926 1775 velim
950 1713 996 1776 sic
1019 1713 1080 1776 tibi

40 1812 43 1817 '
123 1799 325 1886 persuadeas,
348 1800 428 1864 mihi
451 1823 549 1885 quum
576 1800 623 1863 rei
645 1800 805 1882 publicae,
833 1821 930 1882 quem
952 1821 1080 1885 semper

122 1889 222 1954 habui
249 1890 460 1974 carissimam,
486 1893 556 1953 tum
585 1888 704 1953 amoris
726 1888 830 1952 nostri
860 1909 956 1951 eausa
978 1890 1079 1953 maxi·

122 2000 194 2044 mae
222 1996 316 2043 curae
338 1998 408 2043 esse
430 1981 521 2042 tuam
549 1977 748 2062 dignitatern.
794 1975 845 2041 Da
869 1996 1013 2060 operam,
1042 1983 1080 2041 ut

122 2068 239 2132 valeas,
283 2064 366 2132 Vale

575 2256 618 2324 II.

189 2372 247 2427 Sor.
264 2372 371 2428 Romae
390 2371 507 2427 exeunte
525 2385 620 2426 mense
639 2368 797 2440 Septembri
816 2385 840 2423 a.
859 2387 886 2422 u.
906 2387 928 2424 c.
950 2372 1009 2423 710.

413 2493 544 2550 CICERO
564 2493 689 2549 CASSIO
709 2492 784 2548 SAL.

88 2608 102 2658 1
188 2594 405 2662 Vehementer
435 2595 539 2659 laetor
568 2594 629 2658 tibi
656 2593 786 2678 probari
817 2590 1012 2657 sententiam
1045 2595 1079 2654 et

122 2687 302 2751 orationem
329 2705 447 2766 meam3
474 2704 538 2766 qua
564 2683 592 2746 si
616 2682 742 2766 saepius
770 2681 818 2744 uti
844 2681 968 2762 liceret,
994 2679 1077 2743 nihil

121 2779 207 2840 esset
228 2774 353 2860 negotii
370 2773 552 2836 libertatem
571 2775 604 2834 et
620 2791 688 2834 rem
706 2769 868 2852 publicam
886 2768 1077 2851 reciperare,

122 2863 178 2926 sed
191 2863 289 2928 horno
304 2882 414 2927 amens
429 2863 461 2923 et
479 2859 623 2943 perditus
641 2859 806 2941 multoque
824 2856 960 2939 nequior
979 2877 1075 2939 quam

121 2951 175 3016 ille
193 2952 272 3036 ipse,
294 2972 390 3035 quern
407 2952 444 3013 tu
461 2947 692 3032 nequissimum
711 2944 851 3010 occisum
869 2965 938 3007 esse
960 2944 1078 3027 dixisti,

122 3040 227 3105 caedis
249 3039 379 3104 initium
402 3036 536 3121 quaerit,
558 3035 743 3118 nullamque
762 3032 859 3095 aliam
881 3032 923 3095 ob
947 3053 1078 3097 causam

121 3149 173 3192 me
201 3132 365 3193 auctorem
392 3125 491 3190 fuisse
514 3122 660 3189 Caesaris
688 3118 902 3186 interficiendi
929 3120 1078 3184 crimina-

121 3219 188 3301 tur,
219 3217 282 3280 nisi
309 3219 346 3280 ut
372 3215 407 3279 in
438 3235 489 3278 me
516 3211 661 3278 ueterani
686 3209 874 3274 incitentur:
902 3208 988 3291 quod
1017 3229 1078 3294 ego

192 3424 244 3494 Ep.
270 3429 299 3492 1,
318 3428 342 3477 2.
379 3384 534 3478 deciddrats
558 3420 658 3475 Aditur
679 3418 741 3472 alta
768 3415 883 3486 (vulgo).
929 3417 956 3469 d.
981 3416 1077 3469 odd-ac.

113 3494 185 3550 Μία
200 3495 313 3567 Kleyn..
331 3494 364 3551 Β,
384 3526 419 3536 -
445 3492 513 3550 Vale
532 3490 590 3563 (n,
607 3488 716 3562 sulgon
750 3486 852 3558 qutcl
865 3485 977 3554 Kleyn„
993 3486 1025 3538 B.

1 3772 20 3819 '4
35 3798 51 3821 ι’
75 3812 80 3817 -
153 3798 264 3822 *Α
