2370 3878
129 126 194 191 208
411 126 448 179 sl.
468 124 591 180 TULLII
610 124 803 181 CICERONIS

130 293 213 353 esse3
234 270 364 333 mallem
386 291 475 353 auro,
497 273 647 354 argento,
670 269 736 333 aeri
760 274 878 335 essent.
924 268 1097 335 seduliae

129 360 318 425 iocabimur:
340 362 377 421 tu
405 358 519 422 adme
543 358 581 421 de
608 358 680 421 istis
707 358 805 425 rebus
833 358 984 424 omnibns
1011 352 1087 423 seri·

129 450 187 513 bas
205 447 302 512 velim
321 467 418 532 quam
440 446 692 530 diligentissime.
728 444 768 510 D.
795 460 861 513 1111.
883 445 970 514 Non
991 446 1082 513 Mart·

561 638 650 704 XIV.

408 750 465 806 Ser.
486 751 592 805 Romae
611 766 636 805 a.
655 769 682 805 ιι.
701 767 725 804 a.
746 755 806 804 701.

434 872 563 928 CICERO
582 872 774 928 TREBATIO.

94 986 109 1036 1
196 972 395 1059 Chrysippus
408 972 547 1056 Vettius,
561 971 637 1057 Cpri
655 972 823 1038 architecti
837 971 984 1059 hbertus,
1000 974 1076 1057 fecit,

129 1068 166 1129 ut
187 1068 220 1128 te
242 1085 310 1128 non
332 1064 552 1127 immemorem
574 1066 722 1145 putarem
740 1062 817 1145 mei3
839 1064 978 1128 salutem
1000 1064 1077 1128 enim

128 1153 234 1218 verbis
256 1152 321 1216 tuis
344 1150 424 1214 mihi
441 1151 621 1214 nuntiarat:
644 1149 737 1214 valde
754 1151 820 1213 iam
837 1150 947 1217 lautus
965 1173 1010 1236 es,
1032 1151 1078 1236 qui

129 1261 262 1327 gravere
293 1240 418 1302 litteras
455 1238 496 1301 ad
527 1259 578 1302 me
610 1237 700 1322 dare,
735 1237 860 1303 homini
895 1241 1079 1324 praesertim

128 1350 229 1414 prope
252 1327 437 1391 domestico.
482 1325 574 1401 Quod
598 1325 625 1389 si
648 1325 786 1391 seribere
810 1326 930 1392 oblitus
952 1350 1002 1413 es,
1029 1328 1078 1393 mi·

128 1439 190 1481 nus
212 1415 307 1479 multi
328 1415 394 1478 iam
415 1417 448 1478 te
471 1414 627 1479 advocato
650 1435 748 1478 eausa
770 1414 899 1499 cadent3
926 1416 955 1481 si
982 1416 1080 1482 nostri

129 1505 249 1570 oblitus
268 1524 312 1588 es,
334 1502 417 1566 dabo
437 1523 577 1586 operam,
599 1506 636 1566 ut
654 1503 737 1567 istuc
755 1503 893 1588 reniam,
911 1507 1081 1589 antequam

128 1595 224 1677 plane
252 1613 291 1655 ex
318 1590 426 1654 animo
453 1594 510 1654 tuo
538 1590 648 1654 effluo:
682 1591 733 1654 sin
761 1591 958 1657 aestivorum
987 1593 1080 1658 timor

127 1685 160 1744 te
184 1679 345 1764 debilitat,
372 1677 494 1762 aliquid
521 1679 680 1762 excogita,
706 1682 744 1743 ut
765 1678 871 1744 fecisti
893 1680 933 1744 de
955 1679 1080 1745 Britan-

94 1769 193 1833 2nia.
246 1767 331 1832 Illud
367 1767 496 1851 quidem
531 1766 726 1850 perlibenter
757 1766 866 1833 audivi
901 1789 941 1832 ex
972 1769 1081 1835 eodem

128 1856 323 1943 Chrysippo,
349 1858 381 1919 te
405 1876 474 1920 esse
497 1851 627 1919 Caesari
648 1854 854 1938 familiarem
882 1855 939 1920 sed
961 1858 1080 1931 meher-

128 1949 197 2011 cule
220 1947 363 2029 mallem,
389 1944 422 2008 id
450 1943 536 2028 quod
565 1946 635 2008 erat
661 1943 807 2028 aequius,
834 1944 873 2008 de
900 1944 966 2009 tuis
987 1945 1081 2010 rebus

128 2057 166 2099 ex
187 2035 253 2097 tuis
275 2034 391 2097 litteris
415 2054 512 2116 quam
530 2032 714 2116 saepissime
734 2052 974 2117 cognoscerem:
997 2032 1081 2118 quod

128 2126 213 2186 certe
235 2122 283 2185 ita
304 2121 403 2205 fieret,
427 2121 454 2184 si
476 2123 513 2184 tu
532 2120 700 2184 maluisses
720 2120 964 2185 benevolentiae
986 2143 1081 2206 quam

126 2209 233 2273 litium
259 2209 330 2272 iura
357 2208 545 2293 perdiscere.
594 2205 657 2273 Sed
683 2208 763 2272 haee
791 2208 889 2273 iocati
917 2230 1029 2274 sumus
1051 2212 1081 2274 et

127 2302 184 2361 tuo
208 2317 296 2360 more
319 2299 352 2360 et
373 2295 524 2361 nonnihil
542 2296 638 2360 etiam
656 2299 778 2362 nostro.
815 2295 861 2361 Te
884 2297 978 2362 valde
996 2320 1080 2363 ams-

127 2404 344 2538 musfiposque
366 2405 386 2449 a
408 2387 440 2448 te
463 2384 565 2449 amari
588 2405 688 2468 quum
710 2385 868 2472 volumus,
891 2388 963 2453 tum
984 2386 1081 2452 etiam

128 2494 190 2539 con
235 2494 327 2538 rmus.

568 2662 641 2731 XV.

404 2774 461 2833 Ser.
480 2775 586 2831 Romae
604 2792 628 2831 a.
648 2794 675 2831 u
694 2793 718 2833 e.
738 2781 798 2834 ⁵101.

434 2897 562 2955 CICERO
581 2898 774 2955 TREBATIO.

92 3017 107 3068 1
193 2995 297 3075 Quam
320 2997 385 3065 sint
407 2999 536 3083 morosi,
558 2999 614 3082 qui
632 3001 752 3081 amant,
774 2999 826 3064 vel
848 3019 887 3063 ex
903 2997 967 3064 hoo
989 2999 1083 3064 intel·

125 3086 185 3173 ligi
206 3089 326 3172 potest:
350 3087 483 3151 moleste
506 3086 648 3150 ferebam
675 3091 772 3151 antea
794 3090 827 3151 te
849 3086 988 3151 invitum
1009 3087 1084 3152 istie

127 3197 209 3259 esse3
236 3174 355 3260 pungit
376 3194 427 3238 me
454 3196 578 3259 rursuS,
605 3175 691 3258 quod
719 3173 831 3238 scribis
858 3195 928 3238 esse
953 3177 988 3238 te
1009 3174 1085 3240 istic

126 3263 276 3347 libentem
308 3283 413 3346 neque
440 3263 526 3327 enim
552 3282 625 3326 mea
652 3262 929 3329 commendatione
954 3264 990 3328 te
1015 3284 1087 3329 non

198 3453 249 3524 Ep.
270 3459 312 3522 14,
328 3460 352 3509 1.
389 3454 472 3524 effluo
490 3452 557 3523 (lu).
594 3452 704 3520 effluam
723 3453 763 3523 1..,
781 3452 812 3506 Β.
