2370 3878
362 144 620 250 muscetanum
638 145 698 200 ΧΠ.
720 153 743 200 1.
761 152 786 199 2.
988 144 1052 209 379

97 291 274 375 periculum
296 311 364 356 nou
382 290 563 374 extimesco,
586 289 681 356 modo
700 290 798 355 vestri
816 290 896 354 facti
916 291 1053 375 gloriam

99 400 172 443 cum
193 400 266 443 mea
286 379 381 443 laude
411 379 633 444 communicet
683 379 734 443 Ita
760 400 819 442 nec
846 377 971 462 Pisoni,
999 381 1053 462 qui

98 467 133 530 in
156 488 228 531 eum
255 467 377 551 primus
404 468 550 532 invectus
577 470 628 531 cst
649 468 739 532 nullo
763 466 971 550 assentiente,
994 489 1053 530 nec

98 554 187 638 milri,
209 557 264 639 qui
286 556 372 620 idem
393 556 555 620 tricesimo
577 558 654 639 post
676 555 726 619 die
748 554 820 639 feci,
842 576 902 619 nec
924 554 960 618 P.
983 553 1053 619 Ser-

98 643 188 727 vilio,
215 644 269 727 qui
301 666 353 707 me
381 648 430 709 est
452 648 657 725 consecutus,
679 647 750 708 tuto
773 644 808 707 in
831 647 979 708 senatum
1002 666 1053 707 ve-

98 731 168 794 nire
195 731 283 815 licet,
311 732 440 796 caedem
472 733 559 796 enim
586 731 747 816 gladiator
774 732 900 816 quaerit
922 732 1053 814 eiusque

99 819 227 884 initium
251 842 278 884 a.
302 821 331 884 d.
353 839 424 883 xm.
446 821 518 884 Kal.
546 819 675 884 Octobr.
707 842 727 883 a
749 841 800 884 me
832 841 865 884 se
892 820 1054 884 facturum

98 908 239 991 putavit,
266 909 306 972 ad
335 930 431 992 quem
462 913 595 993 paratus
623 912 767 990 venerat,
795 929 894 990 quum
920 908 1055 972 invilla

99 994 222 1059 Metelli
254 997 435 1080 complures
467 997 534 1060 dies
566 1000 802 1060 commentatus
839 1000 937 1078 esset,
973 1018 1054 1079 quae

100 1087 209 1148 autem
240 1085 275 1148 in
306 1085 417 1149 lustris
449 1089 482 1149 et
511 1086 548 1148 in
579 1085 655 1148 vino
688 1083 916 1149 commentatio
948 1085 1055 1167 potuit

100 1173 192 1235 esse?
227 1173 336 1256 itaque
369 1173 519 1237 omnibus
550 1177 599 1236 est
630 1172 732 1256 visus,
763 1175 801 1236 ut
831 1171 872 1235 ad
899 1174 931 1234 te
959 1175 1055 1236 antea

101 1261 223 1344 scripsi,
244 1283 373 1326 vomere
396 1283 455 1326 suo
478 1282 576 1344 more,
598 1282 664 1325 non
684 1260 796 1324 dicere.
833 1258 946 1343 Quare,
969 1260 1090 1342 quoda

102 1348 214 1412 scribis
237 1353 269 1413 te
293 1350 452 1414 confidere
470 1349 661 1414 auctoritate
684 1352 718 1413 et
736 1348 920 1431 eloquentia
942 1352 1055 1412 nostra

103 1435 223 1519 aliquid
245 1437 357 1520 profici
379 1458 487 1522 posse,
513 1437 676 1519 nonnihil,
703 1440 740 1502 ut
766 1438 802 1500 in
827 1437 929 1500 tantis
952 1437 1055 1518 malis,

102 1526 151 1587 est
182 1525 375 1608 profectum3
410 1526 564 1611 intelligit
599 1526 685 1590 enim
717 1526 855 1610 populus
886 1524 1054 1590 Romanus

101 1616 167 1676 tres
190 1634 259 1677 esse
282 1615 480 1698 consulares,
503 1615 571 1699 qui,
593 1614 678 1698 quia,
706 1635 784 1695 quoe
806 1614 845 1678 de
868 1614 1054 1697 republica

101 1699 182 1764 bene
205 1703 377 1787 senserint,
403 1703 502 1767 libere
524 1703 625 1767 locuti
648 1703 726 1785 sint,
753 1706 825 1767 tuto
848 1702 883 1766 in
906 1706 1054 1766 senatum

102 1789 209 1853 venire
232 1791 458 1875 nonpossint.
494 1790 563 1855 Nee
586 1794 636 1855 est
657 1794 833 1875 praeterea,
855 1790 941 1872 quod
965 1790 1054 1872 quid-

102 1897 198 1962 quam
230 1883 408 1962 exspectes;
440 1883 515 1942 tuus
547 1878 633 1943 enim
664 1878 864 1943 necessarius
897 1877 1054 1940 affinitate

102 1984 187 2028 nova
204 1965 392 2031 delectatur:
417 1968 526 2050 itaque
545 1967 611 2030 iam
629 1987 696 2030 non
714 1968 764 2030 est
782 1964 945 2029 studiosus
966 1964 1055 2029 ludo-

101 2074 173 2116 rum
195 2054 387 2138 infinitoque
408 2054 519 2118 fratris
541 2055 589 2119 tui
612 2055 727 2138 plausu
747 2052 952 2136 dirumpitur,
975 2053 1056 2116 alter

101 2140 178 2204 item
206 2142 314 2206 affinis
342 2143 434 2208 novis
462 2143 701 2208 commentariis
724 2139 869 2206 Caesaris
897 2140 1055 2205 delenitus

101 2233 159 2293 est.
196 2228 258 2295 Sed
277 2231 357 2296 haec
374 2231 567 2296 tolerabilia:
590 2231 670 2295 illud
688 2252 755 2296 non
772 2229 949 2313 ferendum,
970 2230 1056 2313 quod

101 2321 160 2400 est,
182 2319 237 2401 qui
259 2323 366 2384 vestro
390 2341 476 2384 anno
495 2320 597 2384 filium
616 2341 709 2384 suum
727 2318 891 2384 consulem
909 2317 1056 2383 futurum

101 2409 195 2488 putet
217 2408 258 2472 ob
282 2430 416 2492 eamque
439 2428 568 2474 causam
597 2429 631 2472 se
653 2407 728 2471 huic
755 2407 874 2471 latroni
898 2406 1055 2471 deservire

100 2515 178 2576 prae
197 2515 231 2559 se
249 2495 341 2560 ferat.
376 2495 463 2560 Nam
481 2495 517 2561 L.
531 2495 636 2578 Cotta,
656 2495 823 2559 familiaris
841 2516 941 2577 meus,
962 2494 1056 2558 fatali
1074 2507 1090 2555 3

101 2582 241 2664 quadam
272 2584 508 2668 desperatione,
543 2588 581 2649 ut
612 2584 671 2667 ait,
702 2584 808 2648 minus
839 2583 875 2647 in
906 2586 1055 2646 senatum

100 2671 202 2752 venit3
229 2670 264 2736 L.
288 2670 419 2756 Caesar,
446 2674 587 2758 optimus
610 2677 643 2737 et
664 2671 860 2737 fortissimus
883 2669 975 2752 civis,
1001 2691 1054 2733 va·

100 2757 243 2823 letudine
265 2760 452 2845 impeditur,
474 2760 540 2826 Ser.
563 2759 722 2845 Sulpicius
746 2763 779 2824 et
798 2779 924 2823 summa
947 2761 1054 2822 aucto-

100 2845 196 2911 ritate
223 2851 257 2912 et
284 2850 404 2933 optime
432 2850 574 2914 sentiens
601 2869 669 2914 non
701 2849 804 2931 adest,
835 2847 976 2930 reliquos
1003 2868 1054 2911 ex·

100 2935 202 3019 ceptis
225 2935 402 3021 designatis
424 2938 557 3021 ignosce
579 2936 661 3000 mihi
683 2935 711 3000 si
733 2958 801 3000 non
823 2956 957 2999 numero
981 2956 1055 2999 con-

44 3086 51 3112 ,
100 3023 231 3088 solares.
275 3023 386 3088 Habes
418 3028 566 3090 auctores
592 3024 719 3089 consilii
745 3023 878 3108 publici:
911 3022 966 3106 qui
997 3043 1055 3086 nu·

99 3132 206 3176 merus
230 3112 328 3177 etiam
350 3113 446 3177 bonis
464 3114 560 3178 rebus
579 3113 713 3197 exiguus
733 3115 826 3194 esset,
849 3111 925 3195 quid
944 3130 1055 3174 censes

99 3200 256 3284 perditis?
280 3223 379 3286 quare
403 3223 475 3286 spes
499 3205 549 3265 est
571 3201 677 3265 omnis
698 3201 735 3265 in
757 3200 858 3281 vobis,
881 3198 936 3282 qui
960 3198 986 3261 si
1009 3197 1055 3260 id-

99 3289 183 3354 circo
207 3290 337 3374 abestis,
359 3294 397 3354 ut
419 3291 490 3354 sitis
512 3290 655 3371 intuto,
677 3310 718 3352 ne
740 3289 776 3352 in
798 3286 890 3352 vobis
913 3285 1055 3368 quidem:

99 3377 150 3441 sin
177 3378 298 3461 aliquid
326 3378 462 3463 dignum
488 3381 596 3442 vestra
628 3377 731 3462 gloria
763 3373 928 3459 cogitatis,
958 3373 1056 3437 velim

98 3466 195 3555 salvis
218 3466 327 3551 nobis3
354 3466 405 3530 sin
427 3466 461 3530 id
483 3465 606 3552 minus,
631 3486 685 3531 res
709 3468 826 3530 tamen
842 3460 983 3548 putum
1003 3481 1068 3543 per
