2370 3878
338 203 596 280 mussoniaun
614 225 661 280 ur.
681 232 723 280 οῖ.
947 226 1010 289 371

54 374 168 433 tumne
185 390 236 432 me
253 373 358 453 putas,
381 391 444 452 qua
462 365 634 454 celeritate,
652 373 690 434 ut
706 370 846 454 primum
864 370 1011 453 audieris,
1080 452 1082 457 Ι

55 457 98 522 ad
121 478 173 522 me
188 456 328 523 Tarento
352 457 536 522 advolaris?
559 479 642 542 quae
663 461 721 523 tua
743 459 843 522 fuerit
864 459 1012 540 assessio,

59 546 176 628 oratio,
207 544 407 610 confirmatio
441 546 541 609 animi
572 546 634 610 mei
666 546 762 610 fracti
793 547 1011 612 communium

55 633 256 699 miseriarum
278 633 388 697 metu?
434 633 579 697 'landem
601 634 774 717 aliquando
796 634 919 700 Romae
942 645 1046 699 esset

56 721 233 806 coepimus:
256 721 333 805 quid
356 720 458 785 defuit
480 726 611 786 nostrae
629 722 865 786 familiaritati?
887 724 923 787 in
944 744 1010 786 ma-

55 809 149 874 ximis
181 809 277 874 rebus
309 831 451 894 quonam
482 810 579 875 modo
607 831 751 894 gererem
782 833 833 874 me
860 811 1012 876 adversus

56 895 235 980 Caesarem,
257 920 336 962 usus
357 902 414 962 tuo
433 898 568 963 consilio
587 920 667 981 sum,
689 898 725 961 in
742 899 874 982 reliquis
892 899 1012 964 officio:

56 986 108 1051 cui
131 989 169 1050 lu
190 986 333 1050 tribuisti
355 990 488 1069 excepto
508 984 643 1050 Caesare
666 989 794 1070 praeter
816 1008 877 1069 me,
899 990 936 1050 ut
958 987 1012 1051 do-

56 1096 146 1138 mum
172 1074 276 1138 veniit
262 1078 348 1138 taras
370 1074 531 1157 horasque
559 1075 677 1138 multas
701 1095 796 1158 saepe
824 1074 1013 1140 suavissimo

56 1183 206 1227 sermone
228 1161 455 1227 consumeres?
488 1167 571 1245 tum,
594 1184 693 1246 quum
716 1165 826 1246 etiam,
854 1163 882 1227 si
905 1163 1013 1239 memi-

56 1251 144 1333 nisti,
166 1254 203 1315 ut
225 1251 305 1314 haec
328 1246 605 1330 φιλοσοφούμενα
627 1250 808 1336 scriberem,
830 1255 866 1315 tu
886 1273 938 1315 me
955 1252 1013 1314 im·

56 1339 180 1422 pulisti.
232 1337 312 1402 Post
344 1335 490 1402 Caesaris
519 1338 659 1403 reditum
695 1340 773 1424 quid
808 1340 868 1404 tibi
899 1339 1013 1403 maiori

57 1447 153 1490 curae
176 1425 252 1509 fuit,
279 1449 375 1510 quam
402 1430 439 1491 ut
464 1448 567 1492 essem
594 1449 654 1513 ego
677 1429 725 1492 illi
753 1450 850 1512 quam
877 1428 1012 1492 familia-

55 1513 226 1578 rissimus?
266 1515 351 1599 quod
389 1515 546 1581 effeceras.
604 1515 764 1592 Quorsum
799 1518 899 1601 igitur
935 1516 1049 1581 haece

58 1603 163 1668 oratio
185 1603 323 1688 longior,
345 1625 441 1687 quam
464 1605 635 1689 putaram?
678 1605 761 1682 Quia
783 1628 855 1669 sum
878 1605 1013 1669 admira·

58 1695 171 1755 tteus
175 1741 184 1773 ,
216 1692 270 1775 qui
297 1692 377 1756 haec
408 1714 504 1757 nosse
531 1693 676 1780 deberes,
708 1694 883 1778 quidquam
914 1715 934 1757 a
962 1715 1014 1757 me

59 1780 278 1863 commissum,
314 1780 400 1863 quod
432 1784 516 1844 esset
548 1782 689 1846 alienum
719 1786 833 1846 nostra
865 1781 1015 1864 amicitia,

59 1867 243 1950 credidisse3
270 1889 346 1932 nam
373 1872 465 1952 praet
466 1890 501 1932 cr
526 1869 620 1951 haec,
649 1891 731 1951 quae
759 1869 1015 1951 commemoravi,

60 1977 142 2039 quae
168 1959 289 2020 testata
316 1960 393 2020 sunt
421 1960 453 2020 et
475 1956 627 2040 illustria,
653 1955 758 2021 babeo
785 1957 867 2020 mult
853 1960 888 2019 ta
911 1957 1015 2020 occul·

58 2044 152 2128 tiora,
174 2065 255 2127 quae
279 2045 331 2108 vix
354 2044 460 2109 verbis
483 2045 612 2128 exsequi
639 2065 779 2128 possum.
825 2043 942 2108 Omnia
963 2066 1014 2109 me

58 2136 116 2196 tua
139 2131 313 2216 delectant,
340 2133 395 2196 sed
418 2133 554 2196 maxime
582 2134 722 2196 maxima
749 2155 848 2215 quum
874 2132 952 2197 fides
980 2134 1015 2198 in

59 2219 211 2302 amicitia,
233 2221 411 2303 consilium,
435 2220 587 2306 gravitas,
609 2222 801 2303 constantia,
823 2225 893 2285 turn
915 2223 1015 2305 lepos,

58 2308 254 2392 humanitas,
275 2309 411 2373 litterae.
456 2308 659 2393 Quapropter
682 2309 841 2374 -redeo
864 2331 951 2374 nuno
974 2312 1015 2374 ad
1035 2319 1049 2367 7

59 2396 223 2480 querelam
245 2433 287 2444 -
312 2419 373 2482 ego
400 2402 432 2461 te
456 2397 645 2482 suffragium
667 2398 779 2462 tulisse
809 2398 843 2461 in
866 2398 921 2461 illa
944 2399 1014 2481 lege

58 2484 200 2569 primum
223 2506 290 2550 non
313 2486 445 2569 credidi;
472 2486 601 2570 deinde,
628 2487 655 2550 si
679 2486 896 2568 credidissem,
923 2506 1014 2548 num·

60 2595 158 2657 quam
189 2572 222 2636 id
245 2574 321 2638 ‘sine
352 2575 460 2658 aliqua
491 2575 578 2639 iusta
608 2596 705 2640 causa
737 2575 951 2638 existimarem
983 2576 1015 2636 tc

10 2724 12 2731 .
58 2662 182 2726 fecisse.
216 2661 368 2746 Dignitas
385 2667 443 2727 tua
460 2663 549 2747 facit,
565 2667 602 2726 ut
621 2662 903 2743 animadvertatur,
926 2659 1015 2743 quid·

60 2749 137 2833 quid
159 2750 274 2832 facias3
297 2752 522 2817 malevolentia
545 2755 653 2815 autem
675 2751 854 2833 hominum,
876 2752 914 2815 ut
935 2771 1015 2814 non·

59 2837 151 2902 nulla
172 2838 292 2921 durius,
315 2861 411 2922 quam
434 2862 454 2903 a
475 2843 507 2904 te
530 2841 618 2903 faeta
640 2840 715 2922 sint,
736 2839 954 2923 proferantur:
978 2859 1016 2902 ea

59 2930 97 2990 tu
125 2926 152 2990 si
178 2947 246 2991 non
270 2927 375 3009 audis,
402 2927 479 3011 quid
506 2927 624 3010 dicam,
651 2929 773 3010 nesei03
801 2927 961 3011 equidem,
988 2927 1016 2990 si

60 3012 191 3098 quando
219 3015 328 3098 audio,
358 3019 427 3079 tam
454 3015 604 3098 defendo,
636 3037 733 3099 quam
764 3037 816 3079 me
844 3016 909 3079 seio
938 3036 957 3076 a
982 3017 1016 3076 te

60 3104 174 3166 contra
190 3102 319 3185 iniquos
338 3125 426 3167 meos
445 3105 549 3168 solere
566 3103 704 3168 defendi.
739 3102 894 3168 Defensio
908 3105 1016 3165 autem

59 3193 111 3254 est
133 3190 262 3275 duplex:
291 3192 354 3255 alia
377 3195 467 3276 sunt,
490 3213 571 3276 quae
594 3192 716 3276 liquido
743 3213 863 3278 negare
886 3190 1016 3271 soleam,

131 3416 184 3486 Ep.
208 3423 255 3485 27,
274 3424 298 3472 6
338 3419 457 3473 maxiano
482 3420 605 3474 maxima
629 3419 694 3487 (ΜΗ)
739 3434 774 3472 οι.
803 3415 849 3487 [m.
952 3456 957 3467 .
1015 3455 1022 3466 .

61 3492 84 3540 7
115 3486 257 3558 Quaqropt
258 3505 338 3542 er-
305 3491 434 3545 -redeo
451 3506 478 3545 a
502 3491 541 3546 ad
558 3491 750 3562 querelam—
772 3505 820 3560 eqo
891 3489 920 3558 ἢ

57 3574 84 3611 ra
103 3559 180 3624 adq.
215 3558 280 3626 Epo
298 3559 391 3629 vulgo

771 3654 831 3711 ab*
