2370 3878
138 124 201 187 176
417 123 454 176 Μ.
470 122 594 177 man
612 122 804 177 CICERONIS

134 290 219 333 meas
246 269 383 350 litteras,
415 287 495 350 quas
522 268 551 331 ei
578 266 740 348 redderes,
772 288 896 331 morem
922 268 962 332 iis
990 269 1088 353 gessi:

131 378 242 421 earum
264 356 445 419 litterarum
468 358 649 438 exemplum
670 354 757 418 infra
780 356 937 439 seriptum
960 361 1020 421 est.

579 546 636 611 IX.

330 658 386 713 Ser.
402 658 507 713 Romae
521 662 640 713 exeunte
655 675 728 713 anno
741 677 768 712 ιι.
784 675 807 713 e.
823 664 884 715 ⁷08.

272 782 312 840 M.
334 781 463 836 CICERO
489 782 521 840 Τ,
539 781 726 837 FURFANIO
750 780 897 837 PROCOS.
917 781 947 837 S.

97 895 110 943 1
198 879 279 946 Cum
310 882 349 946 A.
377 880 515 946 Caecina
546 886 640 945 tanta
670 881 751 945 mihi
780 881 987 947 familiaritas
1014 902 1086 948 eon·

132 971 330 1054 suetudoque
354 992 479 1053 semper
500 969 572 1053 fuit,
594 973 631 1034 ut
649 971 739 1033 nulla
757 969 861 1035 maior
881 990 954 1034 esse
971 972 1087 1055 possit3

130 1081 207 1124 nam
229 1063 263 1124 et
285 1064 376 1143 patre
399 1060 477 1142 eius,
500 1060 587 1122 claro
610 1057 741 1122 homine
764 1061 799 1121 et
818 1057 898 1121 forti
914 1059 996 1143 vire,
1018 1060 1086 1143 plu·

130 1149 247 1210 rimum
271 1170 342 1210 sum
364 1168 442 1210 usus
470 1149 503 1209 et
529 1147 616 1210 hune
644 1167 799 1229 apuere,
825 1144 914 1228 quod
940 1150 976 1210 et
998 1168 1087 1231 spem

130 1256 283 1319 magnam
306 1234 385 1297 mihi
404 1234 557 1297 afferebat
575 1255 718 1298 summae
736 1234 909 1317 probitatis
928 1254 1086 1299 summae

131 1344 192 1405 que
219 1321 420 1404 eloquentiae
448 1325 481 1384 et
513 1323 641 1386 vivebat
670 1342 795 1386 meeum
823 1322 1085 1387 eoniunetissime

129 1430 197 1472 nen
220 1410 324 1473 solum
347 1409 506 1472 amicitiae
529 1410 654 1493 officiis,
677 1410 849 1474 sedetiam
867 1410 984 1475 studiis
1002 1432 1086 1476 eom·

130 1497 294 1578 munibus,
322 1497 367 1560 sie
391 1518 515 1580 semper
541 1499 650 1581 dilexi,
677 1499 767 1562 nullo
794 1500 832 1562 ut
858 1518 933 1561 eum
953 1498 1085 1564 homine

94 1584 332 1654 acomunetius
358 1584 507 1648 viverem.
556 1585 648 1650 Nihil
675 1587 793 1650 attinet
814 1604 865 1649 me
891 1587 990 1669 plura
1012 1587 1085 1651 seri·

130 1673 218 1755 bere3
242 1693 338 1755 quam
360 1673 441 1735 mihi
463 1694 593 1737 neeesse
617 1675 659 1737 sit
681 1675 749 1738 eius
769 1675 906 1737 salutem
928 1677 963 1737 et
984 1674 1084 1740 fortar-

129 1782 189 1824 nas
212 1761 465 1844 quibuscumque
487 1762 583 1825 rebus
605 1763 728 1845 possim
750 1762 843 1845 tueri,
864 1761 963 1826 vides.
1001 1762 1084 1826 Reli·

129 1871 229 1932 quum
252 1853 309 1933 est,
331 1852 376 1933 ut,
399 1871 498 1933 quum
522 1851 689 1934 cognorim
711 1850 858 1933 pluribus
879 1849 987 1934 rebus,
1009 1850 1084 1934 quid

129 1942 164 2000 tu
189 1942 222 2001 et
244 1939 283 2002 de
306 1938 466 2003 bonorum
489 1938 621 2002 fortuna
644 1942 677 2001 et
698 1938 738 2002 de
760 1938 807 2001 rei
830 1936 979 2021 publicae
1002 1939 1083 2003 eale}

129 2026 295 2088 mitetibus
328 2028 475 2110 sentires,
507 2026 589 2089 nihil
616 2048 636 2089 a
662 2029 694 2089 te
726 2029 848 2109 petam,
878 2025 943 2089 nisi
974 2030 1014 2091 ut
1043 2026 1083 2090 ad

130 2133 201 2175 eam
224 2113 437 2196 voluntatem,
465 2135 562 2197 quam
588 2116 645 2177 tua
668 2117 784 2197 sponte
811 2133 889 2198 erga
911 2111 1083 2179 Caecinam

128 2198 298 2262 habiturus
330 2222 378 2283 es,
408 2205 519 2265 tantus
547 2203 692 2265 eumulus
720 2201 852 2266 aeeedat
880 2202 1083 2267 cemmenda-

129 2287 217 2350 tione
240 2307 321 2369 mea,
343 2289 457 2370 quanti
479 2309 530 2352 me
554 2310 573 2352 a
595 2293 627 2353 te
650 2290 720 2353 fieri
737 2290 899 2375 intelligo:
920 2290 985 2356 hoe
1004 2289 1082 2355 mihi

129 2375 253 2459 gratius
275 2375 382 2439 faeere
404 2376 486 2442 nihil
508 2381 610 2460 potes.
655 2377 746 2442 Vale.
1124 2376 1127 2383 '

582 2568 623 2636 X.

420 2680 477 2736 Ser.
492 2681 597 2736 Remae
612 2699 636 2736 a.
652 2700 678 2736 ιι.
693 2698 716 2735 e.
733 2686 793 2736 708.

375 2801 504 2858 CICERO
533 2804 719 2860 TREBIANO
749 2805 776 2859 S.
801 2803 834 2858 Ι).

94 2920 110 2972 1
193 2899 266 2988 Ego
290 2904 403 2985 quanti
424 2908 457 2968 te
479 2904 597 2969 faciam
620 2925 806 2989 semperque
828 2903 960 2969 fecerim
983 2912 1083 2989 quan-

128 2990 216 3074 tique
248 3012 300 3054 me
332 3012 352 3054 a
383 2996 415 3056 te
447 2993 516 3056 fieri
546 2993 772 3077 intellexerim,
805 3014 877 3058 sum
907 2992 989 3057 mihi
1015 2994 1083 3077 ipse

127 3080 235 3162 testis3
271 3100 347 3142 nam
380 3084 413 3144 et
444 3081 613 3146 eonsilium
644 3085 737 3145 tuum
767 3081 818 3145 vel
850 3100 944 3145 rasus
975 3083 1085 3165 petius

129 3169 248 3233 diutius
270 3168 306 3231 in
328 3169 425 3232 armis
449 3170 594 3234 civilibus
618 3169 838 3234 commorandi
856 3189 983 3253 semper
1004 3169 1085 3233 milri

128 3278 247 3342 magno
280 3256 383 3320 dolori
410 3257 485 3341 fuit,
517 3261 550 3322 et
581 3257 633 3321 hie
661 3260 806 3341 eventus,
839 3257 925 3341 quod
951 3257 1085 3341 tardius

198 3447 250 3518 Ep.
270 3454 294 3517 9,
309 3454 333 3502 2.
369 3450 482 3504 sentires
500 3449 556 3519 (M,
575 3448 680 3518 vulgo).
716 3449 818 3504 sentiae
835 3447 892 3518 pal
912 3448 1006 3517 Taua,
1024 3448 1058 3505 Β.
