2370 3878
340 179 598 236 EPISTOLARUM
616 177 663 232 Vl.
685 184 795 232 19-21.
985 177 1048 240 189

529 426 618 491 XXI.

254 541 312 596 Scr.
332 540 453 595 Asturae
471 554 565 592 mense
584 537 675 607 Aprili
695 553 718 592 a.
738 556 764 590 u.
784 555 807 591 c.
828 543 887 592 ⁷09.

414 660 542 717 CICERO
560 659 732 716 TORANIO.

161 763 248 848 Etsi,
277 785 376 847 quum
402 756 483 826 haec
512 760 552 824 ad
575 763 607 823 te
635 760 826 843 scribebam,
854 764 911 825 aut
937 781 1052 844 appro·
1073 775 1086 821 1

93 854 252 939 pinquare
276 851 380 916 exitus
403 850 499 914 huius
523 848 792 912 calamitosissimi
810 848 886 912 belli
909 852 966 912 aut
988 850 1052 912 iam

95 940 218 1024 ahquid
242 943 350 1004 actum
373 941 406 1002 et
429 938 611 1002 confectum
633 935 814 1019 videbatur,
843 940 953 1000 tamen
976 959 1052 1020 quo-

94 1028 174 1092 tidie
207 1026 498 1092 commemorabam
529 1027 561 1088 te
593 1046 695 1088 unum
726 1024 762 1086 in
792 1026 885 1088 tanto
914 1026 1053 1089 exercitu

96 1116 177 1181 mihi
199 1115 298 1180 fuisse
323 1134 524 1178 assensorem
547 1115 579 1176 et
605 1133 656 1175 me
679 1111 740 1174 tibi
763 1112 911 1195 solosque
930 1134 989 1176 nos
1008 1114 1052 1175 vi-

97 1204 196 1287 disse,
218 1205 375 1287 quantum
399 1204 483 1265 esset
504 1200 539 1264 in
563 1221 600 1264 eo
623 1200 709 1264 bello
733 1200 824 1283 mali,
852 1201 887 1264 in
911 1222 973 1282 quo
998 1222 1053 1284 spe

96 1291 187 1376 pacis
210 1293 338 1355 exclusa
360 1290 431 1373 ipsa
453 1288 587 1355 victoria
609 1287 720 1352 futura
738 1292 822 1352 esset
840 1288 1054 1371 acerbissima,

98 1401 180 1464 quae
209 1382 265 1443 aut
291 1379 458 1442 interitum
486 1378 624 1441 allatura
647 1380 743 1459 esset,
773 1376 801 1440 si
828 1376 931 1441 victus
960 1399 1054 1460 esses,

98 1471 165 1550 aut,
188 1467 216 1530 si
237 1466 378 1549 vicisses,
401 1465 596 1530 servitutem.
636 1463 750 1548 Itaque
774 1485 844 1549 ego,
867 1487 962 1549 quem
984 1469 1054 1529 tum

97 1555 200 1619 fortes
218 1554 265 1617 illi
284 1554 344 1618 viri
363 1557 395 1617 et
414 1554 584 1637 sapientes,
605 1552 741 1617 Domitii
760 1557 793 1618 et
810 1552 949 1638 Lentuli,
971 1554 1054 1617 timi-

99 1643 177 1710 dum
204 1663 272 1706 esse
300 1642 509 1707 dicebant-
529 1663 616 1705 eram
642 1641 752 1724 plane3
779 1641 933 1706 timebam
961 1643 1054 1725 enim,

98 1751 141 1794 ne
173 1731 337 1794 evenirent
369 1752 420 1814 ea,
452 1751 533 1813 quae
561 1730 747 1793 acciderunt
769 1765 825 1812 -,
852 1730 937 1795 idem
968 1752 1055 1794 nunc

99 1817 184 1882 nihil
214 1817 312 1882 timeo
345 1821 378 1882 et
410 1818 449 1881 ad
479 1839 607 1882 omnem
635 1820 786 1881 eventum
812 1821 943 1901 paratus
972 1840 1054 1881 sum:

101 1928 200 1990 quum
220 1905 340 1989 aliquid
358 1905 527 1970 videbatur
545 1904 650 1969 caveri
667 1925 772 1987 posse,
794 1908 864 1968 tum
882 1905 915 1968 id
934 1906 1056 1990 negligi

101 1993 262 2076 dolebam3
290 2014 376 2056 nunc
403 2014 478 2058 vero
507 1992 624 2057 eversis
649 1991 798 2055 omnibus
821 1993 929 2076 rebus,
957 2014 1056 2077 quum

102 2082 235 2146 consilio
258 2080 371 2165 profici
389 2080 471 2143 nihil
489 2079 601 2163 possit,
623 2100 689 2143 una
706 2079 789 2143 ratio
809 2079 943 2164 videtur,
966 2081 1055 2164 quid-

102 2169 178 2253 quid
211 2169 366 2252 evenerit,
401 2168 484 2232 ferre
521 2167 698 2251 moderate,
733 2168 922 2251 praesertim
958 2191 1057 2252 quum

102 2257 246 2321 omnium
277 2278 384 2321 rerum
415 2277 501 2320 mors
534 2255 576 2319 sit
612 2259 788 2319 extremum
821 2260 853 2320 et
884 2256 964 2320 mihi
997 2258 1056 2321 sim

103 2345 249 2410 conscius
277 2367 341 2429 me,
368 2344 473 2428 quoad
500 2343 639 2428 licuerit,
667 2343 819 2428 dignitati
840 2345 888 2408 rei
909 2345 1056 2429 publicae

102 2433 301 2498 consuluisse
325 2436 357 2496 et
377 2433 439 2496 hac
458 2431 577 2496 amissa
598 2433 735 2497 salutem
752 2432 890 2496 retinere
908 2432 1056 2498 voluisse.

102 2518 192 2584 Haec
215 2520 342 2605 scripsi,
368 2542 436 2585 non
462 2523 499 2585 ut
522 2519 561 2583 de
583 2540 634 2584 mc
661 2520 731 2604 ipse
759 2520 909 2604 dicerem,
937 2519 993 2584 sed
1020 2525 1090 2586 utu

101 2611 148 2692 tu,
171 2609 225 2691 qui
248 2608 510 2673 coniunctissima
532 2608 624 2673 fuisti
646 2629 771 2672 mecum
790 2611 822 2672 et
841 2608 1002 2672 sententia
1025 2611 1058 2671 et

102 2696 278 2781 voluntate,
301 2696 411 2760 eadem
434 2697 605 2780 cogitares3
629 2716 749 2781 magna
772 2697 858 2759 enim
879 2696 1056 2761 consolatio

102 2787 161 2867 est,
184 2806 283 2867 quum
304 2784 471 2849 recordare
477 2834 486 2867 ,
509 2785 635 2848 etiamsi
659 2805 749 2849 secus
773 2783 933 2867 acciderit,
955 2787 987 2847 te
1010 2789 1057 2848 ta-

102 2893 177 2934 men
204 2874 289 2935 recte
316 2893 452 2955 vereque
480 2872 625 2935 sensisse.
675 2870 783 2956 Atque
810 2871 936 2936 utinam
962 2872 1058 2937 liceat

103 2957 275 3039 aliquando
304 2959 411 3041 aliquo
438 2959 486 3021 rei
512 2958 658 3040 publicae
687 2961 774 3024 statu
803 2960 951 3025 nosfrui
973 2961 1058 3025 inter

103 3065 225 3126 nosque
249 3046 393 3110 conferre
417 3044 648 3109 sollicitudines
665 3050 804 3131 nostras,
826 3070 906 3132 quas
926 3049 1057 3130 pertuli·

103 3153 175 3194 mus
197 3134 281 3215 turn,
303 3154 402 3215 quum
423 3131 528 3196 timidi
549 3133 752 3219 putabamur,
776 3136 851 3218 quia
873 3135 1057 3199 dicebamus

103 3241 141 3283 ea
167 3219 291 3303 futura,
322 3241 404 3303 quae
430 3220 518 3285 facta
544 3224 629 3286 sunt.
680 3221 729 3287 De
755 3223 820 3287 tuis
852 3222 947 3287 rebus
975 3223 1091 3287 nihile

141 3484 148 3499 ι
173 3428 224 3498 Ep.
245 3433 291 3494 21,
308 3434 331 3481 1.
367 3444 408 3483 mc
425 3433 451 3483 et
468 3429 559 3498 quoad
581 3429 652 3500 (ων
672 3458 705 3470 -
723 3431 839 3485 retinere
855 3429 970 3485 volucre
987 3429 1056 3500 (M.).

102 3503 149 3555 ret.
168 3500 288 3554 noluisse
305 3514 402 3570 margo
421 3499 505 3567 Orat,
523 3500 553 3554 B.
591 3507 615 3555 2.
644 3500 781 3556 reccrdm
799 3499 870 3569 (Lqr
