2370 3878
287 165 546 233 EPISTOLARUM
564 166 638 222 XIII.
657 172 770 223 29-32.
939 168 1005 232 449

49 313 240 379 commendo
254 312 289 375 in
302 312 477 396 primisque
490 312 606 395 ipsum,
623 312 727 376 virum
742 312 899 396 optimum
913 313 1005 377 mihi·

49 423 113 487 que
125 400 421 484 familiarissimum,
438 400 478 463 iis
497 400 611 464 studiis
630 400 809 464 litterarum
828 400 1005 466 doetrinae-

50 511 113 574 que
136 488 327 573 praeditum,
350 489 466 572 quibus
489 508 549 573 ego
573 488 709 553 maxime
733 489 881 553 delector.
926 488 1042 555 Petoa

50 577 152 663 igitur
175 576 233 641 abs
255 578 298 660 te,
320 579 358 639 ut
380 597 466 659 enm,
489 577 554 641 sire
579 574 681 640 aderit
704 576 769 641 sive
792 598 860 641 non
882 579 1007 642 venerit

49 666 87 729 in
110 663 265 748 Siciliam,
291 664 327 727 in
349 665 429 729 meis
452 664 574 728 intimis
597 665 795 747 maximeque
818 667 1005 731 necessariis

50 753 135 818 seias
163 773 231 817 esse
258 752 367 837 itaque
394 755 527 836 tractes,
557 754 595 815 ut
625 752 787 837 intelligat
813 774 917 817 meam
945 755 1007 818 sibi

50 840 366 906 commendationem
389 861 508 924 magno
533 839 717 903 adiumento
740 839 848 905 fuisse.

468 1031 589 1097 XXXI.

334 1145 391 1200 Ser.
410 1145 514 1200 Romae
534 1161 557 1198 a.
577 1163 604 1198 u.
623 1161 645 1199 o.
666 1149 725 1199 708.

228 1267 356 1323 CICERO
375 1267 495 1323 ACILIO
514 1266 742 1323 PROCONSULI
760 1266 835 1322 SAL.

122 1365 156 1432 C.
179 1366 305 1451 Flavio,
336 1368 473 1433 honesto
506 1371 539 1431 et
570 1370 684 1432 ornato
718 1368 824 1451 equite
850 1366 1008 1451 Romano,

54 1458 130 1520 utor
156 1456 248 1520 valde
275 1456 489 1538 familiariter3
520 1456 584 1519 fuit
615 1455 701 1520 enim
733 1456 843 1541 generi
870 1457 946 1541 mei,
974 1455 1008 1522 C.

53 1542 194 1627 PIsonis‚
217 1545 473 1627 pernecessarius
496 1565 609 1627 meque
634 1544 878 1629 diligentissime
902 1546 1008 1610 obser·

54 1634 136 1695 vant
157 1634 190 1695 et
211 1631 280 1715 ipse
304 1636 336 1696 et
358 1631 393 1696 L.
408 1631 547 1716 Flavius,
569 1634 670 1697 frater
693 1633 769 1697 eius.
806 1632 1009 1718 Quapropter

54 1719 153 1785 velim
173 1718 308 1784 honoris
330 1721 393 1784 mei
416 1742 526 1805 eausa,
553 1722 668 1804 quibus
695 1721 791 1785 rebus
818 1720 954 1786 honeste
977 1727 1009 1786 et

54 1829 114 1892 pro
137 1811 195 1872 tua
222 1808 379 1893 dignitate
406 1810 541 1893 poteris,
569 1831 665 1892 quam
687 1808 1008 1874 honorificentissime

55 1899 89 1960 et
112 1917 208 1979 quam
230 1896 451 1973 liberalissime
480 1894 514 1962 C.
537 1895 685 1960 Flavium
711 1899 842 1961 tractes:
869 1897 903 1960 id
930 1897 1009 1961 mihi

54 1983 102 2048 sie
129 1983 191 2047 erit
217 1987 358 2067 gratum,
385 1987 423 2049 ut
454 1985 578 2070 gratius
606 2006 674 2048 esse
701 1985 783 2048 nihil
810 1985 925 2068 possit3
953 1987 1044 2050 seda

10 2132 12 2139 .
53 2074 221 2155 praeterea
248 2071 308 2135 tibi
339 2072 464 2138 affirmo
487 2110 531 2119 -
553 2094 657 2155 neque
688 2072 721 2137 id
753 2073 928 2137 ambitione
955 2074 1009 2138 ad-

54 2158 171 2223 ductus
198 2158 296 2242 faeie,
323 2161 379 2224 sed
407 2183 505 2246 quum
531 2161 749 2226 familiaritate
778 2165 810 2225 et
836 2163 974 2226 necessit
997 2199 1008 2209 ·

55 2246 140 2329 dine,
162 2249 233 2310 tum
256 2248 353 2312 etiam
376 2251 509 2315 veritate
533 2286 575 2296 -—
598 2253 630 2313 te
654 2271 692 2312 ex
716 2247 749 2314 C.
772 2248 875 2313 Flavii
903 2250 1008 2315 officio

53 2337 89 2398 et
116 2335 321 2400 observantia
348 2340 381 2400 et
407 2340 572 2421 praeterea
603 2337 772 2421 splendore
802 2341 897 2421 atque
924 2339 1010 2403 inter

53 2443 132 2574 zuols
165 2423 270 2508 gratia
306 2445 458 2510 magnam
494 2426 694 2508 voluptatem
730 2446 799 2491 esse
831 2430 1008 2511 capturum.

88 2530 147 2575 ae.

461 2706 598 2771 XXXII.

335 2817 390 2872 Sor.
410 2818 514 2871 Romae
534 2835 558 2872 a.
577 2836 604 2871 u.
624 2836 646 2872 o.
667 2823 726 2872 ⁷08.

228 2931 355 2994 CICERO
375 2938 494 2994 ACILIO
513 2938 741 2994 PROCONSULI
760 2939 835 2994 SAL.

121 3034 163 3101 In
188 3035 344 3102 Halesina
376 3039 503 3102 civitate
536 3042 603 3102 tam
634 3040 724 3102 lauta
750 3043 880 3122 tamque
907 3040 1044 3106 nobilia

54 3124 335 3190 coniunctissimos
362 3127 466 3191 habeo
495 3130 527 3191 et
553 3127 694 3210 hospitio
727 3130 759 3191 et
790 3127 1009 3192 familiaritate

126 3348 178 3419 Ep.
198 3357 283 3418 30,1.
320 3353 423 3420 Ipsum,
441 3354 530 3407 virum
550 3354 624 3422 (W).
667 3353 687 3406 ι’.
705 3369 730 3405 o.
749 3323 843 3420 vulgo.
869 3380 903 3391 -·
927 3367 1008 3418 proe-

52 3418 143 3472 ditum
157 3419 213 3486 (M.,
227 3421 331 3490 vulgo).
369 3424 489 3477 deditum
507 3424 615 3490 Kleyn.‚
629 3423 660 3477 B.
701 3423 810 3489 Ep31,
827 3427 850 3474 1.
887 3421 1009 3475 observat

53 3492 80 3543 et
98 3488 150 3555 (od.
170 3490 285 3559 Basil.)?
304 3522 337 3531 —
352 3495 456 3560 possim
473 3495 519 3547 aad
538 3494 612 3563 (W.).
645 3509 676 3563 p.
705 3491 759 3547 Sed
776 3491 873 3563 uulgo.

107 3576 219 3617 Civeronr's
232 3580 293 3625 epm
307 3581 327 3618 Ι.
770 3589 807 3640 ᾖ
