2370 3878
362 184 624 264 EPIS'POLARUM
641 185 689 239 ΙΙΙ.
710 191 788 241 1-3.
1010 185 1053 249 63

94 332 185 399 meis.
230 329 331 396 Vides
359 350 398 395 ex
427 332 560 396 senatus
588 329 736 395 consulto
764 330 963 414 provinciam
986 346 1090 395 esses

93 418 292 487 habendam:
316 419 344 483 si
367 438 447 502 eom,
467 418 553 502 quod
572 418 640 482 eius
657 418 765 482 facere
783 419 937 503 potueris,
958 440 1055 503 quam

95 507 370 594 expeditissimam
398 506 479 571 mihi
509 506 694 591 tradideris,
724 506 851 571 facilior
883 507 944 571 erit
975 507 1055 572 mihi

76 597 189 683 ¹quusi
216 596 369 661 decursus
397 595 461 660 mei
487 595 653 679 temporis.
698 593 781 670 Quid
808 595 844 659 in
871 617 909 660 eo
937 616 1054 680 genere

95 684 222 751 efficere
249 684 368 768 possis,
394 683 444 748 tui
472 684 598 748 consilii
626 686 686 747 est:
715 703 775 769 ego
803 687 849 768 te,
867 684 968 767 'quod
994 684 1055 748 tibi

93 774 205 839 veniet
226 772 262 836 in
283 775 426 836 mentem
448 793 521 836 mea
542 772 708 855 interesse,
730 772 822 836 valde
845 793 935 857 rogo.
980 771 1054 837 Plu·

93 862 186 927 ribus
208 861 315 925 verbis
339 860 379 924 ad
401 864 434 925 te
458 860 639 943 scriberem,
663 861 691 924 si
713 863 770 924 aut
792 863 850 924 tuo
868 861 1056 925 humanitas

93 951 277 1036 longiorem
296 949 477 1014 orationem
496 951 697 1032 exspectaret
719 952 776 1012 aut
798 948 831 1012 id
849 948 919 1013 fieri
941 953 1055 1014 nostra

95 1037 239 1104 amicitia
260 1040 425 1121 pateretur
448 1039 505 1100 aut
526 1058 578 1100 res
596 1036 695 1099 verba
713 1035 910 1100 desideraret
932 1059 1055 1102 acuon

94 1124 627 1297 twmt0lltt¹⁰llt¹⁶ttlll
647 1125 743 1277 {⁰¹¹3}
761 1125 830 1277 ll
852 1125 1055 1298 stitit&

94 1322 251 1389 magnam
280 1306 314 1366 te
342 1323 381 1365 ex
407 1322 445 1367 eo
472 1304 506 1366 et
531 1304 721 1385 perpetuom
752 1302 952 1386 voluptatem
984 1323 1054 1368 esse

96 1395 277 1477 capturum.
887 1410 892 1417 ·

472 1564 477 1573 '
543 1582 603 1647 111.

187 1695 244 1752 Ser.
263 1695 405 1750 Brundisii
424 1697 542 1750 exeunte
560 1712 655 1751 mense
673 1696 749 1751 Maio
768 1713 792 1750 e.
811 1714 839 1751 u.
857 1714 881 1752 c.
901 1702 960 1753 70³.

252 1866 254 1870 ,
296 1820 334 1874 Μ.
353 1818 482 1874 CICERO
502 1819 529 1873 S.
548 1820 581 1873 D.
601 1819 656 1873 ΑΡ.
676 1819 854 1874 PULCHRO.

164 1917 204 1982 A.
236 1918 266 1983 d.
297 1932 344 1982 XI.
376 1918 540 1983 Kalendas
572 1918 683 1982 Iunias
715 1918 924 1982 Brundisium
956 1933 1088 2000 quaml

96 2007 267 2090 venissem,
290 2005 325 2082 Q.
348 2005 468 2071 Fabius
491 2005 702 2090 Virgilianos,
723 2002 850 2089 legatus
868 2010 953 2088 tuae,
975 2007 1054 2070 mihi

94 2096 228 2181 praesto
260 2093 323 2157 fuit
354 2116 454 2179 eaque
486 2115 537 2157 me
565 2115 605 2157 ex
630 2095 695 2158 tuis
728 2093 888 2158 mandatis
920 2095 1054 2178 monuit,

96 2204 183 2268 quae
205 2202 272 2247 non
294 2183 382 2263 mihi,
405 2183 446 2246 ad
470 2203 565 2266 quem
587 2182 802 2266 pertinebant,
826 2183 881 2247 sed
904 2184 1053 2248 universo

97 2271 226 2336 senatui
244 2274 400 2335 venerant
417 2271 452 2335 in
466 2273 617 2355 mentem,
634 2271 794 2354 praesidio
813 2271 953 2335 firmiore
973 2293 1054 2356 opus

98 2381 169 2424 esse
197 2359 238 2423 ad
263 2359 361 2423 istam
387 2359 600 2443 provinciam,
628 2360 803 2423 censebant
830 2360 915 2423 enim
943 2381 1054 2424 omnes

97 2448 179 2532 fere,
205 2448 300 2511 utin
323 2447 418 2511 Italia
442 2448 700 2532 supplementum
722 2447 802 2511 meis
826 2451 859 2511 et
880 2447 989 2511 Bibuli
1010 2449 1054 2511 le-

98 2535 250 2621 gionibus
274 2535 478 2600 scriberetur:
501 2536 535 2599 id
554 2558 652 2619 quum
671 2534 831 2619 Sulpicius
851 2537 964 2600 consul
982 2557 1054 2618 pas-

98 2646 210 2688 surum
232 2645 267 2687 se
289 2627 434 2710 negaret,
455 2625 559 2688 multa
580 2646 641 2689 nos
660 2623 789 2707 quidem
808 2623 912 2707 questi
936 2645 1055 2707 sumus,
1079 2691 1082 2695 ,

98 2712 155 2776 sed
178 2716 290 2776 tantus
313 2733 490 2777 consensus
514 2715 645 2777 senatus
668 2713 744 2796 fuit,
770 2714 808 2776 ut
834 2715 959 2776 mature
982 2733 1055 2795 pro-

96 2801 325 2884 ficisceremur,
356 2800 535 2884 parendum
566 2803 603 2864 ut
628 2800 740 2884 fuerit,
771 2801 880 2884 itaque
910 2800 1055 2865 fecimus.

97 2886 204 2973 Nunc,
227 2890 313 2972 quod
336 2910 357 2953 a
378 2892 411 2952 te
433 2889 650 2973 petii-litteris
673 2889 726 2971 iis,
754 2910 833 2971 quas
856 2887 979 2953 Romae
1008 2893 1055 2953 ta·

97 2977 241 3041 bellariis
268 2977 334 3041 tuis
364 2976 450 3059 dedi,
481 2976 577 3040 velim
604 2976 664 3040 tibi
692 2997 787 3041 curae
814 2977 870 3060 sit,
897 2981 947 3061 ut,
974 2999 1055 3060 quae
1103 3011 1106 3016 ·

98 3065 277 3128 successori
300 3065 563 3130 coniunctissimo
588 3068 621 3128 et
638 3064 832 3129 amicissimo
852 3065 1055 3128 commodare

96 3154 208 3236 potest
229 3150 271 3233 is,
299 3153 353 3235 qui
376 3152 575 3236 provinciam
597 3152 710 3236 tradit,
736 3157 774 3217 ut
796 3175 834 3217 ea
861 3174 920 3236 pro
943 3154 1056 3215 nostra

97 3238 377 3304 consociatissima
411 3242 578 3306 voluntate
615 3261 692 3305 euro
728 3261 765 3305 sc
799 3240 968 3324 diligentia
999 3241 1056 3302 tua

169 3448 221 3518 sp.
241 3455 265 3516 2,
281 3453 305 3502 2.
343 3449 416 3518 aroc
433 3451 491 3504 esus
508 3449 529 3517 f.
546 3434 644 3518 ora).
680 3449 772 3518 quoae
790 3448 846 3516 ef.
866 3447 938 3516 (eoo.
957 3448 1055 3516 vasu

99 3546 133 3560 —-
150 3535 280 3588 mapsam
298 3523 323 3574 te
341 3535 376 3573 ea
394 3514 461 3590 (ll).
497 3536 532 3574 m.
550 3536 592 3574 me
610 3535 644 3576 ec
661 3518 777 3590 Mllller,
790 3518 828 3576 B.
