2370 3878
336 191 595 272 EPISTOLARUM
613 192 660 277 Ill.
681 199 722 248 10.
968 192 1011 257 83

48 342 84 404 te
108 340 218 403 eutem
241 337 357 422 quibus
385 337 560 403 mendaciis
582 337 731 403 homines
758 338 913 403 levissimi
936 354 1045 403 one-r

49 427 179 493 rerunt!
207 446 275 492 non
302 426 398 491 modo
427 427 571 491 sublatos
600 431 760 511 sumptus,
787 427 844 493 sed
872 427 1011 492 etiams

51 515 317 600 procuratoribus
340 534 464 599 eorum,
488 515 543 598 qui
564 514 631 579 iarn
653 514 790 599 proiecti
814 519 934 598 essent,
963 537 1010 580 re-

50 604 173 690 petitos
197 606 230 668 et
253 603 392 688 abletoS,
420 623 554 686 eamque
582 624 711 668 causum
739 603 850 669 multis
877 605 1011 668 omnino

50 713 122 758 non
145 690 243 757 eundi
264 691 373 757 fuisse.
420 689 576 767 Quererer
602 695 710 757 tecum
737 696 833 776 etque
863 696 1011 776 expost-

50 782 163 864 larem,
184 780 229 865 ni,
250 783 289 845 ut
307 801 405 866 supro
423 780 546 865 scripsi,
567 800 707 865 purgare
725 802 776 845 me
793 781 854 845 tibi
871 781 935 847 hoc
953 785 1010 847 luo

50 873 198 953 tempore
227 889 324 957 quem
352 889 501 934 accusare
528 872 561 933 te
589 869 718 933 mallem
740 869 836 953 idque
863 873 1012 954 putorem

52 979 123 1024 csse
151 957 277 1024 rectius.
322 955 437 1040 Itaque
464 956 547 1021 nihil
574 956 612 1021 de
640 961 686 1040 te,
714 957 799 1040 quod
828 958 1011 1040 crediderim

51 1045 93 1111 de
120 1067 186 1131 me,
218 1045 427 1131 quemobrem
457 1066 525 1110 non
558 1045 704 1109 debueris
736 1045 877 1129 credere,
908 1069 1012 1130 pauca

52 1134 172 1200 dicam:
203 1155 294 1219 nam,
326 1135 432 1199 sime
459 1134 564 1197 virum
590 1134 726 1216 bonum,
756 1134 784 1198 si
811 1134 945 1220 dignum
971 1135 1011 1198 iis

53 1222 170 1289 studiis
193 1243 294 1307 eaque
318 1221 477 1304 doctrine,
506 1222 557 1286 cui
584 1242 635 1286 me
662 1243 683 1286 e
704 1222 844 1307 pueritie
871 1222 956 1306 dedi,
984 1223 1012 1286 si

52 1311 136 1378 setis
158 1311 270 1396 magni
292 1310 401 1394 animi,
421 1331 490 1376 non
512 1310 637 1374 minimi
661 1311 787 1376 consilii
806 1312 841 1376 in
864 1311 1011 1376 maximis

51 1399 153 1465 rebus
179 1402 383 1483 perspectum
412 1398 526 1482 habes,
558 1399 640 1464 nihil
670 1399 706 1463 in
738 1421 788 1465 me
820 1421 888 1466 non
915 1400 1011 1465 modo

36 1485 264 1574 perfidiosum
286 1489 319 1551 ec
340 1486 530 1553 insidiosum
553 1490 586 1551 et
604 1487 703 1552 fallax
725 1489 761 1553 in
784 1488 933 1573 amicitia,
956 1487 1012 1552 sed

53 1597 97 1640 ne
124 1574 245 1640 humile
277 1575 406 1661 quidem
438 1579 495 1640 eut
525 1576 669 1640 ieiunum
697 1576 793 1642 debes
822 1596 1011 1663 agnoscere3

54 1664 107 1728 sin
134 1667 243 1729 eutem
269 1685 321 1730 me
349 1667 493 1729 astutum
525 1668 558 1729 et
585 1665 746 1730 occultum
774 1664 855 1730 libet
880 1665 1047 1750 fingeres

42 1751 134 1835 ¹quid
156 1756 218 1836 est,
241 1752 457 1838 quodminus
486 1753 598 1818 cadere
620 1754 656 1818 in
679 1753 835 1818 eiusmodi
862 1757 1012 1818 naturam

54 1840 160 1926 possit
181 1861 279 1925 quam
302 1844 359 1905 eut
378 1839 598 1906 florentissimi
615 1841 756 1906 hominis
775 1842 941 1925 aspernari
957 1841 1011 1904 be-

54 1928 273 1994 nevolentium
297 1932 354 1994 out
377 1929 445 1994 cius
469 1930 738 2010 existimationem
766 1949 954 2013 oppugnare
976 1928 1013 1992 in

54 2017 232 2102 provincie,
254 2017 344 2083 cuius
367 2017 495 2081 leudem
520 2017 607 2081 domi
630 2016 819 2102 defenderis,
843 2020 899 2080 eut
920 2017 955 2080 in
974 2038 1012 2081 ee

53 2125 91 2169 re
115 2105 259 2170 animum
283 2104 452 2171 ostendere
474 2105 649 2189 inimicum,
671 2106 707 2169 in
730 2127 793 2188 que
811 2105 893 2170 nihil
916 2106 1012 2188 obsis,

56 2195 115 2258 eut
140 2193 174 2258 id
201 2194 319 2278 eligere
347 2194 388 2257 ed
414 2193 595 2278 perfidiam,
623 2194 709 2279 quod
737 2194 1012 2259 adiudicandum

55 2280 166 2345 odium
189 2282 427 2366 apertissimum
450 2283 504 2367 sit,
528 2283 569 2347 ed
590 2283 772 2348 nocendum
794 2282 1011 2348 levissimum?

56 2367 141 2444 Quid
168 2374 238 2435 eret
265 2374 386 2455 eutem,
414 2391 469 2435 cur
497 2391 558 2456 ego
584 2371 619 2436 in
646 2375 679 2437 te
706 2375 774 2436 tum
800 2371 1012 2456 implacabilis

56 2477 172 2545 essem,
205 2480 304 2544 quum
335 2462 368 2524 te
400 2480 439 2525 ex
469 2458 569 2524 fratre
601 2481 673 2526 meo
700 2481 741 2524 ne
769 2462 847 2524 tuno
875 2458 1012 2541 quidem,

56 2567 156 2631 quum
183 2547 245 2614 tibi
275 2569 376 2633 prope
408 2568 538 2614 neeesse
571 2551 656 2613 esset
687 2568 741 2612 eus
773 2567 868 2632 ogere
895 2550 1012 2629 partes,

55 2633 222 2702 inimicum
245 2637 325 2702 mihi
347 2636 446 2702 fuisse
470 2634 683 2722 cognossem?
729 2633 835 2711 Quum
861 2654 936 2698 vero
964 2655 1011 2697 re·

56 2721 160 2789 ditum
183 2728 332 2791 nostrum
353 2725 390 2791 in
412 2725 553 2811 gretiam
574 2728 709 2810 uterque
732 2723 914 2806 expetisset,
936 2722 1012 2806 quid

55 2810 90 2876 in
123 2814 293 2880 consulatu
319 2817 376 2880 tuo
407 2813 530 2878 frustra
560 2834 686 2878 mecum
713 2811 820 2896 egisti,
849 2810 934 2895 quod
961 2833 1012 2874 me

57 2903 113 2966 eut
139 2900 246 2968 fecere
274 2905 331 2968 eut
358 2901 477 2967 sentire
505 2901 682 2966 voluisses?
715 2899 791 2984 quid
820 2899 900 2963 mihi
923 2921 1012 2963 man·

58 2987 154 3074 desti,
181 3010 280 3076 quum
307 2993 340 3055 te
362 2989 516 3056 Puteolos
543 3009 765 3073 prosequerer,
791 2988 826 3051 in
855 3008 917 3072 quo
944 3008 1013 3052 non

59 3078 330 3159 exspectationem
346 3081 438 3145 tuem
457 3078 624 3163 diligentie
641 3097 713 3141 mee
731 3076 883 3142 vicerim?
920 3073 1012 3150 Quod
1032 3088 1047 3135 o

60 3163 84 3229 si
107 3161 141 3228 id
164 3167 213 3230 est
234 3166 371 3234 maxime
395 3167 508 3251 astuti,
531 3165 639 3232 omnia
662 3164 703 3231 ad
726 3186 818 3230 suem
838 3163 1014 3229 utilitatem

61 3250 188 3337 referre,
217 3254 293 3338 quid
320 3255 400 3321 mihi
426 3254 558 3321 tandem
586 3256 655 3318 eret
677 3254 801 3336 utilius,
829 3250 905 3335 quid
929 3270 1013 3315 com·

62 3340 161 3407 modis
184 3340 264 3406 meis
288 3343 404 3429 aptius,
427 3363 524 3428 quam
543 3340 684 3408 hominis
706 3339 898 3408 nobilissimi
917 3342 1013 3424 utque

126 3533 178 3606 up.
200 3540 282 3606 10,s.
322 3504 449 3591 Paulus
468 3533 523 3605 (cr.
543 3535 638 3608 conj).
678 3533 806 3593 remus
818 3531 877 3603 u,
890 3530 998 3601 sess„

784 3627 820 3682 p.
