2370 3878
336 167 596 223 EPISTOLARUM
614 169 634 221 I.
655 174 678 221 7.
698 175 722 222 8.
970 167 1011 230 15

486 416 577 482 VIII.

218 529 275 585 Ser.
289 530 395 584 Romae
408 545 504 583 mense
518 529 648 583 lanuano
662 545 687 582 a.
701 547 728 582 ιι.
743 546 765 582 o.
781 534 842 584 699.

186 653 225 708 M.
243 652 371 707 CICERO
391 651 417 706 S.
437 653 470 706 D.
489 652 519 706 P.
538 650 711 707 LENTULO
729 651 875 708 PROCOS.

119 753 170 819 Dc
193 753 342 819 omnibus
365 753 475 835 rebus,
503 774 584 907 quae
608 753 648 816 ed
675 756 707 827 te
730 753 907 837 pertinent,
935 752 1045 837 quid1

50 846 171 937 actum,
194 841 271 926 qnid
294 841 506 906 constitutum
529 842 572 907 sit
575 840 688 925 ,quid
710 840 883 925 Pompeius
906 863 1010 906 susce·

50 926 151 1015 perit,
178 930 298 1014 optime
327 951 365 994 ex
387 928 431 993 M
453 892 615 994 Plaetorio
643 950 833 1014 cognosces,
862 930 917 1012 qui
943 951 1011 995 non

54 1020 159 1084 solnm
181 1018 330 1082 interfuit
351 1018 403 1082 his
426 1008 531 1101 rebu's,
555 1018 610 1081 sed
634 1018 731 1081 etiam
748 1018 890 1101 praefuit
906 1040 1011 1102 neque

53 1108 156 1173 ullum
179 1107 321 1172 officium
349 1126 427 1191 erga
453 1108 486 1169 te
512 1105 654 1171 hominis
684 1106 910 1188 amantissimi,
936 1128 1011 1189 pru·

55 1195 246 1278 dentissimi,
279 1193 518 1279 diligentissimi
544 1193 767 1278 praetermisit.
817 1193 868 1257 Ex
900 1192 1011 1259 eodem

37 1278 93 1347 'de
116 1286 187 1348 toto
216 1285 303 1348 statu
332 1303 439 1346 rernm
467 1282 684 1347 communium
712 1304 901 1368 cognoscem
930 1304 1011 1365 quae

55 1372 165 1455 quales
193 1372 273 1454 sint,
300 1392 367 1434 non
394 1370 489 1434 facile
517 1375 567 1435 est
594 1371 744 1436 scribere:
777 1376 854 1436 sunt
883 1371 1012 1454 quidem

55 1460 172 1525 ιιιιι
162 1482 198 1524 1n
222 1458 398 1523 amicorum
420 1462 606 1524 nostrorum
632 1463 806 1544 potestate,
834 1463 930 1543 atque
957 1460 1012 1543 ita,

55 1552 93 1613 ut
104 1540 229 1612 nullam
242 1547 455 1612 mutationem
473 1569 627 1631 umquam
644 1548 706 1612 hac
723 1549 892 1612 hominum
907 1551 1012 1611 ιιιιιι

54 1636 208 1701 habitura
229 1657 280 1699 res
304 1656 372 1699 esse
395 1635 550 1699 videatur.
595 1634 668 1721 Ego
692 1636 829 1719 quidem,
851 1640 889 1699 ut
911 1635 1046 1702 debeoc

55 1728 88 1789 ιι
114 1728 153 1789 nt
178 1726 248 1788 tute
264 1723 354 1787 mihi
381 1724 573 1807 praecepisti
600 1727 633 1787 et
654 1728 692 1787 ut
718 1745 768 1788 me
796 1725 899 1808 pietas
927 1725 1012 1787 utili-

55 1816 169 1896 tasqne
193 1812 289 1897 cogit,
311 1833 362 1875 me
382 1811 423 1875 ad
442 1812 509 1877 eius
527 1811 669 1877 rationes
688 1812 839 1896 adiungo,
863 1833 958 1894 quem
976 1816 1012 1875 tu

56 1901 91 1965 in
113 1899 193 1965 meis
216 1899 397 1964 rationibus
423 1899 485 1963 tibi
512 1921 580 1964 esse
608 1900 849 1984 adiungendum
877 1900 1013 1982 putasti,

56 1988 113 2051 sed
134 1991 168 2053 te
190 2009 258 2052 non
280 1987 448 2071 praeterit,
476 2009 573 2071 quam
600 1988 643 2051 sit
670 1987 799 2051 difficile
827 2009 956 2051 sensum
978 1988 1013 2051 in

56 2097 91 2140 re
114 2076 256 2161 publica,
283 2075 473 2158 praesertim
495 2078 619 2141 rectum
641 2079 674 2138 et
696 2075 934 2159 confirmatum,
961 2077 1012 2140 de·

12 2198 17 2207 ι
56 2184 185 2247 ponere.
234 2162 467 2227 Verumtamen
498 2163 567 2246 ipse
599 2185 650 2227 me
682 2164 849 2229 conformo
877 2164 918 2227 ad
945 2165 1013 2230 eius

57 2253 272 2335 voluntatem,
298 2272 320 2315 o
342 2273 405 2334 quo
428 2251 564 2316 honeste
588 2251 755 2316 dissentire
783 2274 850 2317 non
873 2274 1014 2336 possum,

56 2361 161 2425 neque
184 2339 217 2403 id
240 2340 333 2423 facio,
355 2342 393 2402 ut
410 2339 549 2403 forsitan
568 2339 759 2423 quibusdam
777 2341 895 2424 videar,
919 2341 1013 2404 simu·

56 2428 193 2512 latione,
219 2431 347 2494 tantum
370 2428 457 2491 enim
484 2428 584 2493 animi
605 2429 749 2493 inductio
778 2432 811 2492 et
832 2429 1013 2493 mehercule

57 2538 149 2581 amor
171 2537 249 2601 erga
270 2515 460 2600 Pompeium
483 2517 568 2601 apud
590 2539 642 2581 me
665 2518 763 2600 valet,
786 2520 836 2600 ut,
863 2539 944 2599 quae
967 2519 1014 2581 illi

56 2604 151 2669 utilia
174 2607 305 2668 suntet
328 2626 409 2688 quae
432 2605 486 2668 ille
509 2606 587 2689 vult,
610 2627 648 2669 ιι
665 2605 744 2669 mihi
763 2605 873 2670 omnia
895 2606 960 2668 iam
982 2609 1015 2668 et

57 2695 146 2757 recta
178 2696 211 2756 et
239 2714 315 2756 vera
346 2693 528 2778 videantur,
560 2715 678 2777 neque,
710 2696 747 2757 ut
779 2713 839 2778 ego
868 2692 1015 2775 arbitror,

58 2783 204 2845 errarent
226 2802 267 2845 ne
291 2781 465 2845 adversarii
488 2782 616 2864 quidem
639 2782 716 2865 eius,
740 2781 775 2865 si,
799 2803 898 2865 quum
920 2802 1014 2864 pares

57 2890 127 2934 esse
149 2890 218 2933 non
240 2873 384 2953 possent,
405 2890 550 2955 pugnare
575 2870 773 2934 desisterent.
809 2868 863 2934 Me
887 2869 1015 2953 quidem
1033 2891 1049 2937 3

57 2957 156 3022 etiam
178 2959 235 3021 illa
257 2979 308 3022 res
332 2959 525 3041 consolatur,
549 2959 635 3042 quod
657 2979 717 3044 ego
741 2959 769 3022 is
792 2980 872 3043 sum,
895 2958 946 3022 cui
964 2959 1015 3022 vol

56 3047 195 3111 maxime
215 3047 394 3113 concedant
412 3068 533 3130 omnes,
555 3051 592 3111 ut
609 3048 660 3111 vel
679 3069 717 3111 ea
735 3047 914 3130 defendam,
933 3067 1014 3129 quae

55 3132 230 3220 Pompeius
252 3135 338 3220 velit,
361 3136 412 3200 vel
434 3138 559 3200 taceam
581 3136 632 3199 vel
652 3135 757 3218 etiam,
780 3135 813 3198 id
832 3135 916 3219 quod
935 3133 1015 3196 mihi

56 3223 195 3287 maxime
216 3223 305 3308 libet,
328 3224 369 3287 ad
391 3227 504 3288 nostra
526 3246 576 3288 me
600 3224 707 3287 studia
734 3223 872 3287 referam
894 3223 1014 3285 littera-

55 3332 140 3377 rum:
175 3312 261 3395 quod
288 3312 434 3396 profecto
462 3312 592 3396 faciam,
624 3311 652 3375 si
678 3311 758 3375 mihi
789 3332 847 3395 per
874 3308 1015 3373 eiusdem

116 3503 224 3583 ‚Ep.8‚
246 3509 268 3557 1.
305 3504 342 3557 iis
358 3503 438 3556 retus
456 3503 543 3572 (W.)?
