2370 3878
254 51 513 107 EPISTOLARUM
527 53 576 107 AD
592 53 889 118 enarrarunt.
986 56 1051 120 583

92 200 132 260 ut
155 196 359 261 occideretur.
412 196 463 261 Ex
485 197 561 280 hoo,
593 199 647 281 qui
676 198 719 263 sit
746 201 849 262 status
877 198 977 264 totius
1005 201 1051 263 rei

94 284 255 369 publicae,
277 285 384 349 videre
407 288 508 368 poteo.
553 282 691 350 Nostrae
714 289 824 350 tamen
847 307 961 351 causae
984 308 1052 351 non
1065 305 1092 344 16

94 372 244 437 videntur
274 372 421 436 homines
453 372 606 436 defuturi:
640 374 821 438 mirandum
853 374 888 438 in
920 373 1051 438 modum

95 461 296 544 profitentur,
315 461 455 524 offerunt
473 482 515 543 se,
538 460 739 543 pollicentur.
774 460 935 545 Equidem
953 484 1052 546 quum

84 559 151 632 'spe
179 570 250 612 sum
277 548 429 631 maxima,
460 552 531 612 tum
562 548 682 612 maiore
711 549 808 613 etiam
837 551 958 634 animo,
986 572 1052 634 spe,

94 637 275 720 superiores
298 637 367 700 fore
395 657 469 719 noo,
497 636 619 720 animo,
646 639 683 699 ut
712 636 747 699 in
773 637 834 702 hac
861 660 895 702 re
923 639 1051 721 publica

94 745 135 786 ne
159 745 269 788 casum
297 724 425 807 quidem
454 725 556 788 ullum
579 725 812 807 pertimescam.
857 724 920 789 Sed
941 730 1053 791 tamen

94 833 128 874 se
161 833 212 874 res
245 812 290 875 sic
321 811 433 876 habet:
466 813 493 876 si
525 812 610 877 diem
641 812 735 876 nobis
766 810 896 878 Clodius
929 813 1053 898 dixerit,

92 902 165 962 tota
188 898 284 962 Italia
307 903 488 983 concurret,
517 904 555 963 ut
581 900 795 983 multiplicata
823 902 926 985 gloria
953 903 1052 966 disce-

96 986 221 1069 damus3
254 987 305 1050 sin
334 991 441 1051 autem
468 988 500 1052 vi
528 1008 623 1072 agere
651 989 833 1071 conabitur,
861 1010 954 1072 spero
982 990 1052 1054 fore

95 1074 209 1138 studiis
232 1096 300 1138 non
324 1076 427 1138 solum
455 1074 643 1159 amicorum,
670 1076 847 1140 sedetiam
875 1077 1053 1141 alienorum

94 1166 139 1241 ut·
163 1163 195 1225 vi
226 1163 423 1226 resistamus,
477 1167 593 1227 Omnes
626 1168 659 1227 et
690 1186 723 1228 se
761 1168 793 1227 et
825 1186 899 1229 suos
933 1166 1052 1229 amieos

96 1251 238 1334 clientes,
261 1251 393 1314 libertos
418 1272 536 1334 serron,
558 1253 711 1334 pecunias
731 1252 867 1335 denique
887 1275 961 1317 suas
983 1255 1052 1336 pol-

94 1337 194 1400 licent
180 1341 240 1400 t.ur
294 1336 379 1403 Nost
379 1361 416 1402 ra
452 1340 585 1422 antiqua
621 1362 736 1404 manus
767 1342 927 1405 bonorum
962 1342 1052 1406 ardet

96 1426 202 1490 studio
230 1429 306 1490 nost
306 1426 334 1489 ri
362 1430 458 1510 atque
487 1448 608 1509 amore3
636 1428 663 1490 si
691 1428 745 1510 qui
774 1432 870 1492 antea
897 1433 954 1493 aut
976 1431 1051 1493 alie-

95 1513 202 1578 niores
225 1514 355 1578 fuerant
374 1519 430 1578 aut
447 1515 675 1615 languidiorem
697 1538 784 1580 nuno
802 1516 919 1581 horum
939 1539 1053 1602 regum

96 1601 170 1666 odio
199 1624 232 1666 se
261 1625 334 1667 cum
361 1603 455 1667 bonis
484 1604 694 1688 coniungunt
744 1602 916 1687 Pompeius
945 1606 1053 1669 omnia
1154 1618 1157 1623 '

95 1690 265 1772 pollicetur
288 1695 321 1753 et
344 1689 469 1772 Caesar,
493 1691 608 1773 quibus
633 1711 692 1774 ego
716 1692 762 1754 ita
785 1692 888 1768 credo,
911 1696 948 1755 ut
970 1693 1052 1754 nihil

97 1776 135 1839 de
164 1799 236 1840 mea
264 1779 502 1860 comparatione
530 1778 722 1843 deminuam.
772 1777 908 1842 Tribuni
934 1780 977 1864 pl.
1000 1780 1052 1843 de-

96 1864 217 1948 signati
236 1868 312 1928 sunt
330 1867 424 1929 nobis
443 1865 549 1948 amici,
573 1866 721 1929 consules
740 1887 773 1929 se
793 1867 932 1949 optimos
947 1871 1053 1931 osten-

97 1952 191 2034 dunt,
218 1955 381 2033 praetores
403 1953 559 2016 habemus
588 1953 797 2018 amicissimos
825 1957 858 2017 et
880 1956 1052 2018 acerrimos

97 2040 182 2103 cives
204 2039 397 2123 Domitium,
428 2039 604 2126 Nigidium,
634 2041 833 2123 Memmium,
865 2042 1053 2125 Lentulum3

97 2127 201 2192 bonos
229 2129 326 2192 etiam
354 2129 447 2213 alica,
480 2129 536 2192 sed
565 2130 618 2194 laos
641 2130 833 2213 singulares:
866 2152 963 2213 quare
986 2153 1052 2194 ma-

98 2236 200 2298 gnum
222 2217 274 2280 fac
298 2218 440 2280 animum
458 2217 580 2281 habeas
604 2221 636 2280 et
659 2239 749 2301 spem
771 2219 904 2301 bonam,
927 2218 965 2282 de
989 2219 1052 2282 sin-

98 2305 183 2386 gulis
205 2308 314 2367 tamen
337 2305 432 2369 rebus
438 2356 447 2388 ,
470 2326 551 2389 quae
575 2305 717 2388 quotidie
741 2308 908 2390 gerantur,
935 2307 1053 2371 faciam

98 2396 130 2453 te
154 2393 264 2456 crebro
289 2393 465 2457 certiorem.

168 2617 220 2687 Ep.
235 2624 260 2686 2,
276 2625 316 2673 16.
344 2620 661 2688 recaicsehotetssfi
698 2620 742 2673 An
760 2635 802 2673 rea
819 2635 846 2673 ee
863 2619 946 2674 sict
966 2620 1021 2686 (W
1023 2623 1053 2689 )?

98 2717 132 2726 -
152 2690 230 2742 cobis
249 2688 361 2743 Clodiae
379 2691 481 2743 dixerit
503 2688 605 2757 (Crat.)
642 2706 669 2742 a.
689 2691 715 2743 d
734 2690 822 2757 MRI,
841 2689 929 2743 B-
953 2692 1054 2744 amicos

99 2758 217 2822 clieatm
235 2759 343 2812 libertos
360 2775 456 2824 cacos,
471 2776 501 2827 p.
522 2760 597 2828 (W..)
643 2777 679 2823 a,
697 2760 744 2824 ct,
763 2762 793 2827 Ι,
811 2777 832 2814 c
833 2777 886 2828 ,μ
905 2761 1053 2830 vulgo-

99 2828 213 2891 fucrant
237 2833 287 2881 cat
276 2828 328 2881 tt
356 2828 522 2898 (Em)‘.³—
550 2844 577 2883 se
595 2800 708 2897 opacior
735 2802 880 2884 osteaddnt
906 2831 1054 2898 (W.).se

100 2898 198 2963 optime
216 2903 263 2951 cat.
282 2898 319 2951 M.
326 2899 508 2969 vulgo-
535 2901 605 2954 acce
622 2899 775 2954 Domitiam
794 2900 869 2968 (ΙΙΙ.)
915 2902 996 2965 cives,
1015 2900 1053 2954 D.

99 2966 313 3106 vulzi-Or,
213 2970 354 3094 -ιιΙιόεΒ
361 2970 407 3023 red
423 2970 472 3024 tor
489 2970 610 3040 είιιΜΙ.
611 2969 737 3038 )ctios
754 2972 824 3039 sinc.
842 2970 889 3037 M.²
904 2941 1053 3036 20x;.,.R

188 3037 281 3093 aas)
