2370 3878
148 165 213 230 282
231 179 233 187 “
432 163 469 217 Μ.
489 162 613 217 TULLII
631 162 821 218 CICERONIS

148 311 248 397 igitur
269 309 364 373 nobis
396 329 465 371 esse
498 306 604 391 debet,
636 307 790 391 quidquid
818 309 1016 373 conceditur:
1044 312 1107 376 hoc

2 430 6 441 ·
113 417 129 465 1
149 400 177 463 si
199 398 255 482 qui
277 397 346 481 pati
363 417 431 460 non
449 395 564 479 potuit,
587 396 670 459 mori
689 395 807 460 debuit.
843 396 1014 462 Veientem
1038 401 1106 482 qui-

148 488 221 551 dem
240 507 354 571 agrum
372 488 405 548 et
418 481 615 567 Capenatem
632 484 823 567 metiuntur,
845 485 908 550 hoc
926 507 993 550 non
1007 487 1106 572 longe

149 577 240 639 abest
263 596 282 638 a
305 572 502 654 Tusculan03
524 571 607 635 nihil
628 575 739 636 tamen
761 573 873 637 timeo:
900 573 1005 658 fruor,
1029 576 1106 640 dum

148 665 231 747 licet,
255 665 341 746 opto,
363 664 401 725 ut
423 680 549 744 semper
565 660 674 743 liceat,
698 660 725 724 si
743 660 776 724 id
795 662 902 726 minus
923 664 1106 748 contigerit,

148 756 271 834 tamen,
303 749 456 833 quoniam
483 768 558 833 ego,
591 748 641 811 vir
666 747 761 813 fortis
789 749 935 833 idemque
963 751 1105 834 philoso-

148 840 245 923 phus,
267 838 373 902 vivere
400 837 650 920 pulcherrimum
674 836 764 919 duxi,
787 859 854 902 non
876 860 1008 921 possum
1032 862 1106 904 eum

148 949 216 992 non
248 927 393 1010 diligere,
425 925 515 989 cuius
547 924 702 988 beneficio
734 925 767 988 id
799 930 989 991 consecutus
1020 950 1105 1011 sum,

149 1015 204 1099 qui
227 1015 255 1079 si
277 1015 387 1098 cupiat
414 1033 482 1077 esse
514 1032 582 1077 rem
609 1011 784 1096 publicam,
812 1015 940 1096 qualem
966 1016 1105 1081 fortasse

149 1108 181 1168 et
203 1105 257 1168 ille
280 1103 350 1167 vult
377 1105 410 1166 et
437 1122 548 1165 omnes
576 1104 687 1184 optare
710 1100 875 1184 debemus,
903 1103 979 1186 quid
1006 1105 1106 1168 faciat

112 1206 129 1253 a
147 1197 257 1256 tamen
275 1189 471 1256 nonhabet:
494 1189 540 1253 Ita
559 1209 593 1252 sc
611 1210 684 1253 cum
702 1189 812 1253 multis
832 1191 1005 1274 colligavit.
1042 1191 1105 1256 Sed

148 1282 277 1365 longius
300 1277 503 1362 progredi0r3
526 1276 629 1341 scribo
653 1277 739 1341 enim
763 1277 803 1341 ad
823 1282 864 1342 te.
900 1277 972 1343 Hoc
994 1283 1105 1345 tamen

148 1370 243 1453 scIto,
274 1388 342 1432 non
373 1365 469 1430 modo
493 1385 558 1448 me,
589 1365 644 1447 qui
671 1365 814 1429 consiliis
841 1387 909 1430 non
938 1366 1103 1451 intersum,

148 1456 203 1520 sed
221 1477 262 1519 ne
280 1456 387 1538 ipsum
405 1453 533 1537 quidem
551 1452 729 1535 principem
747 1453 837 1536 scire,
860 1454 936 1537 quid
957 1455 1104 1520 futurum

148 1545 203 1627 sit3
235 1564 295 1607 nos
328 1542 430 1606 enim·
446 1541 493 1604 illi
522 1540 689 1623 servimus,
716 1541 785 1624 ipse
812 1539 1024 1625 temporibus:
1057 1546 1103 1608 ita

147 1653 207 1696 nec
238 1632 305 1714 ille,
337 1629 413 1713 quid
435 1632 582 1712 tempora
608 1628 810 1710 postulatura
838 1630 915 1714 sint,
947 1652 1006 1696 nee
1033 1653 1103 1715 1111,

148 1720 224 1803 quid
247 1720 301 1782 ille
324 1717 458 1802 cogitet,
481 1717 560 1782 scire
583 1736 762 1798 possumus.
811 1717 901 1782 Haec
923 1719 984 1783 tibi
1007 1724 1103 1784 antea

146 1830 214 1873 non
237 1806 396 1891 rescripsi,
418 1826 486 1869 non
509 1826 572 1889 quo
585 1807 734 1888 'cessator
752 1825 821 1870 esse
845 1807 990 1892 solerem,
1012 1830 1102 1891 prae·

147 1897 257 1961 sertim
280 1896 315 1959 in
337 1894 467 1977 litteris,
490 1893 559 1976 sed,
585 1913 685 1975 quum
712 1894 870 1977 explorati
896 1895 979 1960 nihil
1004 1896 1102 1961 habe·

146 2007 224 2069 rem,
246 2005 306 2049 nec
328 1983 388 2047 tibi
407 1980 655 2047 solucicudinem
678 2001 717 2044 11
734 1980 934 2048 dubitatione
953 2006 1025 2049 mea
1042 2007 1102 2049 nec

147 2095 237 2157 spem
269 2095 308 2136 ex
339 2070 553 2136 affirmatione
585 2069 697 2132 afferre
729 2070 825 2134 volui.
878 2070 963 2136 Illud
992 2076 1101 2137 tamen

147 2162 314 2243 ascribam,
336 2159 422 2243 quod
445 2162 495 2223 est
517 2157 731 2240 verissimum,
754 2179 805 2222 me
827 2158 879 2223 his
901 2161 1100 2244 temporibus

147 2248 251 2313 adhuc
274 2247 313 2312 de
335 2248 398 2313 isto
421 2246 563 2331 periculo
586 2244 668 2309 nihil
691 2245 831 2311 audisse:
854 2251 891 2312 tu
909 2250 1017 2312 tamen
1040 2270 1100 2331 pro

146 2340 203 2400 tua
226 2336 384 2420 sapientia
407 2334 536 2399 debebis
560 2335 672 2417 optare
695 2334 831 2419 optima,
854 2335 994 2421 cogitare
1017 2335 1099 2399 diffi-

146 2425 273 2508 cillima,
295 2424 378 2488 ferre
402 2443 619 2507 quaecumque
643 2425 745 2486 erunt.

559 2633 682 2700 XVIII.

146 2749 203 2805 Sor.
227 2751 256 2804 in
279 2747 436 2803 Tusculano
464 2747 582 2800 exeunte
609 2762 703 2801 mense
727 2745 861 2812 Qumotili
887 2747 963 2814 (ante
986 2745 1046 2800 VII.
1065 2745 1098 2798 Κ,

472 2815 558 2882 Sext.)
577 2831 601 2870 1.
622 2834 648 2871 u.
669 2834 691 2872 c.
712 2822 771 2872 708.

433 2938 561 2996 CICERO
581 2940 608 2995 S.
627 2941 660 2994 D.
679 2939 807 2995 PAETO.

111 3063 125 3113 1
213 3039 318 3118 Quum
349 3061 452 3104 essem
484 3040 606 3106 otiosus
637 3041 673 3104 in
702 3038 899 3122 Tusculano,
929 3041 1100 3122 propterea

145 3131 231 3215 quod
245 3129 418 3213 discipulos
433 3129 561 3194 obviam
574 3127 734 3211 miseram,
753 3131 791 3193 ut
808 3127 920 3193 eadem
937 3147 988 3191 me
1003 3147 1100 3210 quam

145 3220 282 3286 maxime
309 3217 519 3282 conciliarent
544 3216 696 3282 familiari
724 3237 796 3300 suo,
823 3215 931 3299 accepi
952 3217 1026 3279 tuas
1049 3213 1099 3277 lit·

144 3319 231 3374 teras
254 3307 454 3391 plenissimas
473 3305 651 3389 suavitatis,
673 3326 713 3369 11
731 3304 846 3389 quibus
864 3301 1007 3367 intellexi
1027 3322 1100 3384 pro-

137 3397 213 3459 bari
231 3395 292 3459 tibi
308 3416 418 3462 meum
437 3394 616 3476 consilium,
634 3393 729 3478 quod,
747 3397 784 3458 ut
797 3391 972 3476 Dionysius
990 3393 1099 3474 tyran·

116 3501 199 3566 nus,
229 3505 334 3566 quum
360 3483 535 3574 Syracusis
558 3483 674 3573 pulsus
697 3484 797 3568 esset,
814 3477 965 3546 Corinthi
983 3476 1101 3542 dIcitur
