2370 3878
130 176 173 240 56
417 176 455 230 M.
471 174 593 228 TULLII
612 174 802 230 CICERONIS

127 326 160 386 te
188 321 294 385 nullas
323 320 455 403 referre,
483 341 578 404 quam
605 320 666 383 tibi
694 320 805 383 scribis
833 342 853 384 a
875 319 993 386 Bibulo
1016 322 1085 389 fieri

127 413 336 494 potestatem3
359 408 414 472 sed
432 409 467 472 id
484 408 537 472 vix
551 408 630 471 mihi
644 408 761 471 videris
779 429 837 492 per
850 409 955 494 legem
969 408 1085 477 Iuliam

127 499 233 561 facere
261 518 369 581 posse,
397 519 493 580 quarn
520 494 656 559 Bibulus
684 500 770 560 certa
798 497 937 580 quadarn
959 500 1085 565 ratione

127 607 196 651 non
223 589 342 667 servat,
373 586 434 649 tibi
465 605 585 670 magno
618 606 713 668 opere
743 586 933 649 servandam
961 607 1085 653 censeo.

93 673 221 750 eruod
240 674 361 757 scribis,
383 674 529 758 Apamea
547 673 742 767 praesidium
765 673 878 737 deduci
901 695 969 739 non
993 698 1084 759 opor·

127 763 243 844 tuisse,
266 762 415 827 videbam
436 763 514 825 item
538 766 660 826 ceteros
684 762 866 825 existimare
888 763 1085 848 molesteque

127 850 270 915 ferebam
295 851 333 914 de
356 873 394 914 ea
417 872 451 914 re
475 850 581 914 minus
602 850 786 915 commodos
810 872 973 915 sermones
988 853 1085 916 male-

125 940 274 1004 volorum
298 939 410 1003 scisse:
433 937 547 1003 Parthi
567 938 756 1002 transierint
773 960 884 1022 necne,
906 943 1035 1023 practer
1052 945 1086 1005 te

113 1028 221 1094 ‘video
254 1027 399 1092 dubitare
431 1028 606 1111 neminem3
638 1028 746 1111 itaque
780 1028 889 1092 omnia
917 1029 1086 1113 praesidia,

129 1138 210 1200 quae
233 1137 353 1202 magna
376 1121 409 1180 et
430 1117 523 1180 firma
545 1138 748 1200 paraveram,
776 1120 955 1180 commotus
982 1116 1086 1181 homi·

67 1216 206 1277 ·4‚num
238 1227 306 1270 non
342 1205 439 1269 dubio
477 1227 622 1270 sermone
659 1204 773 1268 dimisi.
831 1203 987 1268 Rationes
1021 1206 1086 1269 mei

21 1294 27 1301 '
129 1293 307 1375 quaestoris
335 1313 394 1356 nec
416 1313 527 1356 verum
554 1293 618 1356 suit
640 1315 690 1356 me
714 1292 773 1355 tibi
800 1291 927 1356 mittere
955 1314 1016 1357 nee
1037 1296 1086 1357 ta-

128 1401 203 1444 men
231 1384 323 1444 erant
355 1380 533 1462 contectam
561 1402 614 1443 eas
646 1402 706 1445 nos
733 1379 897 1463 Apameae
925 1381 1086 1464 deponere

130 1468 359 1552 cogitabamus.
409 1466 459 1532 De
491 1469 610 1552 praeda
636 1490 709 1531 mea
739 1471 867 1551 praeter
900 1474 1087 1551 quaestores

129 1557 280 1640 urbanos,
302 1556 335 1620 id
359 1560 408 1620 est
430 1557 585 1640 populum
607 1556 800 1640 Romanum,
822 1557 1003 1621 teruncium
1025 1579 1088 1623 nec
1102 1598 1109 1611 -

130 1644 240 1730 attigit
265 1666 326 1708 nec
352 1647 497 1708 tacturus
525 1648 575 1708 est
602 1644 779 1728 quisquam.
829 1644 1005 1708 Laodiceae
1033 1668 1088 1710 me

128 1731 263 1816 praedes
286 1736 492 1816 accepturum
515 1732 654 1796 arbitror
677 1733 781 1797 omnis
804 1733 958 1817 pecuniae
980 1734 1087 1816 publi-

130 1843 195 1904 cae,
218 1825 255 1885 ut
279 1825 311 1885 et
334 1821 413 1884 mihi
436 1825 469 1884 et
491 1822 611 1905 populo
627 1825 756 1885 cautum
779 1821 821 1884 sit
844 1822 912 1885 sine
935 1825 1087 1887 vecturae

128 1910 280 1994 periculo.
317 1909 410 1986 Quod
425 1909 536 1974 scribis
551 1909 591 1973 ad
609 1931 660 1974 me
675 1909 713 1974 de
733 1909 920 1973 drachmum
935 1922 1088 1994 0001000,

129 1998 211 2061 nihil
235 2003 292 2082 est,
315 1999 401 2081 quod
419 1999 453 2062 in
472 1999 535 2063 isto
555 2019 671 2083 genere
690 1998 839 2082 cuiquam
858 1997 979 2081 possim
1000 2016 1088 2060 com-

129 2085 273 2167 modare3
297 2087 401 2150 omnis
416 2087 502 2150 enim
515 2087 652 2171 pecunia
667 2087 714 2150 ita
726 2089 893 2167 tractatur,
911 2089 948 2148 ut
966 2085 1086 2167 praeda

130 2195 149 2239 a
171 2173 351 2257 praefectio,
374 2195 455 2257 quae
474 2179 581 2238 autem
599 2174 679 2237 milri
697 2173 854 2236 attributa
872 2174 929 2253 est,
953 2193 972 2233 a
991 2193 1087 2255 quae-

94 2265 216 2326 estore
248 2263 385 2324 curetur.
435 2260 527 2336 Quod
560 2261 700 2344 quaeris,
732 2259 808 2342 quid
840 2258 1019 2322 existimem
1046 2260 1088 2325 de

129 2349 325 2434 legionibuS,
355 2371 436 2434 quae
467 2348 612 2412 decretae
644 2351 720 2411 sunt
751 2347 786 2410 in
819 2344 957 2431 Syriam,
990 2352 1088 2413 antea

130 2437 332 2522 dubitabam,
358 2440 554 2502 venturaene
583 2438 702 2500 essent:
730 2457 817 2500 nunc
840 2435 920 2499 mihi
947 2442 1089 2500 nonest

130 2525 276 2610 dubium,
299 2526 391 2610 quin,
415 2525 442 2590 si
465 2529 561 2589 antea
584 2524 729 2588 auditum
751 2524 813 2588 erit
836 2525 937 2589 otium
960 2545 1029 2587 esse
1050 2524 1087 2589 in

130 2611 236 2700 Syria,
264 2618 417 2679 venturae
445 2634 513 2679 non
535 2613 614 2696 sint3
641 2611 780 2676 Marium
808 2612 936 2697 quidem
964 2633 1087 2676 succes-

131 2724 237 2768 sorem
258 2703 350 2767 tarde
378 2702 470 2766 video
495 2722 563 2766 esse
591 2704 776 2784 venturum,
803 2705 973 2785 propterea
1001 2700 1088 2783 quod

95 2802 112 2850 6
132 2794 264 2855 senatus
287 2791 334 2863 ita
357 2790 509 2874 decrevit,
537 2793 575 2854 ut
601 2811 674 2854 cum
700 2790 882 2874 legionibus
905 2789 975 2851 iret.
1021 2787 1088 2853 Uni

133 2879 289 2961 epistolae
312 2878 478 2963 respondi3
504 2879 598 2943 venio
623 2878 662 2941 ad
687 2879 829 2942 alteram.
874 2875 961 2939 Petis
985 2897 1004 2939 a
1027 2897 1089 2960 me,

130 2969 168 3031 ut
190 2965 307 3030 Bibulo
335 2970 368 3030 te
396 2989 493 3050 quam
521 2966 763 3052 diligentissime
792 2964 1022 3030 commendem:
1052 2964 1088 3028 in

131 3075 194 3139 quo
219 3052 299 3119 mihi
321 3056 471 3119 voluntas
494 3075 562 3119 non
585 3056 687 3138 deest,
714 3053 770 3117 sed
797 3054 887 3117 locus
911 3072 979 3116 esse
1002 3051 1089 3115 vide·

130 3146 185 3207 tur
207 3146 314 3207 tecum
333 3142 571 3227 expostulandi3
595 3144 682 3206 solus
705 3142 791 3205 enim
813 3145 850 3204 tu
874 3160 912 3203 ex
931 3139 1091 3224 omnibus,

202 3299 253 3370 Ep.
272 3307 312 3366 17,
328 3306 351 3353 2.
388 3305 413 3353 te
427 3301 519 3353 nullas
533 3299 582 3364 ref.
598 3297 791 3367 (Mart-Lag).
828 3301 853 3350 te
866 3297 972 3351 uallem
985 3311 1008 3348 r.
1023 3294 1090 3350 ΜΒ.

131 3376 156 3423 4.
185 3370 525 3437 aeetamenerout(l1.).
575 3384 624 3422 uec
641 3373 699 3420 tum
717 3384 738 3422 e.
758 3367 818 3421 edd.
838 3369 920 3432 vett,
935 3366 965 3418 B.
984 3395 1020 3404 -
1041 3382 1092 3419 aee

133 3445 286 3495 edocturus
301 3441 386 3509 (W.)?
402 3471 434 3480 -
454 3440 613 3494 drachmum
628 3438 703 3507 (W).
740 3438 887 3492 draccham
900 3436 937 3489 Μ.
974 3436 1091 3490 drachu-

42 3563 43 3566 ,
131 3526 205 3563 mecm
223 3511 375 3579 Br'icheler,
395 3511 425 3564 B.
