2370 3878
398 779 508 834 arcun
525 780 693 846 colurus
711 779 877 836 oremus

281 901 351 972 AD
389 905 721 971 TERENTIAM
756 905 1003 975 UXOREM.

623 1083 649 1147 Ι.

198 1201 254 1257 Scr.
273 1201 441 1271 Dyrrhachii
459 1218 484 1257 a.
503 1202 530 1257 d.
549 1202 596 1258 VI.
615 1201 677 1256 Kal.
695 1202 861 1258 Decembres
880 1219 905 1257 a.
924 1221 951 1258 u.
973 1221 999 1259 c.
1019 1211 1082 1261 696.

197 1341 352 1397 TULLIUS
376 1343 587 1398 TERENTIAE
612 1343 718 1411 SUAE,
742 1343 948 1398 TULLIOLAE
974 1344 1086 1408 SUAE.

352 1412 525 1468 CICERONI
544 1415 612 1469 SUO
632 1413 803 1469 SALUTEM
821 1413 928 1469 DIUIT.

129 1542 142 1590 1
229 1518 274 1584 Et
295 1521 411 1585 litteris
438 1523 612 1587 multorum
639 1528 671 1588 et
698 1543 844 1588 sermone
873 1523 1020 1588 omnium
1047 1545 1118 1607 per-

162 1608 263 1672 fertur
281 1609 321 1672 ad
339 1632 390 1673 me
408 1610 626 1675 incredibilem
647 1616 738 1676 tuam
761 1613 910 1676 virtutem
933 1615 966 1675 et
989 1612 1118 1676 fortitu-

163 1697 269 1761 dinem
284 1720 353 1762 csse
371 1702 465 1783 teque
482 1721 542 1764 nec
556 1701 655 1763 animi
672 1721 776 1784 neque
790 1699 932 1782 corporis
950 1700 1117 1764 laboribus

163 1786 339 1872 defatigari.
384 1786 437 1851 Me
460 1789 624 1853 miserum!
652 1791 684 1851 te
706 1789 770 1852 ista
792 1788 922 1873 virtute,
944 1788 1021 1871 fide,
1044 1810 1116 1871 pro-

162 1874 277 1959 bitate,
303 1877 503 1941 humanitate
525 1877 560 1941 in
581 1880 689 1940 tantas
713 1878 881 1940 aerumnas
908 1879 1043 1959 propter
1066 1897 1116 1939 me

163 1963 322 2048 incidisse,
345 1965 577 2048 Tulliolamque
600 1969 758 2048 nostram,
782 1985 821 2028 ex
844 1985 906 2047 quo
929 1967 1022 2047 patre
1043 1967 1115 2028 tan·

163 2055 214 2114 tas
228 2054 408 2136 voluptates
423 2054 578 2136 capiebat,
592 2075 631 2116 ex
645 2075 682 2117 eo
696 2056 805 2117 tantos
818 2052 981 2136 percipere
996 2052 1115 2117 luctus!

164 2137 249 2201 Nam
272 2142 348 2224 quid
371 2163 430 2226 ego
454 2142 492 2206 dc
516 2142 667 2207 Cicerone
691 2141 816 2205 dicam?
843 2141 898 2223 qui
926 2161 1025 2223 quum
1052 2140 1116 2223 pri-

164 2248 252 2289 mum
276 2251 385 2312 sapere
409 2228 527 2313 coepit,
555 2229 776 2294 acerbissimos
804 2228 928 2293 dolores
955 2228 1116 2291 miserias-

165 2336 225 2398 que
248 2319 397 2400 percepit.
434 2317 521 2392 Quae
541 2320 577 2402 si,
598 2322 635 2380 tu
657 2321 694 2381 ut
716 2318 837 2399 scribis,
859 2316 927 2380 fato
949 2317 1037 2380 faeta
1058 2338 1116 2399 pu·

164 2405 275 2487 tarem,
297 2405 412 2468 ferrem
435 2407 543 2488 paullo
566 2406 704 2489 facilius,
732 2406 787 2469 sed
811 2404 918 2469 omnia
946 2407 1023 2468 sunt
1045 2425 1117 2466 mea

164 2493 258 2575 culpa
281 2494 459 2576 commissa,
482 2493 537 2576 qui
560 2495 600 2558 ab
623 2495 663 2558 iis
686 2515 737 2557 me
760 2493 861 2557 amari
878 2495 1043 2575 putabam,
1062 2491 1117 2575 qui

130 2580 359 2667 ainvidcbant,
383 2603 436 2646 eos
459 2603 526 2645 non
550 2582 716 2665 sequebar,
739 2583 795 2665 qui
816 2581 977 2665 petebant.
1025 2578 1118 2655 Quod

166 2669 193 2731 si
215 2671 335 2734 nostris
354 2670 495 2734 consiliis
513 2670 563 2734 usi
582 2691 723 2734 essemus
741 2691 844 2753 neque
863 2668 948 2751 apud
965 2690 1026 2734 nos
1045 2671 1117 2732 tan·

164 2759 234 2818 tum
261 2759 414 2823 valuisset
436 2780 539 2823 sermo
568 2762 624 2822 aut
655 2758 826 2822 stultorum
858 2756 1036 2823 amicorum
1062 2759 1119 2820 aut

164 2844 397 2930 improborum,
424 2847 602 2911 beatissimi
624 2846 814 2910 viveremus:
842 2866 940 2923 nunc,
964 2845 1116 2931 quoniam

59 2943 63 2949 '
166 2955 293 3015 sperare
320 2956 380 2999 nos
408 2935 502 2999 amici
529 2935 654 3016 iubent,
687 2934 770 2998 dabo
802 2955 945 3018 operam,
976 2955 1018 2998 ne
1046 2956 1119 2998 mea

165 3024 313 3087 valetudo
334 3027 392 3088 tuo
414 3023 517 3086 labori
540 3023 629 3086 desit.
666 3021 731 3085 Res
751 3026 872 3107 quanta
890 3022 940 3106 sit,
962 3023 1119 3106 intelligo

166 3117 347 3196 quantoque
379 3111 475 3176 fuerit
506 3110 630 3175 facilius
662 3131 791 3174 manere
823 3108 910 3174 domi
942 3132 1040 3193 quam
1070 3132 1118 3174 re-

165 3201 246 3284 dirc3
271 3203 326 3265 sed
348 3205 466 3283 tamen,
489 3198 518 3262 si
540 3218 650 3262 omnes
673 3198 819 3263 tribunos
841 3199 884 3281 pl.
902 3198 1068 3284 habemus,
1092 3198 1120 3262 si

235 3392 286 3462 Ep.
307 3398 370 3463 1,1.
407 3391 544 3456 iucidr'sse,
564 3388 595 3443 T.
616 3389 691 3458 (W).
727 3390 763 3443 A!
782 3389 813 3444 Τ.
832 3389 864 3445 Β.
