2370 3878
177 132 241 195 154
455 129 493 183 M.
512 128 637 184 TULLII
654 127 845 185 CICERONIS

175 274 259 340 Sane
290 275 423 338 moleste
455 274 516 337 tuli
547 294 615 337 non
650 273 706 336 1116
737 273 893 337 beneficia
921 276 997 339 tuae
1020 277 1128 358 potius

175 362 344 427 ambitioni
361 364 524 425 reservata
546 381 615 425 6666
638 382 735 444 quam
757 383 856 445 meae,
879 362 934 445 qui
952 363 1128 430 ambitione

174 450 256 515 nihil
279 453 398 531 uterer3
426 449 465 513 de
494 448 734 513 centurionibus
762 452 872 514 tamen
901 454 934 513 et
962 450 1001 515 de
1028 453 1128 517 tribu·
1156 522 1159 527 ,

174 560 290 603 norum
322 538 509 601 militarium
541 537 825 601 contubernalibus
857 558 908 602 res
941 542 991 602 est
1019 539 1057 603 in
1083 541 1128 605 in·

173 630 280 710 tegno,
312 646 414 710 genus
447 625 533 689 enim
558 624 675 690 horum
701 624 930 690 beneficiorum
961 626 1128 693 definitum

138 715 244 798 elego
267 736 335 778 non
357 716 434 777 erat.
479 712 651 796 Reliquum
674 717 723 777 cst
745 714 783 778 de
806 711 870 778 Hs.
894 717 1025 779 centum
1047 716 1128 781 mili·

173 803 247 886 bus,
275 803 313 865 de
341 802 457 885 quibus
484 802 616 864 memini
642 802 721 865 mihi
751 823 770 865 a
792 805 825 866 te
847 800 976 885 Myrina
1003 803 1128 869 litteras

174 912 243 954 6666
266 891 390 974 allatas,
413 911 480 954 non
502 890 566 953 mei
589 890 696 973 errati,
719 889 774 954 sed
796 890 854 974 tui,
877 890 912 953 in
935 912 999 973 quo
1017 912 1128 975 pecca·

173 982 243 1043 tum
269 978 439 1043 videbatur
470 999 552 1061 csse,
585 978 611 1042 si
639 978 734 1042 modo
762 981 845 1061 erat,
876 977 985 1042 fratris
1015 980 1066 1045 tui
1098 988 1128 1045 et

174 1068 281 1151 Tullii3
304 1068 373 1151 sed,
397 1088 496 1150 quum
517 1066 550 1129 id
574 1066 691 1150 corrigi
713 1087 781 1130 non
803 1069 926 1149 posset,
954 1067 1041 1150 quod
1064 1068 1127 1133 iam

174 1156 326 1239 depositis
340 1155 520 1219 rationibus
534 1176 572 1218 ex
590 1155 756 1237 provincia
770 1154 1016 1238 decesseramus,
1033 1157 1127 1222 credo

172 1265 223 1307 me
251 1244 380 1326 quidem
411 1242 471 1305 tibi
501 1264 561 1325 pro
594 1242 694 1305 animi
726 1243 788 1305 mei
811 1243 976 1307 voluntate
1005 1265 1126 1327 proque

173 1352 211 1394 66
229 1353 285 1414 spe
304 1331 503 1412 facultatum,
526 1333 710 1412 quamtum
728 1330 935 1414 habebamuS,
958 1332 1126 1414 66661116-

172 1419 356 1482 manissime
384 1417 556 1502 potuerim,
588 1417 801 1501 rescripsisse,
833 1418 888 1482 sed
920 1440 1024 1501 neque
1057 1423 1126 1485 tum

172 1528 223 1570 mc
245 1506 446 1570 humanitate
469 1506 650 1569 litterarum
672 1527 816 1569 mearum
844 1506 1024 1591 obligatum
1046 1512 1125 1591 puto

172 1615 276 1677 neque
299 1615 350 1658 me
372 1598 463 1658 tuam
481 1593 576 1657 hodie
596 1594 764 1678 epistolam
788 1594 826 1657 dc
844 1592 909 1658 Hs.
929 1598 1059 1659 centum
1082 1597 1126 1660 sic

173 1683 340 1767 accepisse,
363 1686 400 1747 ut
422 1682 443 1746 ii
468 1682 638 1766 accipiunt,
661 1682 776 1765 quibus
795 1683 949 1766 epistolae
971 1704 1030 1766 per
1047 1684 1126 1748 haec

137 1784 153 1835 9
171 1776 318 1857 tempora
341 1772 494 1836 molestae
519 1773 603 1835 sunt.
639 1768 741 1835 Simul
759 1770 839 1834 illud
860 1771 1002 1855 cogitare
1021 1772 1126 1856 debes,

171 1883 222 1925 me
256 1882 384 1927 omnem
410 1859 593 1945 pecuniam,
624 1880 706 1942 quae
733 1859 774 1922 ad
801 1879 852 1922 me
881 1859 977 1923 salvis
999 1860 1125 1944 legibus

172 1951 378 2034 pervenisset,
406 1948 529 2033 Ephesi
552 1947 637 2031 apud
660 1947 848 2031 publicanos
872 1946 1071 2031 deposuisse,
1094 1948 1126 2012 id

171 2038 271 2101 fuisse
293 2037 358 2102 Hs.
382 2052 477 2121 xxm,
499 2058 570 2100 eam
594 2057 721 2100 omnem
745 2034 914 2119 pecuniam
936 2034 1126 2119 Pompeium

173 2125 356 2207 abstulisse,
384 2125 469 2208 quod
493 2145 552 2209 ego
577 2125 643 2188 sivc
667 2145 768 2206 aequo
793 2123 900 2188 animo
925 2123 991 2187 sive
1013 2124 1125 2207 iniquo

171 2212 255 2297 fero,
285 2216 322 2275 tu
349 2211 388 2276 dc
417 2211 482 2276 HS.
510 2215 638 2277 centum
666 2232 768 2294 aequo
792 2211 899 2275 animo
922 2210 1005 2275 ferre
1029 2212 1125 2277 debes

172 2304 205 2364 ct
228 2300 408 2364 existimare
437 2320 474 2364 eo
502 2300 608 2364 minus
636 2299 677 2363 ad
703 2303 736 2362 te
763 2300 814 2363 vel
842 2298 880 2362 de
908 2299 973 2364 tuis
996 2299 1125 2364 cibariis

171 2390 222 2453 vel
250 2389 288 2453 de
315 2409 387 2453 mea
413 2386 605 2452 liberalitate
632 2387 824 2472 pervenisse.
870 2385 962 2461 Quod
991 2388 1018 2450 si
1045 2388 1126 2451 mihi

171 2498 311 2562 expensa
333 2478 396 2541 ista
418 2473 636 2540 HS.·centum
658 2475 800 2559 tulisses,
822 2478 941 2560 tamen,
963 2495 1046 2559 quac
1068 2480 1127 2539 166

171 2571 221 2630 661
244 2566 384 2631 suavitas
408 2565 525 2648 quique
554 2564 589 2627 in
612 2585 662 2628 mc
686 2585 789 2647 amor,
815 2564 919 2628 nolles
947 2585 967 2626 6
988 2584 1039 2627 me
1062 2563 1126 2628 hoc

170 2658 314 2738 tempore
338 2651 593 2718 aestimationem
617 2651 772 2735 accipere3
804 2673 894 2735 nam,
920 2654 1127 2716 numeratum

171 2743 199 2805 si
222 2763 383 2826 cuperem,
412 2763 480 2806 non
507 2743 584 2805 erat.
630 2738 692 2804 Sed
719 2740 798 2804 haec
825 2740 966 2805 iocatum
993 2760 1044 2803 mc
1067 2762 1126 2823 pu-

170 2832 250 2913 tato,
271 2834 309 2894 ut
331 2850 391 2915 ego
414 2834 446 2894 tc
470 2829 629 2912 existim03
652 2848 713 2913 ego
736 2832 855 2912 tamen,
878 2849 976 2912 quum
1000 2827 1126 2891 Tullius

170 2939 243 2981 rure
266 2918 408 3000 redierit,
435 2918 562 2982 mittam
594 2938 667 2980 eum
694 2916 734 2980 ad
761 2921 807 3000 tc,
835 2916 962 3000 siquid
989 2916 1030 2980 ad
1056 2936 1128 2980 rem

170 3006 299 3090 putabis
322 3007 491 3090 pertinere.
535 3004 630 3070 Hanc
657 3004 826 3088 epistolam
853 3025 910 3070 cnr
932 3025 999 3069 non
1023 3004 1127 3068 scindi

170 3095 274 3180 velim,
297 3115 393 3159 66666
415 3095 505 3159 66116
528 3097 585 3159 661.

240 3322 291 3392 Ep.
307 3327 350 3390 20,
365 3327 389 3377 8.
416 3321 611 3376 (1666666666666
626 3318 721 3387 (Em).
758 3319 916 3373 decessimus
928 3317 966 3372 M.
1001 3316 1128 3372 616666616-

169 3408 256 3447 666666
275 3393 357 3460 Crat,
376 3393 406 3446 B.
444 3399 469 3447 9.
496 3391 647 3446 6661661166
665 3390 707 3444 bis
724 3393 749 3444 et
761 3390 843 3445 616166
857 3388 941 3458 (W.)?
960 3416 996 3428 -
1012 3388 1060 3443 sed
1077 3389 1130 3443 hoc

170 3464 288 3517 16661666
306 3464 411 3532 (116611
