2370 3878
130 169 194 235 538
413 168 449 223 Μ.
470 167 592 222 TULLII
610 165 801 223 CICERONIS

128 318 161 379 et
192 314 264 380 viae
290 333 348 397 per
373 312 512 378 hiemem
535 311 598 375 nisi
629 310 711 376 bene
742 310 872 375 firmum
907 313 1094 377 committas

93 416 109 464 c
128 423 208 468 neve
230 401 365 486 naviges
386 399 450 465 nisi
474 400 645 483 explorate.
690 397 755 463 Vix
776 398 812 463 in
834 399 917 483 ipsis
941 401 1042 465 tectis
1065 405 1093 465 et

129 489 255 574 oppidis
277 489 381 573 frIgus
404 487 532 551 infirma
554 486 738 552 valetudine
755 488 887 571 vitatur,
911 489 1039 554 nedum
1060 490 1091 553 in

128 579 209 642 mari
232 579 266 642 et
287 576 340 640 vie
363 576 406 640 sit
428 576 522 640 facile
545 576 657 641 abesse
680 575 720 639 ab
744 575 863 639 iniuria
885 579 1057 661 temporis.

252 708 358 792 ψῦχος
380 703 417 772 δὲ
440 707 545 795 λεπτῷ
571 703 672 791 χρωτὶ
694 703 961 792 πολεμιώτατον,

127 841 234 926 inquit
260 838 443 925 Euripides:
476 839 591 904 cuitu
623 842 779 923 quantum
806 840 934 926 credas,
966 844 1086 927 nescio;

129 951 189 1015 ego
218 933 302 994 certe
329 929 474 1013 singulos
506 927 574 992 eius
601 948 711 992 versus
744 929 872 1014 singula
898 931 1084 998 testimonia

128 1022 216 1103 pute.
257 1017 368 1100 Effice,
392 1018 419 1081 si
441 1036 492 1081 me
515 1015 632 1101 diligis,
654 1020 692 1081 ut
713 1017 820 1082 valeas
844 1020 877 1082 et
899 1021 939 1083 ut
961 1020 1006 1084 ad
1028 1043 1082 1086 nos

128 1107 239 1171 firmus
262 1126 299 1172 ac
327 1106 437 1171 valens
465 1125 561 1188 quam
588 1104 728 1188 primum
749 1105 870 1172 venias.
915 1104 1004 1173 Ama
1027 1130 1081 1174 nos

130 1198 162 1260 et
183 1195 262 1261 vale.
302 1193 338 1268 O.
352 1193 375 1258 i.
410 1192 471 1257 tibi
494 1193 631 1257 salutem
655 1193 742 1258 dicit.

465 1379 468 1384 ’
576 1384 635 1453 ΙΧ.

276 1497 332 1554 Ser.
352 1496 495 1554 Brundisii
512 1497 558 1554 IV.
578 1497 640 1553 Kal.
659 1497 725 1555 Dee.
745 1514 770 1554 e.
788 1515 815 1554 u.
834 1515 857 1554 c.
877 1503 939 1556 704.

151 1621 306 1678 TULLIUS
324 1621 372 1676 BT
392 1619 522 1676 CICERO
542 1621 668 1677 TIRONI
686 1620 755 1677 SUO
775 1621 849 1679 SAL.
869 1621 973 1678 PLUR.
994 1623 1069 1702 mu

96 1736 110 1784 1
196 1721 265 1788 Nos
293 1745 312 1787 a
338 1726 384 1805 te,
411 1726 449 1787 ut
471 1722 546 1806 scie,
574 1721 778 1787 discessimus
806 1743 833 1786 a.
861 1721 891 1786 d.
917 1740 978 1788 111L
1001 1723 1082 1789 Non.

130 1809 212 1876 Nou.
257 1810 437 1876 Leucadem
459 1811 604 1875 venimus
628 1832 655 1875 a.
678 1810 708 1875 d.
730 1826 800 1876 vm.
823 1807 869 1875 Id.
892 1807 986 1896 Nou,
1009 1835 1037 1877 a.
1057 1813 1082 1877 d.

129 1917 187 1965 v11.
209 1899 352 1984 Actium3
379 1899 425 1963 ibi
452 1902 585 1984 propter
611 1902 836 1983 tempestatem
863 1920 891 1963 a.
914 1898 943 1964 d.
967 1918 1012 1965 vl.
1039 1899 1083 1966 Id.

130 1988 246 2053 moreti
274 2010 393 2053 sumus.
437 1984 517 2051 Inde
546 2009 575 2051 a.
598 1986 627 2050 d.
650 2005 682 2052 v.
704 1986 750 2051 ld.
779 1984 952 2070 Corcyram
979 1989 1082 2054 bellis-

131 2078 209 2141 sime
232 2077 463 2161 navigavimus.
500 2073 656 2158 Corcyrae
679 2074 799 2140 fuimus
821 2096 921 2159 usque
944 2077 989 2142 ad
1009 2098 1038 2142 a.
1056 2076 1082 2141 d.

131 2182 198 2229 xvl.
220 2164 260 2229 K.
288 2165 364 2231 Dec.
391 2163 636 2249 tempestatibus
663 2163 789 2228 retenti.
838 2160 878 2228 A.
905 2163 935 2228 d.
964 2182 1019 2229 xv.
1046 2164 1083 2230 Κ.

131 2253 165 2316 in
187 2255 317 2335 portum
340 2251 591 2338 Corcyraeorum
613 2251 654 2316 ad
677 2249 853 2335 Cassiopen
881 2251 986 2318 stadia
1009 2270 1083 2319 cxx.

131 2340 356 2423 processimus;
379 2341 424 2405 ibi
446 2341 564 2406 retenti
586 2340 691 2406 ventis
714 2361 823 2405 sumus
841 2361 943 2424 usque
958 2340 999 2406 ad
1013 2364 1042 2406 a.
1056 2341 1083 2406 d.

131 2445 213 2492 vnn.
235 2427 275 2492 K.
294 2464 336 2474 -
355 2429 487 2513 interea,
510 2429 565 2512 qui
588 2429 702 2513 cupide
724 2428 861 2513 profecti
884 2432 970 2513 sunt,
992 2430 1084 2494 multi

97 2516 302 2602 cnaufragia
328 2516 476 2581 fecerunt
497 2552 549 2579 -.
585 2515 654 2581 Nos
683 2537 720 2581 eo
753 2516 804 2580 die
836 2517 963 2581 coenati
990 2518 1084 2583 solvi·

131 2604 893 2777 1.·ῢὲὲρῑῖῐέἓὲῗὶῗῶἳῑὶῗο..θέξᾞ.ῗὲἓ.ῑ
911 2607 1085 2760 tittdt

131 2781 348 2864 pervenimus,
379 2781 553 2866 eodemque
585 2784 682 2846 vento
712 2781 867 2865 postridie
890 2782 991 2847 -id
1017 2787 1086 2848 erat

132 2889 160 2931 a.
179 2868 208 2932 d.
226 2885 282 2933 vn.
300 2869 340 2933 Κ.
358 2869 435 2934 Dec.
458 2902 500 2917 --
524 2869 605 2934 hora
626 2886 685 2934 nn.
703 2868 912 2935 Brundisium
930 2871 1086 2956 venimus,

132 2956 306 3041 eodemque
328 2960 472 3041 tempore
496 2959 591 3023 simui
612 2958 781 3022 nobiseum
803 2958 838 3022 in
861 2958 1016 3042 oppidum
1038 2960 1085 3024 in·

131 3045 222 3110 troiit
244 3043 408 3128 Terentia,
436 3068 517 3130 quae
540 3052 572 3111 te
595 3046 674 3110 facit
694 3046 834 3130 plurimi.
878 3043 918 3111 A.
941 3046 971 3111 d.
994 3070 1023 3112 v.
1046 3048 1086 3113 K.

131 3133 207 3199 Dec.
231 3154 341 3200 servus
360 3131 418 3198 On.
431 3133 554 3198 Plancii
577 3133 742 3199 Brundisii
759 3134 891 3199 tandem
911 3134 1086 3218 aliquando

201 3359 252 3430 Bp.
278 3367 350 3429 9,1.
392 3359 429 3414 Κ.
450 3389 482 3400 -
501 3361 605 3414 Interea
700 3359 822 3426 fecerunt
844 3391 886 3416 -.
922 3359 983 3417 Nos
1009 3360 1086 3430 (W.).

131 3429 255 3573 §utgdm'
278 3431 349 3500 ..fi
377 3429 438 3486 Nos
463 3429 556 3501 vulgo.
607 3435 631 3485 2.
659 3444 752 3485 sereno
774 3436 850 3488 nocte
872 3430 946 3500 (W.).
996 3447 1033 3500 a,
1057 3449 1086 3487 c.
