2370 3878
132 157 195 221 198
412 156 449 209 ii.
468 155 592 209 11111
610 153 800 209 1111110111
903 212 909 218 ,

129 324 197 367 non
220 301 273 383 sis,
296 301 351 383 qui
372 299 483 383 fueris,
504 322 572 364 non
595 321 673 383 esse,
695 322 752 365 our
774 301 854 364 velis
872 301 988 365 vivere.
1027 300 1093 367 Sed

129 396 240 454 tamen
261 409 375 452 vacare
398 389 493 472 culpa
514 409 670 473 magnum
693 394 742 453 est
761 389 921 473 solatium,
944 411 1091 474 praesei-

129 480 190 542 tim
213 498 312 560 quum
333 476 472 540 habeam
494 477 574 541 duas
596 499 662 560 res,
684 477 801 562 quibus
823 499 874 541 me
897 481 1090 562 sustentem,

130 566 326 649 optimarum
348 566 467 629 artium
490 566 657 629 scientiam
685 571 718 629 et
744 566 956 630 maximarum
978 589 1090 633 rerum

130 655 280 739 gloriam,
311 676 447 737 quarum
478 654 580 718 altera
610 654 690 718 mihi
717 655 791 719 vivo
818 676 996 738 numquam
1030 658 1090 721 eri·

95 754 111 803 5
129 743 244 827 pietur
263 743 363 806 altera
383 763 425 806 ne
443 747 571 807 mortuo
589 743 726 826 quidem
762 741 852 808 Haeo
871 743 912 806 ad
925 747 958 807 te
973 745 1088 830 scripsi

129 831 294 896 verbosius
318 835 351 895 et
372 831 432 895 tibi
455 832 610 896 molestus
631 831 694 913 fui,
721 831 808 914 quod
835 835 868 896 te
892 854 992 915 quum
1014 835 1090 918 mei,

128 923 200 983 1111
226 919 445 1004 reipublicae
477 920 615 1004 cognovi
642 920 908 984 amantissimum.
960 886 1090 987 Notuni

128 1008 189 1071 tibi
217 1029 312 1073 omne
339 1030 447 1072 meum
473 1008 643 1072 consilium
666 1030 736 1072 esso
758 1008 859 1090 volui,
886 1013 924 1072 ut
945 1010 1089 1094 primum

130 1097 227 1161 scires
250 1118 302 1161 me
324 1118 501 1180 numquam
523 1097 663 1161 voluisse
686 1098 759 1180 plus
778 1118 972 1180 quemquam
990 1120 1088 1182 posse

130 1207 226 1268 quam
248 1186 431 1249 universam
449 1207 518 1248 rem
535 1184 707 1268 publicam,
729 1190 843 1268 postea
860 1189 970 1249 autem
988 1209 1089 1271 quam

129 1274 264 1337 alieuius
287 1274 382 1357 onlpa
403 1276 531 1336 tantum
553 1272 675 1336 valeret
696 1295 794 1356 unus,
820 1277 858 1337 ut
880 1274 995 1338 obsisti
1017 1297 1089 1340 non

128 1364 252 1444 posset,
278 1382 330 1424 me
357 1360 496 1424 voluisse
524 1381 649 1444 paoem3
677 1362 795 1425 amisso
823 1362 963 1425 exercitu
990 1367 1025 1426 et
1048 1385 1087 1429 eo

129 1448 222 1531 duce,
248 1449 283 1511 in
310 1469 374 1531 quo
402 1469 475 1531 spes
502 1447 609 1512 fuerat
630 1469 710 1531 uno,
741 1471 793 1513 mo
820 1450 959 1513 voluisse
986 1451 1088 1516 etiam

127 1536 259 1619 reliquis
291 1537 454 1619 omnibus,
489 1540 662 1620 postquam
692 1558 761 1600 non
792 1537 968 1620 potuerim,
1003 1540 1087 1604 mihi

127 1625 190 1707 ipsi
212 1624 310 1688 finem
331 1624 444 1688 fecisse
467 1625 556 1706 belli;
578 1645 666 1689 nuno
685 1629 802 1707 autem,
825 1625 854 1689 si
870 1625 950 1688 haee
969 1626 1085 1692 civitas

127 1716 190 1794 est,
217 1713 320 1776 civem
342 1733 412 1777 esse
434 1734 499 1795 me,
526 1714 555 1776 si
581 1735 661 1794 non,
689 1714 829 1777 exsulem
852 1733 921 1777 esse
944 1735 1012 1778 non
1035 1716 1086 1779 in·

128 1801 342 1866 commodiore
364 1803 449 1884 loca,
477 1823 574 1884 quam
601 1802 628 1865 si
651 1800 803 1865 Rhodum
828 1821 876 1865 me
903 1806 961 1866 aut
987 1800 1085 1887 Myti-

93 1892 217 1956 olenas
245 1891 461 1956 contulissem.
505 1889 595 1954 Haeo
621 1893 728 1954 tecum
755 1910 865 1954 coram
891 1891 1085 1976 malueram,

127 1981 197 2061 sad,
220 1980 295 2063 quia
321 1980 451 2065 longius
474 1979 586 2062 fiebat,
613 1979 701 2043 volui
728 1998 786 2062 per
813 1979 938 2042 litteras
960 1979 1085 2064 eadem,

126 2071 165 2131 ut
185 2068 330 2151 haberes,
353 2068 429 2151 quid
448 2067 578 2149 diceres,
602 2067 629 2130 si
647 2066 776 2150 quando
794 2066 829 2129 in
847 2067 1084 2150 vituperatores

127 2175 215 2220 meos
238 2156 418 2238 incidisses3
441 2159 518 2220 sunt
540 2155 635 2237 enim,
658 2155 726 2238 qui,
749 2176 847 2238 quum
869 2175 960 2218 meus
982 2155 1084 2220 inter·

126 2244 191 2306 itus
218 2243 300 2307 nihil
331 2244 428 2307 fuerit
459 2243 507 2306 rei
537 2243 684 2343 publicae
710 2242 911 2327 profuturus,
938 2242 1084 2309 oriminis

126 2333 197 2395 loeo
220 2334 337 2416 putent
355 2352 434 2414 esse,
457 2318 590 2414 quoi
560 2353 675 2432 vivam,
693 2331 809 2432 quibus
827 2351 888 2431 ego
907 2335 995 2396 oerto
1015 2333 1083 2398 soio

126 2441 194 2484 non
216 2420 318 2484 videri
345 2420 423 2483 satis
450 2419 570 2484 multos
592 2420 725 2503 perisse:
753 2419 821 2503 qui,
848 2419 876 2482 si
902 2440 953 2484 me
976 2419 1084 2484 audis-

127 2512 208 2591 sent,
231 2508 377 2593 quamvis
400 2508 511 2592 iniqua
533 2528 621 2592 paee,
643 2507 778 2572 honeste
795 2511 906 2571 tamen
922 2508 1085 2592 viverent3

126 2598 224 2663 armis
247 2598 335 2662 enim
356 2596 539 2680 inferiores,
565 2618 633 2662 non
660 2616 757 2661 eausa
778 2596 925 2661 fuissent.
969 2594 1084 2662 Habes

126 2687 297 2769 epistolam
319 2685 536 2751 verbosiorem
562 2685 713 2768 fortasse,
741 2706 837 2768 quam
860 2685 972 2768 velles,
995 2685 1085 2769 quod

125 2774 187 2838 tibi
213 2775 260 2839 ita
286 2774 388 2840 videri
413 2773 550 2859 putabo,
581 2773 646 2837 nisi
672 2773 752 2836 mihi
780 2773 961 2858 longiorem
987 2774 1085 2838 remi·

127 2862 215 2927 seris.
259 2861 342 2947 Ego,
365 2863 402 2945 si,
425 2883 505 2946 quae
524 2863 608 2945 v010,
630 2861 807 2946 expediero,
828 2861 918 2926 brevi
935 2864 1086 2946 tempora

125 2954 167 3033 te,
189 2952 227 3015 ut
249 2972 352 3035 spem,
374 2950 498 3016 videbo.

197 3177 249 3250 Ep.
264 3181 294 3248 3,
308 3183 336 3236 o.
369 3177 464 3235 obsisti
481 3178 507 3233 ei
523 3192 580 3234 1011
594 3192 624 3249 p.
643 3176 727 3248 (W.)?
