2370 3878
381 781 492 838 trouu
513 781 756 838 uuoouoiuos.

207 909 273 975 ΑΙ)
302 909 336 976 0.
364 908 578 975 CASSIUM
605 908 668 974 ΕΤ
696 903 929 975 CETEROS.

559 1084 584 1150 I.

263 1206 321 1261 Ser.
341 1208 459 1261 exeunte
477 1221 571 1261 mense
590 1206 665 1260 Maio
684 1221 709 1260 a.
728 1223 754 1259 u.
774 1221 797 1258 o.
818 1210 878 1260 710.

388 1346 515 1402 CICERO
535 1345 658 1402 CASSIO
678 1345 753 1400 SAL.

161 1453 276 1519 Finem
298 1456 421 1520 nullam
443 1455 537 1539 facio,
559 1454 759 1537 mihicrede,
778 1452 878 1538 Cassi,
901 1452 940 1518 de
962 1457 994 1518 te
1017 1457 1050 1516 et
1070 1468 1083 1515 1

96 1543 197 1608 Bruto
220 1548 347 1626 nostro,
373 1543 406 1607 id
429 1547 479 1608 est
501 1544 540 1607 de
561 1547 632 1608 tota
654 1565 689 1608 re
711 1543 854 1627 publiea,
877 1542 1051 1628 cogitandi,

96 1631 186 1695 cuius
209 1633 314 1697 omnis
334 1653 405 1715 spes
423 1633 459 1696 in
477 1631 569 1696 vobis
588 1635 638 1695 est
657 1632 743 1695 etin
761 1631 931 1713 D.Bruto3
953 1653 1050 1715 quam

96 1719 224 1803 quidem
246 1720 311 1797 iam
333 1720 437 1784 habeo
460 1720 529 1804 ipse
552 1720 727 1802 meliorem,
749 1719 931 1803 republica
949 1741 968 1781 a
986 1718 1050 1782 Do-

96 1807 213 1872 labella
244 1830 316 1872 meo
348 1808 601 1893 praeclarissime
639 1809 744 1892 gesta3
780 1807 934 1871 manabat
965 1807 1051 1869 enim

95 1896 175 1960 illud
202 1897 323 1961 malum
349 1896 509 1961 urbanum
540 1900 573 1959 et
599 1896 646 1959 ita
673 1894 942 1960 corroborabatur
974 1894 1076 1977 quo-⁴

96 1983 183 2068 tidie,
204 1988 242 2049 ut
265 2005 325 2069 ego
350 1984 478 2068 quidem
501 1987 534 2048 et
555 1983 628 2047 urbi
652 1986 684 2048 et
707 1983 774 2047 otio
799 1982 976 2046 diffiderem
999 2004 1051 2045 ur·

96 2072 196 2155 bano,
223 2072 279 2136 sed
305 2073 352 2137 ita
379 2094 597 2157 compressum
625 2076 687 2154 est,
718 2075 755 2135 ut
780 2071 861 2135 mihi
886 2071 1052 2135 videamur

98 2182 192 2224 omne
214 2160 280 2224 iam
302 2161 343 2224 ad
365 2164 493 2245 tempus
511 2161 552 2224 ab
571 2161 627 2225 illo
647 2161 815 2224 dumtaxat
833 2159 1050 2225 sordidissimo

97 2248 239 2332 periculo
262 2249 325 2312 tuti
347 2249 457 2312 futuri.
493 2248 629 2332 Reliqua
648 2269 768 2333 magna
787 2251 863 2312 sunt
881 2269 917 2312 ao
939 2249 1051 2330 multa,

98 2337 153 2400 sed
170 2337 277 2420 posita
296 2338 404 2402 omnia
424 2339 460 2400 in
473 2338 577 2402 vobis:
601 2358 795 2420 quamquam
807 2337 947 2420 primum
961 2337 1050 2420 quid-

97 2447 159 2508 que
183 2426 385 2509 explicemus.
417 2424 512 2508 Nam,
534 2429 572 2490 ut
589 2425 694 2489 adhuc
712 2425 840 2509 quidem
863 2429 970 2489 aetum
994 2429 1051 2509 est,

97 2534 165 2577 non
196 2534 311 2599 regno,
343 2514 399 2578 sed
431 2535 506 2599 rege
537 2514 665 2578 liberati
691 2513 850 2595 videmur3
880 2513 1050 2577 interfecto

97 2601 183 2665 enim
205 2623 281 2687 rege
299 2603 406 2687 regios
425 2624 535 2667 omnes
553 2607 653 2668 nutus
670 2605 807 2666 tuemur.
843 2600 956 2685 Neque
974 2622 1050 2666 vero

97 2688 130 2753 id
154 2691 266 2773 solum,
289 2691 344 2754 sed
368 2691 478 2774 etiam,
501 2713 583 2775 quae
605 2691 674 2775 ipse
697 2690 760 2773 ille,
782 2689 810 2754 si
832 2689 961 2773 viveret,
984 2711 1051 2754 non

96 2777 230 2862 faceret,
262 2799 300 2842 ea
331 2800 391 2843 nos
424 2779 514 2862 quasi
542 2780 684 2863 cogitata
712 2779 752 2842 ab
784 2778 840 2843 illo
868 2779 1050 2862 probamus.

96 2865 166 2931 Neo
189 2867 257 2930 eius
281 2867 409 2950 quidem
432 2867 479 2930 rei
501 2867 599 2931 finem
617 2867 722 2931 video:
745 2867 874 2931 tabulae
893 2867 1050 2952 figuntur:

96 2955 316 3020 immunitates
344 2955 476 3038 dantum
502 2956 656 3038 pecuniae
683 2955 840 3019 maximae
868 2954 1051 3019 deseribun-

96 3046 163 3126 tur3
186 3044 311 3108 exsules
334 3044 545 3126 reducuntur3
568 3047 699 3108 senatus
723 3045 871 3108 consulta
893 3043 976 3106 falsa
998 3042 1050 3105 de·

95 3132 256 3197 seruntur:
272 3135 309 3196 ut
322 3131 547 3196 tantummodo
563 3131 671 3196 odium
685 3131 765 3195 illud
778 3130 919 3196 hominis
933 3129 1050 3212 impuri

166 3340 218 3410 Ep.
241 3347 263 3408 l,
280 3348 302 3394 1.
340 3358 518 3410 compressam
535 3346 573 3396 est
591 3304 712 3411 (Mart.
732 3355 883 3409 colopreseo
899 3343 938 3394 eet
953 3338 994 3392 M.
1029 3354 1055 3392 e.

94 3426 138 3465 res
156 3416 194 3466 eet
209 3411 283 3478 Em,
302 3412 333 3466 Β.
353 3443 388 3452 -
406 3412 570 3481 deseruntur
589 3411 668 3486 (Or).
706 3412 760 3482 ref.
774 3411 832 3483 bl„
845 3409 947 3482 uulgo.
