2370 3878
59 167 97 220 M.
108 166 231 221 TULLII
244 163 433 248 CICERONIS
445 161 557 218 nplsr.
568 162 617 217 AD
629 161 660 227 Q.
670 161 846 217 FRATREM
854 163 875 216 Ι.
888 170 911 217 1.
949 164 1013 228 557

61 333 167 395 nequo
187 331 247 376 nos
270 312 383 375 nostro
406 309 512 374 studio
536 306 710 392 quidquam
732 307 886 391 proficere
910 329 1018 392 posse-

61 421 143 482 mus,
165 402 216 464 est
237 398 368 463 omnino
392 397 521 463 difficile
544 416 612 460 non
630 397 772 481 graviter
794 395 939 480 idione,
963 395 1018 460 sed

61 492 171 551 tamen
194 490 322 551 nostros
350 486 475 550 animos
498 485 645 548 maximis
674 485 710 548 in
732 485 827 549 rebus
852 488 884 548 ct
907 505 1019 570 geren·

63 575 111 639 dis
143 578 176 639 et
203 574 400 639 sustinendis
432 572 623 637 exercitatos
654 572 764 658 frangi
796 575 829 637 et
859 573 1020 637 debilitari

61 663 210 728 molestia
232 685 300 727 non
319 664 454 744 oportet.
490 660 544 744 Et,
566 661 719 744 quoniam
739 682 777 725 ea
796 662 1020 726 molestissime

61 751 145 816 ferre
163 751 311 816 homines
330 749 457 832 debent,
478 770 559 832 quae
578 749 721 831 ipsorum
740 749 835 831 culpa
854 753 1021 814 contracta

63 842 155 923 sunt,
177 842 227 903 est
250 837 402 920 quiddam
425 837 461 900 in
482 837 544 901 hac
566 858 601 900 re
623 837 704 900 mihi
726 837 894 901 molestius
916 838 1020 902 feren·

63 928 140 992 dum
164 947 261 1009 quam
282 925 355 989 tibi:
378 925 502 989 factum
520 928 570 988 est
587 925 674 988 enim
692 945 764 988 mea
782 925 885 1008 culpa,
908 930 1022 990 contra

64 1037 161 1098 quam
183 1018 220 1078 tu
243 1035 369 1077 mecum
392 1017 425 1076 et
446 1012 652 1098 proficiscens
676 1016 708 1076 et
730 1034 789 1096 per
805 1012 930 1077 litteras
949 1034 1021 1098 ege-

63 1125 130 1186 τῆς,
162 1105 200 1166 ut
226 1103 333 1185 priore
363 1122 449 1165 anno
477 1122 544 1166 non
571 1101 806 1181 succederetur3
838 1100 924 1183 quod
952 1123 1022 1185 ego,

64 1192 141 1255 dum
161 1190 258 1254 saluti
276 1190 436 1254 sociorum
450 1189 592 1271 consulo,
611 1189 687 1253 dum
706 1187 924 1273 impudentiae
942 1210 1022 1252 non-

65 1280 229 1343 nullorum
256 1278 497 1362 negotiatorum
523 1277 652 1360 resisto,
679 1277 756 1340 dum
782 1279 927 1340 nostram
955 1278 1022 1361 glo-

64 1368 146 1430 riam
168 1370 226 1431 tua
248 1366 366 1430 virtute
390 1366 501 1449 augeri
524 1368 651 1448 expeto,
677 1364 741 1429 feci
762 1385 829 1430 non
853 1365 1023 1448 sapienter,

65 1455 256 1538 praesertim
284 1475 384 1537 quum
409 1453 443 1517 id
470 1453 696 1536 commiserim,
723 1455 760 1516 ut
781 1452 836 1516 illc
864 1453 944 1517 alter
968 1475 1022 1516 an-

66 1565 128 1607 nus
152 1543 250 1607 etiam
271 1543 404 1606 tertium
422 1546 532 1625 posset
552 1541 718 1606 adducere.
754 1539 847 1616 Quod
871 1543 1050 1625 quoniame

66 1635 234 1715 peccatum
256 1652 364 1694 meum
384 1651 453 1694 esse
472 1629 636 1714 confiteor,
658 1633 708 1695 est
727 1629 904 1713 sapientiae
928 1633 1023 1712 atque

66 1719 280 1784 humanitatis
302 1723 378 1783 tuac
401 1739 513 1783 curare
537 1721 569 1781 et
591 1711 751 1801 peificere,
773 1720 810 1781 ut
832 1716 894 1780 hoc
917 1719 1023 1782 minus

67 1808 229 1891 sapienter
251 1829 272 1870 a
294 1828 345 1870 me
373 1806 537 1890 provisum
566 1805 734 1888 diligentia
756 1807 813 1868 tua
835 1805 1023 1889 corrigatur.

66 1893 129 1976 Ac,
153 1896 235 1959 site
258 1895 326 1977 ipse
349 1893 570 1957 vehementius
599 1892 640 1956 ad
668 1912 779 1955 omnes
806 1894 914 1974 partes
942 1893 1024 1956 bene

67 1981 217 2046 audiendi
240 1981 402 2064 excitaris,
424 2001 492 2047 non
515 1984 552 2044 ut
574 2001 648 2044 cum
671 1980 757 2062 aliia,
781 1979 836 2043 scd
859 1982 896 2043 ut
917 1983 1024 2044 tecum

66 2071 131 2133 iam
159 2071 227 2153 ipse
256 2072 371 2151 certes,
398 2069 425 2132 si
453 2089 582 2134 omnem
608 2070 698 2132 tuam
722 2070 876 2150 mentem,
907 2089 1024 2151 curam,

67 2157 299 2242 cogitationem
328 2157 368 2220 ad
392 2157 576 2221 excellentis
603 2156 638 2219 in
662 2155 811 2220 omnibus
838 2154 934 2219 rebus
957 2156 1024 2219 lau·

67 2245 116 2309 dis
145 2245 354 2329 cupiditatem
381 2244 540 2327 incitaris,
567 2243 646 2308 mihi
674 2244 779 2327 crede,
808 2265 892 2307 unus
920 2265 1024 2308 annus

68 2333 195 2398 additus
218 2333 323 2396 labori
341 2335 399 2397 tuo
417 2333 592 2397 multorum
611 2352 771 2396 annorum
788 2331 946 2396 laetitiam
968 2354 1024 2397 no·

66 2423 126 2506 bis,
148 2422 246 2485 immo
271 2441 346 2484 vero
370 2420 468 2484 etiam
486 2419 624 2504 posteris
647 2421 767 2485 nostris
786 2420 906 2485 afferet.
941 2419 1054 2496 Qua-e

67 2514 200 2594 propter
222 2509 285 2573 hoc
307 2512 339 2572 te
362 2509 501 2592 primum
524 2529 614 2594 rogo,
637 2529 678 2572 ne
698 2508 871 2573 contrahas
893 2512 950 2571 aut
973 2508 1025 2573 de-

67 2599 178 2662 mittas
203 2598 347 2662 animum
369 2618 450 2660 nevc
472 2600 505 2661 te
529 2596 635 2680 obrui,
658 2599 825 2679 tamquam
848 2596 957 2679 fluctu,
980 2596 1026 2660 sio

67 2687 291 2772 magnitudine
318 2685 442 2771 negotii
469 2685 570 2768 sinas,
597 2687 772 2767 contraque
800 2689 827 2747 te
854 2685 960 2768 erigas
988 2705 1026 2748 ac

67 2777 199 2839 resistas
228 2775 294 2839 sive
322 2774 420 2837 etiam
447 2774 533 2837 ultro
562 2793 709 2836 occurras
738 2771 891 2856 negotiis3
921 2792 1025 2854 neque

69 2864 156 2926 enim
184 2860 340 2925 eiusmodi
367 2864 493 2944 partam
519 2861 567 2923 rei
593 2859 740 2942 publicae
768 2859 866 2944 geris,
900 2860 935 2924 in
963 2882 1027 2944 qua

68 2950 201 3014 fortuna
215 2947 407 3029 dominetur,
426 2947 482 3011 sed
500 2946 536 3010 in
554 2968 617 3030 qua
635 2947 809 3029 plurimum
826 2949 909 3012 ratio
923 2949 1027 3031 possit

69 3040 102 3100 et
126 3035 304 3121 diligentia.
341 3033 433 3109 Quod
450 3034 485 3098 ,si
502 3033 563 3098 tibi
580 3033 702 3098 bellum
719 3035 849 3118 aliquod
872 3057 1026 3120 magnum

68 3128 101 3188 et
123 3125 340 3208 periculosum
363 3122 603 3186 administranti
624 3126 836 3207 prorogatum
856 3124 1026 3206 imperium

68 3213 222 3296 viderem,
258 3215 428 3275 tremerem
460 3209 583 3294 animo,
620 3210 706 3293 quod
738 3210 850 3275 eodem
881 3217 1025 3295 temporo

138 3418 193 3542 Eq1
210 3425 233 3485 1,
248 3423 272 3472 2.
300 3423 333 3472 at
350 3419 402 3473 tibi
414 3419 511 3487 priore
530 3419 578 3486 (W
580 3416 617 3485 .)?
673 3459 679 3471 .
708 3423 758 3473 aut
775 3418 900 3472 deoaittas
919 3417 1025 3488 (Orat).

67 3505 100 3544 oc
119 3491 145 3544 d.
198 3489 227 3542 B.
248 3519 281 3528 —
301 3494 447 3558 contraque
465 3495 490 3543 ta
508 3505 544 3543 er.
565 3489 639 3556 (W.).
677 3505 756 3542 aar.
773 3488 824 3555 n„
838 3488 941 3556 uutqo.
