2370 3878
334 181 594 238 EPISTOLARUM
611 181 658 237 xl.
679 188 720 237 aa
740 188 781 238 aa.
974 180 1039 244 373

81 327 245 413 quoniam,
266 331 303 391 ut
320 327 417 410 volui,
439 327 505 392 seio
524 349 604 411 esse,
621 326 823 411 respondebo
843 326 1039 410 criminibus,

82 416 200 501 quibus
221 419 258 480 tu
281 437 340 500 pro
363 437 423 499 me,
445 419 483 479 ut
504 437 564 499 par
591 420 660 479 erat
686 419 744 480 tua
767 415 924 500 singulari
948 414 1038 478 boni-

82 509 149 569 tate
172 507 206 568 at
227 503 369 568 amicitia
391 506 512 587 nostra,
536 524 631 587 saepe
648 503 805 568 restitisti.
840 501 929 567 Nota
952 502 1072 567 enims

81 592 161 657 mihi
184 595 270 676 sunt,
292 613 374 675 quae
396 593 432 655 in
454 613 505 655 me
532 595 608 675 post
635 588 780 656 Caesaris
803 594 940 656 mortem
963 611 1037 655 eon·

80 681 227 745 tulerint:
249 680 329 744 vitio
348 680 428 744 mihi
446 679 534 764 dant,
557 679 643 763 quod
665 684 802 744 mortem
819 678 960 744 hominis
982 700 1037 742 ne-

81 770 212 834 cessarii
203 769 368 853 graviter
386 768 455 833 fero
470 772 566 850 atque
581 789 663 851 eum,
682 789 777 852 quem
795 767 899 849 dilexi,
916 767 1037 850 perisse

79 857 247 942 indignor3
274 858 366 920 aiunt
389 856 475 920 enim
497 857 636 939 patriam
659 856 816 919 amicitiae
839 876 1037 957 praeponen-

82 945 156 1009 dam
179 966 263 1028 esse,
290 944 424 1029 proinde
452 965 490 1008 aa
513 944 540 1007 si
568 944 634 1007 iam
656 944 792 1007 vicerint
819 941 887 1006 obit
873 946 942 1007 tum
969 944 1037 1008 eius

80 1033 299 1118 reipublicae
325 1031 426 1096 fuisse
449 1032 570 1095 utilem.
615 1029 677 1096 sed
705 1053 773 1096 non
796 1051 891 1116 agam
919 1034 969 1094 ast
970 1035 1037 1096 ue:t

81 1121 186 1186 fateor
213 1142 264 1184 me
292 1119 333 1184 ad
355 1108 454 1183 istum
481 1119 617 1204 gradum
641 1119 767 1203 sapient
768 1119 817 1182 iae
840 1139 908 1182 uon
930 1140 1038 1201 perue-

80 1210 182 1292 nisse3
213 1229 318 1292 neque
350 1209 436 1272 enim
459 1204 628 1272 Caesarem
659 1207 694 1271 in
726 1207 925 1271 dissensione
953 1207 1038 1271 ciuili

82 1320 155 1361 sum
178 1301 316 1380 secutus,
337 1295 393 1359 sed
412 1296 559 1378 amicum,
581 1316 775 1379 quamquam
792 1316 827 1358 re
846 1294 1039 1378 offendebar,

81 1389 194 1448 tamen
220 1406 288 1448 non
316 1384 452 1467 deserui,
484 1404 587 1467 neque
618 1384 739 1448 bellum
765 1405 919 1467 umquam
946 1384 1037 1448 civile

84 1476 142 1535 aut
164 1473 262 1536 etiam
285 1494 414 1536 causam
433 1472 641 1537 dissensionis
658 1472 802 1556 probavi,
824 1493 922 1556 quam
940 1472 1038 1537 etiam

12 1606 16 1611 -
82 1564 268 1625 nascentem
283 1561 444 1646 exstingui
458 1581 581 1625 summe
600 1560 717 1624 studui.
753 1560 867 1644 Itaque
885 1561 920 1624 in
938 1562 1037 1626 vieto·

82 1651 130 1712 ria
152 1649 293 1713 hominis
321 1649 491 1714 necessarii
517 1670 622 1733 neque
649 1649 782 1714 honoris
809 1671 914 1733 neque
943 1671 1036 1733 peeu·

82 1737 156 1800 niae
179 1737 346 1801 dulcedine
369 1759 441 1802 sum
463 1740 587 1822 eaptuS,
609 1738 726 1821 quibus
743 1738 893 1822 praemiis
913 1738 1037 1821 reliqui,

82 1825 188 1890 minus
216 1824 303 1910 apud
330 1846 404 1891 eum
426 1847 523 1909 quam
546 1846 606 1910 ego
630 1848 729 1910 quum
751 1829 898 1910 possent,
924 1826 1036 1889 immo-

83 1912 190 1977 derate
214 1916 291 1978 sunt
313 1913 414 1977 abusi.
450 1912 558 1997 Atque
581 1913 679 1977 etiam
701 1935 752 1978 res
774 1913 943 1977 familiaris
965 1935 1037 1978 mea

81 2001 152 2086 lege
171 1999 317 2067 Caesaris
336 2001 502 2065 deminuta
520 2004 577 2083 est,
600 2002 690 2066 ouius
708 2001 864 2066 beneficio
884 2002 1037 2086 plerique,

82 2089 136 2172 qui
160 2087 306 2154 Caesaris
328 2093 432 2154 morte
454 2090 629 2174 laetantur,
651 2093 876 2154 remanserunt
904 2091 939 2154 in
962 2091 1035 2155 eivi-

82 2181 158 2241 tate.
213 2176 345 2243 Civibus
376 2178 469 2242 vietis
492 2181 529 2241 ut
550 2181 748 2261 parceretur,
779 2199 880 2261 aeque
912 2200 949 2243 ao
975 2203 1035 2264 pro

80 2287 153 2329 mea
176 2267 278 2331 salute
301 2266 454 2331 laboravi.
488 2265 626 2330 Possum
647 2266 756 2351 igitur,
779 2266 834 2351 qui
852 2289 963 2333 omnes
981 2291 1035 2334 vo·
1054 2283 1070 2332 3

79 2354 194 2418 luerim
220 2355 411 2438 incolumes,
438 2376 524 2438 eum,
551 2376 658 2439 aquo
684 2355 718 2419 id
744 2356 951 2440 impetratum
978 2361 1036 2441 est,

79 2442 201 2525 perisse
224 2464 291 2507 non
314 2442 499 2527 indignari?
527 2465 626 2527 quum
648 2444 837 2528 praesertim
858 2444 955 2509 iidem
977 2446 1034 2510 ho-

79 2530 184 2594 mines
205 2530 253 2594 illi
281 2533 313 2595 et
339 2531 479 2595 inuidiae
506 2534 539 2595 et
565 2532 662 2597 exitio
690 2533 819 2597 fuerint
796 2533 971 2617 t„Pleet
973 2535 1034 2598 eris

80 2616 176 2702 ergo,
177 2617 373 2703 ‘inquiunt
398 2619 570 2704 „quoniam
596 2620 663 2685 faet
649 2625 719 2685 tum
742 2624 890 2686 nostrum
916 2621 1033 2721 impro-

78 2706 156 2770 bare
179 2705 305 2771 audesf‘
349 2705 377 2771 Ο
403 2708 587 2792 superbiam
610 2709 788 2773 inauditam
792 2709 937 2793 ,alios
928 2731 963 2773 ιιι
985 2710 1034 2774 fa-

79 2795 188 2859 cinore
220 2794 366 2880 gloriari,
401 2796 474 2861 aliis
502 2817 544 2862 ne
577 2798 684 2862 dolere
716 2797 845 2882 quidem
876 2798 1034 2882 impunite

78 2882 186 2947 licere!
222 2882 269 2947 At
286 2883 367 2948 haee
389 2885 487 2949 etiam
510 2886 611 2950 seruis
630 2907 755 2970 semper
773 2886 874 2950 libera
893 2886 1034 2972 fuerunt,

75 2971 298 3056 attimerent,
325 2971 517 3058 gauderent
489 2974 692 3038 tdolerent
715 2996 773 3039 suo
800 2975 909 3058 potius
937 2938 1034 3059 quani

76 3059 208 3124 alterius
236 3060 384 3143 arbitri03
411 3083 493 3146 quae
520 3083 622 3147 nuno,
647 3065 685 3127 ut
711 3063 875 3146 quidem
866 3066 920 3127 rstr
894 3063 1033 3127 tidicti·

74 3150 150 3211 tant
171 3148 302 3213 libertt
268 3152 302 3213 at
302 3149 330 3214 is
354 3153 515 3233 auctores,
541 3154 630 3215 metu
652 3150 747 3216 nobis
770 3155 958 3235 extorquere
982 3172 1032 3215 ao-

74 3239 209 3320 nantur3
237 3237 292 3301 sed
319 3237 402 3302 nihil
429 3243 545 3324 agunt:
572 3239 692 3304 nullius
719 3261 873 3324 umquam
899 3238 1068 3323 perieuli4

146 3444 196 3515 Ep.
217 3451 299 3512 28,.1
335 3462 391 3515 por
413 3452 473 3502 erat
493 3463 547 3518 pro
564 3450 615 3504 tuo
636 3448 706 3516 (L.)?
756 3454 781 3502 4.
810 3450 909 3518 aquut:
927 3447 1033 3501 arellius

73 3515 206 3583 (W)
207 3516 356 3571 ‚Nullius
373 3517 466 3589 vulgo.
