2370 3878
242 166 244 171 ’
358 191 784 248 ammoniacum-10.
984 190 1046 254 307

95 339 289 404 conferenda
321 341 405 402 certe
442 359 515 401 cum
551 336 805 418 immortalitate,
841 338 877 398 ul
909 335 978 399 sine
1009 335 1049 398 iis

94 427 176 491 nihil
199 427 237 491 de
260 447 331 491 meo
360 425 465 490 studio
489 424 788 508 perseverantiaque
818 423 878 486 sim
900 423 1049 487 remissu-

94 537 162 578 rus:
184 515 248 578 nisi
270 515 305 577 in
327 513 533 577 mullitudine
552 512 747 595 optimorum
770 511 886 575 civium
910 510 1049 594 impetus

95 603 194 666 animi
212 603 275 665 mei
292 601 391 665 fuerit
409 601 581 685 singularis
602 604 634 663 εὴ
653 621 751 683 opera
768 600 949 682 praecipua,
967 600 1048 663 nihil

95 690 135 753 ad
167 712 272 754 meam
304 689 496 770 dignitatem
532 687 681 751 accedere
712 689 786 752 volo
819 688 1049 772 suffragatione

95 782 216 842 vestra:
247 775 447 860 Concupisco
462 779 570 840 autem
587 775 670 839 nihil
684 774 765 839 mihi
779 812 820 820 —
836 780 949 839 contra
964 775 1048 858 quod
1070 783 1083 830 3

95 867 163 948 ipse
186 886 297 950 pugno
313 888 367 929 —-:
396 868 428 928 εὴ
454 864 608 946 temporis
636 866 669 926 εὴ
691 863 737 926 rei
759 866 792 926 te
815 862 1050 928 moderatorem

94 954 189 1017 facile
211 955 317 1036 patior
341 973 423 1035 esse,
450 952 531 1015 nihil
555 955 612 1014 aul
635 972 705 1014 sero
734 954 790 1014 aut
813 951 925 1034 exigue
953 973 972 1014 a
994 974 1049 1035 pa-

95 1043 158 1104 tria
185 1042 246 1105 civi
273 1041 432 1105 tributum
460 1042 568 1122 potest
596 1038 704 1102 videri.
753 1035 939 1101 Exercitum
965 1061 993 1102 a.
1021 1039 1049 1102 d.

96 1144 143 1188 vr.
165 1128 237 1193 Kal.
255 1128 358 1192 Maias
377 1127 572 1192 Rhodanum
595 1126 705 1189 traieci
724 1126 851 1210 magnis
873 1125 1050 1190 itineribus.

95 1215 224 1280 Vienna
247 1216 370 1298 equites
397 1215 484 1278 mille
512 1215 564 1277 via
590 1214 735 1279 breviore
764 1214 924 1297 praemisi,
968 1213 1051 1298 Ipse,

96 1305 123 1366 si
147 1305 187 1367 ab
211 1303 333 1388 Lepido
361 1324 429 1368 non
455 1302 624 1386 impediar,
652 1301 813 1366 celeritate
841 1302 1051 1384 satisfaciam,

97 1393 125 1454 si
148 1395 255 1454 autem
278 1391 384 1455 ibineri
407 1412 478 1455 meo
498 1412 532 1454 se
551 1391 746 1475 opposuerit,
768 1392 809 1454 ad
827 1393 955 1473 tempus
976 1412 1050 1454 con-

97 1479 204 1542 silium
227 1479 359 1563 capiam.
396 1476 513 1562 Copias
533 1479 656 1544 adduco
675 1483 708 1543 εὴ
725 1500 859 1544 numero
878 1483 911 1542 εὴ
933 1499 1050 1564 genere

97 1570 129 1630 εὴ
151 1567 304 1631 fidelitate
326 1567 534 1632 firmissimas.
575 1566 629 1652 Tc,
652 1572 689 1632 nt
711 1568 826 1653 diligas
849 1589 909 1651 me,
932 1569 959 1631 si
982 1589 1049 1631 mu·

96 1658 152 1720 tuo
176 1659 208 1719 tc
230 1655 392 1720 facturum
414 1657 485 1741 seis,
506 1676 596 1740 rogo.
641 1655 732 1721 Vale.

551 1847 592 1912 X.

239 1959 296 2013 Ser.
315 1958 421 2013 Romae
439 1959 486 2012 ΙΙΙ.
506 1958 567 2012 Kal.
586 1957 698 2027 Apriles
717 1974 742 2012 a.
760 1977 787 2012 u.
807 1975 829 2013 c.
850 1965 908 2012 711.

422 2079 552 2137 CICERO
570 2080 723 2137 PLANCO.

164 2179 236 2243 Etsi
255 2181 333 2244 salis
351 2203 390 2244 ex
407 2179 529 2246 Furnio
548 2186 660 2248 nostro
683 2201 868 2266 cognoram,
890 2204 971 2266 quae
993 2187 1050 2247 lua
1071 2196 1084 2244 1

98 2269 256 2351 voluntas,
280 2268 364 2352 quod
384 2269 552 2333 consilium
571 2270 610 2334 de
628 2293 662 2335 re
680 2270 809 2355 publica
827 2274 919 2354 esset,
940 2275 1050 2335 lamen

97 2357 161 2419 luis
182 2357 299 2420 litteris
323 2357 414 2420 lectis
437 2357 588 2440 liquidius
611 2359 650 2423 de
678 2361 747 2423 toto
772 2380 867 2422 sensu
889 2363 946 2423 tuo
969 2360 1049 2423 iudi-

97 2445 176 2508 cavi.
221 2443 449 2527 Quamobrem,
477 2467 671 2530 quamquam
693 2447 728 2512 in
750 2468 816 2512 uno
838 2447 960 2530 proelio
985 2468 1050 2510 om·

97 2532 147 2596 nis
174 2531 306 2596 fortuna
332 2533 379 2596 rei
405 2533 552 2617 publicae
580 2535 841 2620 disceptatur-
870 2534 955 2617 quod
983 2535 1051 2616 qui-

97 2621 182 2703 dem,
210 2642 309 2704 quum
331 2621 411 2685 haec
433 2622 569 2706 legeres,
598 2625 663 2687 iam
686 2623 848 2688 decretum
872 2621 1052 2685 arbitrabar

96 2708 165 2772 fore
189 2745 244 2791 -,
271 2712 381 2773 tamen
407 2710 478 2793 ipsa
500 2710 602 2795 fama,
629 2734 710 2795 quae
739 2710 777 2774 de
800 2714 857 2774 tua
884 2711 1051 2775 voluntate

96 2797 307 2880 percrebruit,
329 2816 481 2882 magnam
504 2821 538 2862 es
560 2800 689 2863 laudem
711 2801 915 2881 consecutus,
942 2799 1050 2883 itaque

98 2885 125 2947 si
148 2886 312 2949 consulem
335 2884 457 2950 Romae
484 2887 721 2970 habuissemus,
748 2888 945 2952 declaratum
968 2892 1052 2952 esset

97 2972 139 3035 ab
162 2977 276 3037 senatu
300 2994 372 3037 cum
394 2974 459 3038 tuis
482 2975 610 3058 magnis
636 2975 828 3060 honoribus,
855 2997 951 3058 quam
980 2996 1051 3060 gra-

96 3065 149 3124 lus
172 3064 256 3125 esset
278 3065 414 3126 conatus
437 3065 470 3125 εὴ
492 3067 667 3146 apparatus
689 3067 779 3127 huus:
803 3064 892 3128 ouius
916 3065 961 3126 rei
984 3084 1051 3127 non

96 3149 192 3214 modo
215 3170 282 3214 non
304 3149 471 3233 praeteriit
491 3154 634 3236 tempus,
657 3151 711 3215 sed
734 3173 775 3216 ne
798 3155 959 3215 maturum
983 3150 1051 3232 qui·

166 3305 218 3374 Ep.
238 3312 262 3373 9,
278 3311 302 3359 2.
338 3311 370 3360 ut
387 3307 446 3361 siae
463 3307 499 3362 iis
518 3307 593 3374 (Ψ).
629 3312 661 3362 ul
678 3323 699 3361 s.
718 3309 761 3362 bis
779 3307 825 3373 M,
844 3305 874 3358 Β.
912 3311 936 3358 3.
956 3310 1052 3359 contro

96 3391 177 3443 quom
192 3375 279 3445 (W.)?
297 3406 332 3414 -
345 3391 443 3445 pugno
457 3397 505 3430 ·-.·
522 3383 547 3432 ct
561 3377 635 3446 (W.).
667 3393 697 3446 p.
713 3408 760 3445 -,
779 3382 803 3430 et
816 3377 910 3444 vulgo.
927 3405 959 3413 -
979 3376 1051 3443 equi-

95 3451 153 3498 tum
172 3446 236 3498 ΙΙΙ
256 3446 345 3500 millio
369 3449 416 3503 cio
443 3447 529 3518 (W.)?
577 3447 628 3518 Ep.
655 3453 745 3517 10,1.
782 3447 951 3514 disceptatur
980 3445 1062 3511 (aba.

95 3516 229 3583 docantat
244 3515 289 3583 M,
310 3516 401 3588 vulgo.

806 3611 867 3667 hb*
