2370 3878
362 188 621 244 EPISTOLARUM
639 190 672 245 x.
694 196 734 244 ιτ.
755 197 796 244 18.
991 188 1054 251 317

100 353 164 416 quo
175 352 244 416 ego
263 333 437 416 interprete
455 333 627 397 novissime
648 331 689 396 ad
703 331 860 415 Lepidum
880 354 952 396 sum
966 353 1056 413 usus3

101 420 240 484 amicum
263 441 335 484 eum
358 420 404 484 rei
422 421 570 504 publicae
590 440 747 504 cognosse
765 421 884 502 videor,
906 420 1055 484 libenter·

46 550 49 555 >
101 529 162 591 que
190 508 219 572 ei
247 530 318 572 sum
344 509 530 573 testimonio
559 511 591 572 et
619 509 767 573 omnibus
795 531 864 591 ero,
891 508 946 591 qui
973 508 1055 571 benc

101 600 273 660 merentur.
317 595 383 660 Fac
406 597 513 661 valeas
536 617 649 680 meque
672 601 784 661 mutuo
813 597 929 680 diligas
952 596 1055 680 digni-

100 687 264 767 tatemque
283 706 397 767 meam,
419 685 446 748 si
464 706 597 767 mereor,
620 685 749 767 tuearis,
768 686 851 749 siout
869 684 973 750 adhuc
992 685 1055 748 sin-

101 772 208 856 gulari
230 793 303 836 cum
324 772 550 836 benevolentia
572 772 687 836 fecisti.

519 964 641 1030 XVIII.

222 1076 279 1131 Ser.
298 1077 328 1130 in
347 1076 446 1131 castris
465 1076 525 1131 IIII.
545 1077 607 1130 Kal.
627 1076 722 1130 Iunias
741 1093 766 1130 a.
785 1093 811 1130 u.
831 1093 854 1131 c.
875 1081 934 1130 ⁷11.

399 1197 564 1254 PLANCUS
584 1198 762 1254 CICERONI.

170 1299 253 1375 Quid
276 1300 311 1363 in
334 1299 442 1363 animo
464 1299 645 1382 habuerim,
669 1321 767 1382 quum
789 1298 914 1363 Laevus
937 1296 1092 1362 Nerva-1

104 1408 165 1470 que
189 1387 405 1451 discesserunt
427 1409 447 1450 a
469 1409 529 1472 me,
552 1391 586 1452 et
608 1409 646 1451 ex
664 1388 789 1469 litteris,
812 1409 892 1471 quaa
913 1387 958 1450 cis
977 1387 1059 1469 dedi,

104 1478 137 1538 et
159 1497 198 1539 ex
220 1476 298 1558 ipsis
320 1495 514 1559 cognoscere
537 1475 685 1559 potuisti,
713 1477 768 1559 qui
791 1475 940 1540 omnibus
963 1475 1058 1538 rebus

104 1564 308 1646 consiliisque
331 1564 410 1627 meis
432 1563 658 1628 interfuerunt.
702 1562 829 1627 Accidit
852 1564 945 1646 mihi,
973 1563 1058 1646 quod

103 1650 227 1716 homini
249 1651 384 1734 pudenti
407 1655 440 1715 et
461 1651 577 1735 cupido
601 1651 821 1716 satisfaciendi
843 1653 889 1716 rei
912 1652 1058 1735 publicae

104 1739 260 1823 bonisque
288 1739 437 1804 omnibus
460 1740 602 1804 accidere
626 1741 722 1822 solet,
751 1744 787 1804 ut
814 1740 983 1804 consilium
1012 1761 1058 1803 se-

15 1890 18 1897 ,
104 1848 218 1910 querar
236 1827 451 1911 periculosum
469 1828 583 1911 magis,
601 1828 678 1890 dum
696 1848 746 1890 me
765 1827 945 1910 probarem,
963 1848 1060 1909 quam

104 1917 221 1995 tutum,
244 1915 329 1997 quod
352 1914 470 1978 habere
493 1918 603 1998 posset
626 1914 902 1977 obtrectationem.
947 1913 1094 1996 Itaquc2

106 2004 181 2084 post
199 2001 372 2064 discessum
391 2003 581 2086 legatorum,
604 2023 703 2084 quum
720 2002 806 2064 binis
825 2001 986 2065 continuis
1009 2002 1060 2065 lit·

105 2088 184 2152 teris
208 2092 240 2152 et
262 2088 402 2172 Lepidus
426 2111 485 2172 me,
514 2092 552 2153 ut
573 2089 729 2173 venirem,
751 2093 890 2174 rogaret,
912 2093 945 2154 et
967 2089 1061 2154 Late·

105 2176 208 2240 rensis
244 2178 345 2241 multo
376 2177 474 2241 etiam
501 2177 604 2262 magis
632 2199 732 2261 prope
759 2178 936 2261 implorans
971 2179 1060 2243 obte-

107 2268 246 2329 staretur
278 2287 345 2330 non
377 2266 477 2329 ullam
508 2287 576 2329 rem
603 2266 699 2329 aliam
727 2266 936 2331 extimescens
963 2290 1060 2351 quam

105 2354 248 2431 eandem,
267 2375 349 2436 quae
367 2355 447 2418 mihi
461 2375 586 2437 quoque
600 2354 680 2418 facit
696 2354 854 2439 timorem,
872 2357 1060 2420 vauetatem

105 2445 201 2525 atque
224 2442 448 2507 infidelitatem
475 2443 631 2506 exercitus
654 2443 736 2526 eius,
758 2465 826 2508 non
848 2444 1061 2508 dubitandum

104 2529 230 2612 putavi,
253 2531 331 2614 quin
354 2552 570 2596 succurrerem
592 2552 707 2614 meque
733 2532 895 2597 communi
918 2532 1059 2615 periculo

106 2617 265 2701 offerrem3
289 2619 428 2683 sciebam
451 2619 546 2700 enim,
568 2621 629 2684 etsi
647 2620 772 2684 cautius
794 2620 875 2683 illud
894 2622 963 2683 erat
986 2640 1061 2683 conu

106 2706 221 2789 silium,
239 2711 423 2791 exspectare
436 2729 487 2771 me
506 2707 547 2771 ad
561 2706 693 2792 Isaram,
707 2708 784 2772 dum
797 2707 918 2770 Brutus
936 2707 1060 2771 traiice-

105 2797 155 2857 ret
186 2795 371 2877 exercitum,
404 2798 437 2858 et
468 2817 541 2859 cum
564 2796 688 2880 collega
716 2796 950 2879 consentiente,
979 2796 1061 2860 sicut

105 2882 222 2945 milites
245 2883 378 2965 faciunt,
399 2882 548 2947 hostibus
567 2883 696 2947 obviam
714 2884 769 2966 ire,
791 2888 910 2967 tamen,
933 2885 961 2948 si
984 2886 1060 2968 quid

106 2969 245 3052 Lepidus
264 2971 345 3034 bene
365 2971 506 3035 sentiens
521 2970 705 3034 detrimenti
727 2972 871 3056 cepisset,
889 2973 951 3037 hoc
966 2994 1060 3036 omne

105 3059 306 3142 assignatum
328 3058 368 3121 iri
391 3062 449 3121 aut
470 3058 666 3142 pertinaciae
688 3081 778 3124 meae
801 3064 858 3124 aut
884 3061 993 3124 timori
1015 3059 1060 3122 vi·

106 3144 229 3230 dabam,
252 3147 279 3209 si
302 3150 359 3209 aut
381 3146 545 3210 hominem
566 3146 723 3211 offensum
742 3149 830 3231 mihi,
853 3149 1061 3214 coniunctum

105 3254 178 3297 cum
200 3256 234 3298 re
257 3234 387 3318 publica
413 3256 480 3298 non
503 3234 719 3299 sublevassem
743 3241 799 3300 aut
821 3237 889 3319 ipse
919 3258 938 3298 a
961 3237 1059 3297 certa·

105 3322 190 3386 mine
218 3323 294 3386 belli
317 3325 385 3386 tam
408 3323 579 3387 necessarii
608 3345 659 3387 mc
682 3325 897 3388 removissem.
946 3322 1059 3405 Itaque
1079 3343 1094 3392 3

174 3513 327 3583 Ep.18,2.
364 3514 543 3570 oblectarem
559 3529 618 3571 uoce
636 3514 715 3586 (W).
751 3515 818 3583 obt,
834 3529 895 3570 nou
909 3512 1013 3584 uulgo,
