2370 3878
121 180 187 245 642
404 180 442 235 ld.
460 179 583 234 TULLII
602 177 794 233 CICERONIS

120 327 290 410 mancipiis
317 325 402 407 quod
430 324 510 389 mihi
538 324 712 407 polliceris,
743 322 838 387 valde
869 326 906 387 te
940 345 1032 407 amo,

122 436 193 478 sum
215 412 375 497 equidem,
402 412 450 477 uti
473 412 600 494 scribis,
622 416 655 476 et
677 410 800 475 Romae
824 414 862 474 et
887 412 924 476 ira
950 413 1060 496 praedi

122 501 320 586 infrequens,
346 499 402 565 sed
425 521 515 581 cave,
547 500 677 582 amabo,
708 497 905 583 quidquam,
934 501 1060 584 quodi

121 611 229 655 meum
250 589 454 654 commodum
477 589 627 668 attineat,
653 587 717 651 nisi
740 587 886 652 maximo
915 592 982 653 tuo
1011 610 1060 654 cor

121 677 217 742 modo
241 681 273 741 et
295 678 434 741 maxima
456 681 513 741 tua
534 676 699 759 facultate,
721 675 766 738 mi
783 674 901 757 frater,
927 678 1060 762 cogitari

94 765 171 830 ⁵De
194 765 330 849 epistola
353 764 495 847 Vatinii,
515 764 584 847 risi3
612 764 667 828 sed
695 784 746 827 me
769 763 810 826 ab
839 785 881 827 eo
907 765 962 829 ita
988 767 1059 831 obse

121 854 190 918 vari
217 854 298 937 seio,
328 858 365 917 ut
396 852 464 916 eius
491 853 555 916 ista
586 852 661 916 odia
688 872 755 916 non
787 852 948 917 sorbeam
982 856 1060 920 solur:

94 942 176 1007 esed
205 943 302 1006 etium
330 962 537 1024 concoquam.
582 940 675 1016 Quod
698 961 748 1003 me
775 939 941 1025 hortaris,
975 948 1013 1007 ut
1038 944 1060 1006 al

122 1032 258 1113 solvam,
284 1030 389 1094 habeo
413 1029 597 1093 absolutum
626 1050 736 1110 suave,
764 1027 845 1091 mihi
876 1031 1016 1112 quidem
1042 1055 1058 1095 u

120 1118 260 1201 videtur,
283 1119 360 1193 ἔπος
387 1117 427 1181 ad
451 1114 634 1201 Caesarem,
661 1116 717 1181 sed
740 1137 861 1199 quaero
886 1119 1060 1204 locupleto

120 1206 336 1290 tabellarium,
358 1228 400 1270 ne
422 1206 440 1244 *
464 1205 588 1269 accidat
615 1205 700 1289 quod
723 1203 891 1288 Erigonae
917 1212 1013 1292 tuae,
1039 1231 1060 1272 u

122 1295 181 1360 soli
209 1292 345 1359 Caesare
372 1295 565 1378 imperatore
591 1294 653 1357 iter
682 1314 720 1356 ex
747 1290 854 1355 Gallia
882 1298 1000 1360 tutum
1023 1319 1060 1361 no

94 1383 192 1447 afuit.
228 1383 310 1422 ***
333 1381 439 1458 Quid?
467 1382 494 1446 si
517 1386 718 1446 caementum
741 1381 865 1445 bonum
888 1404 967 1448 non
990 1387 1011 1463 †
1033 1386 1060 1448 hr

120 1471 242 1551 berem,
278 1470 445 1534 deturbem
481 1469 682 1534 aedificium?
718 1469 803 1552 quod
837 1471 979 1553 quidem
1011 1473 1060 1537 mil

121 1558 262 1641 quotidie
286 1559 390 1642 magis
412 1559 532 1641 placet,
561 1557 792 1641 inprimisque
818 1558 967 1624 inferior
989 1569 1060 1645 port

121 1665 177 1709 cus
199 1648 232 1708 et
254 1645 322 1708 eius
346 1645 510 1709 conclavia
532 1646 616 1709 fiunt
638 1651 731 1710 recte.
768 1644 816 1709 De
840 1646 993 1733 Arcano,
1011 1648 1060 1714 Car

121 1733 201 1798 saris
229 1755 310 1818 opus
333 1738 383 1798 est
405 1735 456 1798 vel
478 1733 636 1798 mehercle
664 1735 759 1798 etiam
788 1735 1009 1818 elegantioris
1032 1740 1058 1801 al

121 1823 224 1904 cuius,
250 1822 408 1907 imagines
436 1823 522 1886 enim
549 1823 630 1886 istae
654 1828 686 1886 et
708 1823 870 1905 palaestra
901 1830 938 1888 et
963 1829 1060 1910 piscia

120 1915 153 1974 et
174 1908 269 1974 Nilus
297 1911 471 1975 multorum
498 1909 745 1975 Philotimorum
772 1913 836 1993 est,
868 1933 943 1977 non
974 1915 1059 1999 Diph

119 1999 239 2080 lorum,
275 1999 332 2063 sed
363 2003 396 2063 et
426 1999 488 2083 ipsi
520 2021 558 2062 ea
589 1999 748 2062 adibimus
781 2002 813 2062 et
846 2000 1023 2068 mittemus
1054 2027 1060 2066 ε

92 2085 353 2152 emendabimus.
405 2086 455 2151 De
486 2085 601 2151 Felicis
638 2089 831 2150 testamento
866 2092 944 2154 tum
983 2115 1060 2177 mag

119 2175 140 2253 †
163 2195 308 2260 querere,
335 2175 363 2239 si
390 2175 486 2239 scias:
514 2197 594 2259 quas
621 2176 706 2238 enim
733 2175 862 2239 tabulas
895 2200 933 2243 se
959 2186 1058 2264 putav

120 2264 301 2348 obsignare,
322 2263 357 2327 in
380 2263 496 2347 quibus
516 2264 586 2342 †in
608 2264 710 2327 unciis
733 2263 963 2332 firmissimum
987 2275 1060 2334 tene

119 2371 170 2416 eas
201 2352 276 2416 varo
299 2387 343 2398 -
369 2352 479 2436 lapsus
511 2355 561 2415 est
589 2372 647 2435 per
678 2372 817 2415 errorem
851 2357 885 2416 et
925 2379 1024 2422 suum
1052 2380 1060 2422 r

119 2437 249 2504 Sicurae
276 2439 424 2503 servi-
447 2460 515 2504 non
543 2439 740 2524 obsignavit,
767 2460 847 2523 quas
875 2446 1007 2532 noluit,
1033 2468 1060 2511 ea

188 2665 240 2737 Ep.
259 2673 284 2735 9,
298 2671 324 2720 4.
360 2665 507 2735 mancipiis
524 2667 596 2735 quod
614 2667 689 2739 (W.).
734 2683 785 2733 rra,
802 2685 827 2737 q.
846 2670 951 2742 vulgo.
980 2706 1018 2716 -
1042 2677 1060 2728 ir

117 2739 252 2807 frequens,
269 2737 316 2791 sed
333 2734 407 2804 (W.).
444 2738 463 2791 i.
488 2736 545 2820 ded
562 2737 671 2809 vulgos
693 2743 718 2793 5.
751 2736 869 2822 Vatiaii,
888 2744 949 2797 risi
968 2745 1026 2811 (or,
1043 2747 1059 2799 Ι,

117 2807 203 2932 dari.
220 2806 273 2931 Bia
290 2812 322 2932 ei
333 2810 417 2933 unia*
427 2808 542 2948 (iiiii
551 2808 675 2949 idda>
685 2815 912 2950 brietii?
944 2818 1060 2940 ,er

117 2947 191 3017 (W.).
236 2963 271 3002 nc
293 2965 319 3003 a.
342 2949 437 3020 vulgo.
484 2955 508 3002 7.
536 2950 707 3016 †huberem,
725 2900 1009 3020 damoem'ffirii‘
1022 2905 1060 3011 ili

117 3019 249 3086 labrem,
266 3018 437 3074 detraherem
455 3018 521 3089 (W.)
542 3023 593 3075 aut
609 3021 730 3088 habeam,
748 3021 886 3076 deturbem
906 3025 961 3095 (L,
979 3001 1060 3099 li).-

117 3089 243 3146 mehercle
261 3089 329 3160 sM.).
365 3090 514 3173 mehercule·
528 3089 588 3157 Rl,
606 3091 700 3161 vulgo.
738 3099 762 3147 8.
790 3096 949 3178 maerere,
969 3101 999 3153 aa·
1016 3101 1060 3154 scir

119 3160 205 3243 (Mil,
214 3160 280 3245 W.)3
307 3175 424 3243 querere,
436 3175 461 3214 ar
474 3176 541 3245 acres
550 3161 598 3230 (W
599 3165 617 3232 .)
627 3165 678 3246 aut
690 3178 813 3232 querare,
821 3178 846 3216 ει
859 3178 937 3221 acras
949 3169 1027 3239 (Ma,
1037 3171 1060 3225 Β.

118 3247 214 3369 aad
229 3231 337 3370 illd
350 3235 543 3356 illabili
557 3233 933 3371 lllll'llffidtnssa
944 3256 1060 3367 amr

118 3373 150 3454 ia
167 3388 191 3441 q.
210 3387 244 3427 ex
263 3372 328 3426 III
342 3372 434 3456 qnqiis
457 3372 525 3440 (vel,
549 3375 582 3428 ut
599 3373 645 3430 Or.
664 3346 752 3444 conii,
769 3390 803 3430 aa
820 3378 958 3448 tamar)
985 3355 1060 3452 rina

117 3456 184 3497 arma
208 3441 264 3509 (vel
280 3442 476 3529 firmissumum)
502 3444 589 3499 locum
611 3449 697 3511 aare,
721 3462 767 3525 eos
784 3462 847 3502 vcro
865 3477 899 3488 -
919 3449 940 3504 l.
961 3491 990 3507 ..
1011 3471 1060 3510 s.-

112 3529 172 3570 non
189 3510 277 3591 (Ἦν
312 3516 377 3586 'sau
393 3530 420 3588 q.
437 3532 470 3572 au
491 3531 521 3572 u.
537 3515 561 3583 s.
575 3519 598 3569 t.
612 3531 675 3570 uero
693 3517 713 3570 lt.
728 3521 782 3583 eat,
800 3533 850 3584 per
867 3536 954 3576 ...a
975 3525 1060 3582 mul

90 3642 182 3822 f
