2370 3878
292 211 551 266 EPISTOLARUM
569 210 642 265 XVI.
664 216 776 265 19—21.
944 209 1008 274 549

54 358 134 421 mihi
156 357 219 422 fuit
242 355 399 422 adventus
422 355 655 440 optatissimus3
677 376 768 440 narn,
791 377 889 438 quum
912 357 1010 419 maxi·

55 468 140 510 mam
160 446 315 529 cepissem
332 444 490 509 laetitiam
509 466 547 508 ex
560 443 785 507 humanissimi
803 447 836 507 et
855 444 1011 508 carissimi

55 535 156 618 patris
175 535 321 618 epistola,
342 537 413 598 tum
431 554 507 598 vero
525 532 772 596 iucundissimae
791 535 865 596 tuae
883 532 1010 597 litterae

56 623 219 688 cumulum
246 622 327 686 mihi
355 620 465 706 gaudii
495 620 681 685 attulerunt.
725 619 840 704 Itaque
867 642 918 685 me
946 621 1011 685 iarn

55 733 122 776 non
140 711 328 794 poenitebat
345 708 619 792 intercapedinem
637 708 796 772 scribendi
813 708 937 793 fecisse,
955 710 1011 775 sed

55 799 163 883 potius
181 798 340 880 laetabar3
362 797 504 861 fructum
523 797 609 860 enirn
627 817 782 881 magnum
799 796 1012 862 humanitatis

55 893 131 952 tuae
146 887 312 971 capiebam
326 907 365 949 ex
379 886 507 950 silentio
524 907 668 949 mearum
681 885 871 949 litterarum.
907 885 1011 950 Vehe-

54 978 181 1040 menter
203 975 302 1058 igitur
326 974 451 1058 gaudeo
474 977 506 1038 te
525 995 629 1037 meam
653 973 721 1037 sine
740 973 941 1038 dubitatione
961 996 1011 1038 ac-

56 1064 178 1147 cepisse
202 1063 449 1126 excusationem.
494 1060 612 1126 Grates
634 1061 695 1125 tibi
719 1064 911 1145 optatosque
934 1083 1012 1147 esse,
1031 1069 1047 1118 2

57 1153 113 1235 qui
136 1152 175 1215 de
199 1172 249 1214 me
272 1171 416 1215 rumores
440 1150 626 1233 afferuntur,
649 1170 717 1214 non
737 1149 859 1232 dubito,
881 1149 926 1213 mi
945 1150 1012 1213 dul-

57 1240 183 1304 cissime
211 1239 302 1322 Tiro,
333 1238 567 1322 praestaboque
599 1241 632 1302 et
663 1237 780 1321 enitar,
811 1241 849 1301 ut
878 1238 913 1301 in
946 1237 1013 1303 dies

57 1328 162 1412 magis
194 1327 361 1411 magisque
394 1326 474 1390 haec
506 1346 642 1390 nascens
678 1326 717 1390 de
750 1347 800 1389 me
833 1325 1014 1409 duplicetur

58 1416 180 1499 opinio:
205 1436 312 1498 quare,
335 1415 421 1498 quod
443 1414 613 1498 polliceris,
638 1417 671 1478 te
694 1414 916 1480 bucinatorem
942 1414 1012 1479 fore

57 1504 304 1568 existimationis
336 1501 440 1586 meae,
470 1502 563 1567 firmo
591 1503 624 1566 id
652 1503 876 1587 constantique
904 1503 1012 1568 animo

56 1591 157 1656 facias
180 1592 268 1674 licet5
294 1594 423 1655 tantum
447 1592 532 1655 enim
555 1591 635 1654 mihi
658 1591 802 1656 dolorem
824 1592 1013 1656 cruciatum-

57 1702 118 1763 que
143 1681 323 1744 attulerunt
349 1682 455 1744 errata
483 1680 598 1744 aetatis
621 1700 725 1762 meae,
751 1682 882 1744 utnon
909 1681 1014 1745 solum

57 1769 184 1832 animus
207 1769 357 1851 alantis,
385 1768 440 1832 sed
468 1788 562 1831 aures
589 1788 716 1849 quoque
744 1787 1013 1832 acommemora-

56 1856 146 1919 tione
169 1855 378 1919 abhorreant:
407 1854 498 1918 cuius
524 1857 558 1918 te
585 1853 810 1918 sollicitudinis
840 1856 873 1917 et
895 1854 1014 1919 doloris

57 1943 248 2026 participem
273 1942 373 2007 fuisse
404 1945 519 2006 notum
547 1942 810 2024 exploratumque
842 1945 892 2005 cst
922 1942 1014 2025 mihi3

57 2052 118 2094 nec
140 2031 173 2094 id
196 2030 326 2113 mirum3
349 2051 426 2093 narn
449 2050 548 2113 quum
576 2030 686 2095 omnia
707 2051 779 2093 mea
803 2051 899 2093 causa
917 2030 1014 2093 velles

57 2118 137 2182 mihi
161 2139 316 2200 successa,
336 2121 407 2182 tum
425 2118 523 2182 etiam
540 2121 612 2201 tua,
634 2118 755 2182 socium
775 2118 861 2181 enim
879 2120 911 2181 te
929 2138 1014 2182 meo·

57 2229 129 2270 rum
166 2206 407 2271 commodorum
444 2227 569 2289 semper
600 2227 669 2270 esse
705 2206 800 2269 volui.
854 2204 1049 2280 Quoniam³

57 2295 158 2378 igitur
180 2298 250 2358 turn
274 2315 312 2358 ex
331 2316 381 2359 me
400 2294 541 2377 doluisti,
563 2295 706 2358 nunaut
726 2293 905 2377 duplicetur
923 2297 1016 2359 tuum

58 2405 96 2446 ex
119 2404 170 2446 me
194 2382 357 2467 gaudium,
379 2383 560 2469 praestabo.
597 2379 751 2465 Cratippo
772 2402 824 2464 me
844 2382 923 2447 scito
947 2403 1015 2446 non

57 2475 94 2535 ut
117 2470 319 2555 discipulum,
349 2471 405 2535 sed
429 2473 465 2534 ut
487 2470 590 2534 filium
612 2491 681 2534 esse
704 2469 1015 2552 coniunctissimum

58 2581 135 2622 narn
167 2581 267 2642 quum
297 2558 392 2623 audio
422 2559 513 2623 illum
540 2558 690 2641 libenter,
719 2560 790 2622 tum
817 2558 916 2621 etiarn
942 2578 1015 2641 pro·

57 2648 161 2730 priam
185 2648 253 2712 eius
278 2647 471 2711 suavitatem
498 2647 704 2712 vehementer
727 2646 915 2729 amplector:
944 2666 1015 2708 sum

56 2738 143 2800 totos
167 2736 235 2800 dies
263 2756 337 2800 cum
359 2757 397 2800 eo
420 2736 588 2817 noctisque
619 2754 848 2817 saepenumero
876 2737 1015 2816 partem3

58 2844 154 2887 exoro
187 2824 287 2906 enim,
323 2826 361 2888 ut
389 2845 515 2887 mecum
547 2843 644 2906 quam
675 2821 860 2905 saepissime
893 2824 1015 2885 coenet.

58 2909 129 2973 Hac
151 2909 337 2974 introducta
360 2910 591 2975 consuetudine
609 2930 704 2993 saepe
724 2907 935 2973 inscientibus
958 2931 1015 2972 no·

57 2996 107 3059 bis
127 2999 160 3060 et
178 2997 391 3062 coenantibus
410 2998 537 3081 obrepit
551 2997 741 3081 sublataque
762 2997 931 3061 severitate
945 2996 1015 3080 phi-

57 3085 225 3168 losophiae
252 3085 485 3150 humanissime
518 3085 686 3150 nobiseum
722 3084 855 3149 iocatur.
910 3082 1015 3158 Quare

57 3172 99 3236 da
131 3194 279 3258 operam,
310 3177 348 3239 ut
375 3173 462 3238 huno
489 3174 601 3255 talem,
631 3174 700 3236 tam
727 3172 916 3255 iucundum,
947 3175 1015 3234 tam

127 3397 179 3467 Ep.
199 3403 281 3466 21,2.
313 3399 467 3467 polliceris,
486 3401 512 3453 tc
530 3396 604 3465 (W).
640 3413 672 3466 p.
691 3401 716 3452 te
734 3397 829 3467 vulgo.
847 3426 883 3436 —
900 3395 1015 3461 mirum

55 3469 207 3610 imiimi
218 3467 369 3609 LpBllcm
381 3469 477 3538 vulgo.
491 3498 525 3507 -
539 3468 617 3523 celles
629 3467 698 3522 mihi
711 3482 834 3522 moresca
844 3465 1024 3536 (siqudem.
