2370 3878
363 180 622 252 nrrsromaun
640 181 661 234 1.
681 187 705 235 e.
972 180 1013 242 21

55 329 141 411 dere,
163 330 324 391 certorum
346 325 525 409 hominum,
547 346 627 408 quos
649 324 715 388 iam
734 324 830 388 debes
851 324 1016 409 suspicari,

56 436 222 481 sermones
244 414 489 499 perforabantur
512 413 639 497 adme,
668 414 722 497 qui
745 435 844 496 quum
865 413 922 476 illa
945 435 1015 477 sen-

55 506 158 568 tirent
179 504 216 567 in
237 524 272 566 ra
295 501 437 586 publica,
465 523 547 586 quae
571 522 631 587 ego
655 501 805 586 agebam,
829 523 1016 585 semperque

57 592 244 677 sensissent,
266 612 317 654 me
339 594 450 654 tamen
471 612 539 655 non
563 590 746 655 satisfacere
765 589 919 673 Pompeio
938 587 1016 654 Cae-

56 702 226 765 saremque
253 678 508 743 inimicissimum
535 679 616 742 mihi
642 680 788 743 futurum
815 677 954 762 gaudere
983 701 1016 742 se

57 770 204 852 aiebant3
231 771 302 832 erat
326 767 389 832 hoc
416 767 496 831 mihi
519 767 705 851 dolendum,
734 767 789 831 sed
811 768 913 830 multo
937 767 1016 830 illud

56 857 173 942 magis,
187 857 273 940 quod
286 855 452 920 inimicum
466 877 572 920 meum
587 893 628 901 —
643 878 751 919 meum
765 855 895 919 autem?
918 856 1016 919 immo

56 967 135 1010 vero
158 946 277 1029 legum,
299 944 499 1021 iudiciorum,
523 944 590 1028 otii,
612 945 745 1027 patriae,
767 944 927 1009 bonorum
951 966 1016 1007 om-

57 1034 151 1098 nium
170 1033 277 1098 -sic
305 1032 586 1116 amplexabantur,
616 1033 661 1095 sic
683 1033 718 1095 in
745 1032 893 1095 manibus
920 1032 1016 1095 babe-

57 1124 154 1205 bant,
176 1122 222 1185 sic
243 1121 414 1204 fovebant,
442 1120 487 1182 sic
510 1140 561 1182 me
588 1122 757 1202 praesente
780 1120 1018 1205 osculabantur,

57 1232 129 1275 non
149 1209 197 1273 illi
221 1209 350 1292 quidem
372 1210 409 1271 ut
431 1207 511 1271 mihi
531 1208 732 1272 stomachum
747 1208 900 1290 facerent,
923 1230 1018 1292 quem

59 1318 122 1382 ego
150 1297 296 1362 funditus
319 1295 457 1380 perdidi,
485 1296 540 1359 sed
568 1300 653 1360 certe
680 1299 717 1359 ut
744 1296 849 1359 facere
877 1318 911 1359 se
934 1296 1018 1360 arbi·

57 1387 238 1449 trarentur:
264 1384 318 1447 hic
341 1404 415 1468 ego,
438 1387 595 1467 quantum
621 1384 764 1448 humano
793 1384 926 1449 consilio
950 1384 1017 1448 effi-

59 1494 133 1538 cere
146 1472 247 1556 potui,
265 1472 502 1555 circumspectis
516 1472 611 1537 rebus
630 1474 709 1537 meis
724 1473 872 1536 omnibus
886 1474 1017 1537 rationi-

58 1564 185 1644 busque
199 1560 363 1625 subduotis
379 1582 537 1625 summam
550 1561 613 1625 feci
627 1562 861 1646 cogitationum
874 1583 1018 1625 mearum

61 1649 220 1733 omnium,
248 1670 345 1732 quam
373 1650 448 1733 tibi,
476 1650 503 1713 si
530 1653 657 1733 potero,
684 1651 824 1715 breviter
851 1672 1018 1733 exponam.

60 1737 145 1822 Ego,
167 1737 195 1801 si
218 1737 258 1801 ab
282 1736 437 1821 improbis
461 1741 494 1800 et
516 1737 650 1821 perditis
678 1739 800 1803 civibus
824 1760 892 1801 rem
914 1740 1017 1821 publi·
1039 1753 1067 1801 11

61 1847 134 1890 cam
155 1826 259 1889 teneri
286 1826 441 1908 viderem,
468 1825 551 1889 sicut
578 1828 611 1888 et
632 1826 711 1890 meis
738 1826 937 1909 temporibus
961 1828 1018 1889 sci-

60 1935 133 1977 mus
153 1917 186 1976 et
203 1914 369 1978 nonnullis
389 1913 460 1977 aliis
480 1913 641 1996 accidisse,
660 1934 728 1977 non
745 1915 841 1978 modo
860 1915 1019 1998 praemiis,

61 2022 145 2084 quae
173 2001 260 2083 apud
286 2020 337 2063 mc
364 2000 534 2063 minimum
560 2002 683 2083 valent,
716 2001 771 2064 sed
801 2023 842 2064 ne
870 2003 1019 2085 periculis

61 2088 193 2172 quidem
225 2088 409 2171 compulsus
440 2087 527 2165 ullis5
562 2089 678 2171 quibus
709 2093 818 2154 tamen
849 2095 1020 2156 moventur

61 2177 162 2240 etiam
179 2175 348 2240 fortissimi
370 2175 440 2258 uiri,
463 2175 504 2239 ad
523 2197 634 2241 eorum
651 2198 781 2243 causam
798 2200 849 2242 ma
866 2179 1018 2264 adiunge-

61 2285 139 2348 rem,
161 2285 202 2328 ne
221 2263 249 2327 si
268 2285 393 2328 summa
412 2264 541 2349 quidem
559 2286 669 2330 eorum
687 2266 722 2329 in
739 2288 791 2331 me
809 2268 924 2331 merita
944 2289 1018 2332 con-

62 2355 199 2435 starent3
227 2373 326 2435 quum
353 2356 462 2417 autem
490 2353 526 2416 in
552 2374 587 2417 re
609 2355 740 2437 publica
767 2353 824 2419 Cn.
846 2355 1018 2440 Pompeius

61 2441 211 2524 princeps
242 2445 326 2504 esset
353 2440 414 2524 vir,
440 2441 483 2524 is,
510 2442 564 2524 qui
586 2442 671 2506 hanc
693 2445 873 2526 potentiam
896 2448 928 2508 et
951 2447 1019 2530 glo·

60 2530 144 2593 riam
166 2529 313 2593 maximis
336 2529 372 2593 in
394 2550 462 2593 rem
484 2530 647 2613 publicam
664 2532 788 2595 meritis
810 2534 1019 2615 praestantis-

62 2617 214 2700 simisque
237 2617 333 2681 rebus
352 2618 451 2703 gestis
470 2622 555 2682 esset
573 2623 764 2684 consecutus
782 2620 934 2703 cuiusque
958 2642 1019 2705 ego

62 2704 230 2789 dignitatis
249 2706 291 2769 ab
311 2706 527 2771 adolescentia
548 2707 666 2791 fautor,
689 2708 724 2771 in
742 2711 893 2791 praetura
912 2713 1019 2773 autem

60 2796 95 2855 et
116 2793 152 2857 in
175 2793 345 2857 consulatu
368 2794 495 2858 adiutor
515 2795 612 2859 etiam
633 2797 835 2878 exstitissem,
858 2818 1018 2881 quumque

59 2879 146 2945 idem
164 2882 356 2945 auctoritate
375 2886 408 2948 et
426 2883 587 2946 sententia
604 2905 662 2966 per
681 2905 724 2968 se,
743 2884 884 2948 consiliis
905 2889 937 2949 et
953 2890 1018 2951 stu-

60 2968 122 3031 diis
144 2971 252 3033 tecum
270 2990 322 3034 me
345 2970 520 3037 adiuvisset
537 2992 706 3056 meumque
729 2973 895 3036 inimicum
918 2996 1020 3038 unum

59 3056 96 3119 in
128 3055 258 3120 civitate
289 3057 424 3122 haberet
454 3059 633 3143 inimicum,
663 3081 732 3125 non
757 3061 870 3143 putavi
898 3061 1019 3125 famam

58 3143 297 3211 inconstantiae
328 3146 409 3211 mibi
439 3148 740 3231 pertimescendam,
773 3149 801 3213 si
828 3149 1019 3232 quibusdam

57 3231 94 3295 in
130 3232 300 3297 sententiis
336 3235 481 3318 paullum
511 3257 562 3301 me
594 3237 814 3301 immutassem
851 3257 1017 3319 meamque

127 3439 179 3510 Ep.
201 3449 225 3508 9,
242 3448 283 3496 10.
316 3444 528 3510 perferebaatar
548 3444 624 3513 (Oa).
666 3446 744 3511 refer.
768 3445 834 3498 ΜΒ.
886 3450 931 3499 11.
954 3450 1024 3500 esset

55 3510 109 3578 cir,
126 3512 152 3565 is
171 3512 236 3580 (W),
275 3529 306 3581 a,
323 3515 368 3567 eir
385 3515 411 3567 c's
429 3514 522 3586 vulgo.
