2370 3878
93 1537 105 1584 l

93 1605 104 1641 1

201 846 541 947 ‚EPISTOLA
568 845 617 948 Q.
646 844 1004 936 CICERONIS

166 989 239 1065 DE
278 988 608 1065 ΡΕΤΙΤΙΟΝΕ
655 987 1061 1068 CONSULATUS

418 1126 479 1192 AD
502 1126 546 1193 Μ.
568 1124 790 1194 FRATREM.

326 1440 486 1508 QUINTUS
504 1440 629 1497 MARCO
648 1441 785 1496 FRATRI
803 1440 830 1496 S.
848 1439 884 1497 D.

192 1546 265 1615 Etsi
284 1548 344 1614 tibi
363 1549 472 1614 omnia
494 1552 671 1633 suppetunt
693 1571 740 1634 ea,
758 1570 839 1633 quae
858 1552 1027 1636 consequi
1048 1553 1093 1616 in·

127 1638 223 1724 genio
251 1640 309 1703 aut
334 1658 394 1703 usu
425 1637 573 1704 homines
604 1638 626 1716 †
653 1641 710 1704 aut
737 1636 908 1722 diligentia
942 1645 1092 1724 possunt,

125 1731 235 1793 tamen
262 1747 371 1792 amore
398 1730 510 1791 nostro
538 1746 605 1791 non
633 1748 705 1790 sum
736 1725 879 1791 alienum
909 1728 1092 1793 arbitratus

127 1816 167 1880 ad
190 1821 222 1880 te
245 1815 441 1900 perscribere
464 1837 511 1898 ea,
534 1835 616 1898 quae
638 1814 719 1879 mihi
741 1813 918 1878 veniebant
941 1816 983 1880 in
1007 1840 1093 1881 men-

125 1907 192 1969 tem
215 1903 282 1969 dies
306 1925 343 1968 ac
366 1906 478 1968 noctes
500 1903 540 1967 de
562 1902 719 1987 petitione
740 1905 799 1966 tua
821 1903 1004 1990 cogitanti,
1028 1928 1094 1970 non

125 1996 163 2056 ut
185 1992 306 2077 aliquid
329 2014 367 2056 ex
389 1991 429 2056 iis
451 1991 528 2057 novi
555 1990 749 2075 addisceres,
775 1989 830 2054 sed
858 1994 898 2054 ut
925 2013 983 2078 ea,
1011 2015 1093 2077 quae

125 2082 160 2145 in
178 2102 212 2144 re
232 2081 486 2165 disperseratque
503 2079 633 2144 infinita
650 2077 836 2144 viderentur
854 2099 939 2164 esse,
964 2083 1094 2148 ratione

126 2173 159 2234 ct
173 2169 399 2234 distributione
414 2168 473 2234 sub
487 2189 553 2232 uno
568 2170 701 2253 aspectu
713 2169 922 2252 ponerentur.
961 2166 1093 2256 [Quam-

69 2289 72 2295 ·
126 2278 223 2341 quam
253 2258 427 2340 plurimum
463 2259 581 2321 natura
611 2256 713 2342 vulet,
748 2259 858 2320 tamen
889 2256 1029 2323 videtur
1062 2260 1094 2323 in

26 3710 110 3748 affl

124 2365 301 2428 paucorum
319 2366 466 2410 mensum
483 2345 616 2430 negotio
633 2364 729 2428 posse
748 2343 911 2409 simulatio
936 2350 1094 2413 namnam

125 2428 273 2519 vincere]
320 2431 441 2497 Civitas
468 2455 550 2516 quae
577 2433 621 2499 sit
647 2432 768 2518 cogita,
795 2429 872 2516 quid
894 2437 1012 2521 petas,
1042 2438 1092 2520 qui

127 2522 178 2586 sis.
222 2520 327 2606 Prope
351 2518 493 2605 quotidie
515 2518 576 2584 tibi
597 2520 661 2586 hoo
683 2521 725 2586 ad
746 2520 854 2587 forum
876 2519 1093 2591 descendenti

125 2609 345 2674 meditandum
382 2611 443 2673 est:
478 2612 609 2692 „novus
637 2631 722 2694 sum,
757 2608 975 2680 consulatum,
1010 2618 1093 2698 peto,

125 2697 230 2762 Roma
253 2696 329 2761 est.“
368 2694 517 2761 Nominis
540 2697 718 2762 novitatem
741 2695 868 2761 dicendi
891 2697 1006 2782 gloria
1031 2724 1092 2767 ma·

124 2785 208 2848 xime
232 2784 426 2850 sublevabis:
450 2806 576 2870 semper
594 2807 632 2849 ea
649 2808 700 2850 res
718 2785 893 2870 plurimum
914 2785 1093 2874 dignitatis

124 2872 253 2956 habuit3
283 2892 351 2937 non
377 2877 499 2959 potest,
531 2874 586 2958 qui
614 2874 731 2959 dignus
759 2873 898 2938 habetur
927 2882 1094 2960 patronus

126 2960 356 3044 consularium,
385 2960 539 3047 indignus
567 2962 737 3027 consulatu
759 2961 876 3046 putari.
924 2962 1094 3040 Quamob-

125 3070 208 3132 rem,
235 3048 388 3134 quoniam
411 3049 452 3113 ab
474 3050 536 3114 hac
561 3050 657 3115 laude
685 3048 897 3135 proficisceris
921 3054 974 3138 et,
1004 3056 1094 3140 quid-

126 3137 203 3222 quid
226 3158 269 3222 es,
291 3159 330 3203 ex
351 3136 414 3203 hoo
433 3158 476 3222 es,
498 3139 545 3201 ita
563 3141 695 3222 paratus
713 3138 756 3204 ad
774 3137 951 3205 dicendum
971 3146 1096 3229 venito,

196 3368 210 3417 1
218 3402 226 3430 ,
241 3368 265 3418 1.
297 3367 446 3434 modunl
472 3379 516 3431 ea,
544 3380 613 3433 quac
637 3365 690 3435 (cd.
709 3364 782 3433 Eri,
801 3363 891 3433 Crat,
909 3364 969 3436 V.).
1008 3387 1051 3442 a,
1073 3390 1093 3444 q.

120 3433 216 3510 vulgo.
238 3466 272 3478 —
292 3452 326 3495 oc
344 3434 491 3509 dittoculto
506 3449 536 3505 p.
552 3435 635 3506 <wir
675 3436 720 3490 nn
734 3435 797 3505 [cat
814 3434 859 3504 dl
871 3451 900 3503 ρ.
919 3437 973 3506 (W
974 3441 1015 3510 .)?
