<?xml version="1.0" encoding="UTF-8"?>
<!DOCTYPE html PUBLIC "-//W3C//DTD XHTML 1.0 Transitional//EN"
    "http://www.w3.org/TR/xhtml1/DTD/xhtml1-transitional.dtd">
<html xmlns="http://www.w3.org/1999/xhtml" xml:lang="en" lang="en">
 <head>
  <title>
</title>
<meta http-equiv="Content-Type" content="text/html;charset=utf-8" />
  <meta name='ocr-system' content='tesseract 3.04.00' />
  <meta name='ocr-capabilities' content='ocr_page ocr_carea ocr_par ocr_line ocrx_word'/>
</head>
<body>
  <div class='ocr_page' id='page_1' title='image "./epistolae00cicegoog_0130.png"; bbox 0 0 2370 3878; ppageno 0'>
   <div class='ocr_carea' id='block_1_1' title="bbox 172 965 966 1177">
    <p class='ocr_par' dir='ltr' id='par_1_1' title="bbox 172 965 966 1177">
     <span class='ocr_line' id='line_1_1' title="bbox 417 965 713 1034; baseline 0.003 -13"><span class='ocrx_word' id='word_1_1' title='bbox 417 966 526 1022; x_wconf 70' lang='lat' dir='ltr'><strong>mssess</strong></span> <span class='ocrx_word' id='word_1_2' title='bbox 545 965 713 1034; x_wconf 69' lang='lat' dir='ltr'><strong>QmNTUS.</strong></span> 
     </span>
     <span class='ocr_line' id='line_1_2' title="bbox 172 1089 966 1177; baseline -0.005 -17"><span class='ocrx_word' id='word_1_3' title='bbox 172 1094 237 1161; x_wconf 85' lang='lat' dir='ltr'><strong>AD</strong></span> <span class='ocrx_word' id='word_1_4' title='bbox 266 1094 302 1172; x_wconf 81' lang='lat' dir='ltr'><strong>Q.</strong></span> <span class='ocrx_word' id='word_1_5' title='bbox 331 1091 609 1160; x_wconf 77' lang='lat' dir='ltr'><strong>METELLUM</strong></span> <span class='ocrx_word' id='word_1_6' title='bbox 640 1089 966 1177; x_wconf 62' lang='lat' dir='ltr'><strong>ETGETEROS.</strong></span> 
     </span>
    </p>
   </div>
   <div class='ocr_carea' id='block_1_2' title="bbox 555 1267 581 1334">
    <p class='ocr_par' dir='ltr' id='par_1_2' title="bbox 555 1267 581 1334">
     <span class='ocr_line' id='line_1_3' title="bbox 555 1267 581 1334; baseline -0.038 0"><span class='ocrx_word' id='word_1_7' title='bbox 555 1267 581 1334; x_wconf 93' lang='lat' dir='ltr'><strong>I.</strong></span> 
     </span>
    </p>
   </div>
   <div class='ocr_carea' id='block_1_3' title="bbox 280 1389 856 1446">
    <p class='ocr_par' dir='ltr' id='par_1_3' title="bbox 280 1389 856 1446">
     <span class='ocr_line' id='line_1_4' title="bbox 280 1389 856 1446; baseline -0.003 0"><span class='ocrx_word' id='word_1_8' title='bbox 280 1390 336 1446; x_wconf 84' lang='lat' dir='ltr'><strong>Ser.</strong></span> <span class='ocrx_word' id='word_1_9' title='bbox 356 1389 386 1445; x_wconf 91' lang='lat' dir='ltr'><strong>in</strong></span> <span class='ocrx_word' id='word_1_10' title='bbox 404 1389 498 1446; x_wconf 75' lang='lat' dir='ltr'><strong>Gallia</strong></span> <span class='ocrx_word' id='word_1_11' title='bbox 516 1389 644 1445; x_wconf 77' lang='lat' dir='ltr'>citeriore</span> <span class='ocrx_word' id='word_1_12' title='bbox 663 1405 687 1444; x_wconf 70' lang='lat' dir='ltr'><strong>a,</strong></span> <span class='ocrx_word' id='word_1_13' title='bbox 706 1407 733 1444; x_wconf 86' lang='lat' dir='ltr'><strong>u.</strong></span> <span class='ocrx_word' id='word_1_14' title='bbox 753 1405 776 1445; x_wconf 83' lang='lat' dir='ltr'><strong>c.</strong></span> <span class='ocrx_word' id='word_1_15' title='bbox 796 1394 856 1445; x_wconf 77' lang='lat'><strong>692.</strong></span> 
     </span>
    </p>
   </div>
   <div class='ocr_carea' id='block_1_4' title="bbox 93 1509 1047 1657">
    <p class='ocr_par' dir='ltr' id='par_1_4' title="bbox 93 1509 1047 1657">
     <span class='ocr_line' id='line_1_5' title="bbox 93 1509 1047 1657; baseline -0.002 -69"><span class='ocrx_word' id='word_1_16' title='bbox 93 1533 124 1598; x_wconf 78' lang='lat' dir='ltr'><strong>Q.</strong></span> <span class='ocrx_word' id='word_1_17' title='bbox 143 1530 337 1588; x_wconf 59' lang='lat' dir='ltr'><strong>Misimus</strong></span> <span class='ocrx_word' id='word_1_18' title='bbox 357 1531 387 1597; x_wconf 80' lang='lat' dir='ltr'><strong>Q.</strong></span> <span class='ocrx_word' id='word_1_19' title='bbox 407 1532 437 1586; x_wconf 76' lang='lat' dir='ltr'><strong>F.</strong></span> <span class='ocrx_word' id='word_1_20' title='bbox 458 1529 740 1657; x_wconf 51' lang='lat' dir='ltr'><strong>⁰{fcssssffigssf&#39;ws&#39;</strong></span> <span class='ocrx_word' id='word_1_21' title='bbox 760 1529 787 1585; x_wconf 71' lang='grc' dir='ltr'><strong>ε.</strong></span> <span class='ocrx_word' id='word_1_22' title='bbox 805 1529 838 1586; x_wconf 82' lang='grc' dir='ltr'><strong>ι).</strong></span> <span class='ocrx_word' id='word_1_23' title='bbox 857 1509 894 1586; x_wconf 76' lang='grc' dir='ltr'><strong>Μ’.</strong></span> <span class='ocrx_word' id='word_1_24' title='bbox 914 1529 1047 1586; x_wconf 77' lang='lat' dir='ltr'>TULLIO</span> 
     </span>
    </p>
   </div>
   <div class='ocr_carea' id='block_1_5' title="bbox 94 1708 1086 3114">
    <p class='ocr_par' dir='ltr' id='par_1_5' title="bbox 94 1708 1086 3114">
     <span class='ocr_line' id='line_1_6' title="bbox 162 1708 1084 1794; baseline 0 -19"><span class='ocrx_word' id='word_1_25' title='bbox 162 1709 196 1776; x_wconf 78' lang='lat' dir='ltr'><strong>si</strong></span> <span class='ocrx_word' id='word_1_26' title='bbox 227 1712 329 1794; x_wconf 75' lang='lat' dir='ltr'><strong>valeS,</strong></span> <span class='ocrx_word' id='word_1_27' title='bbox 359 1711 442 1775; x_wconf 82' lang='lat' dir='ltr'><strong>bene</strong></span> <span class='ocrx_word' id='word_1_28' title='bbox 474 1713 531 1774; x_wconf 77' lang='lat' dir='ltr'><strong>est.</strong></span> <span class='ocrx_word' id='word_1_29' title='bbox 584 1708 814 1775; x_wconf 73' lang='lat' dir='ltr'><strong>Existimarem</strong></span> <span class='ocrx_word' id='word_1_30' title='bbox 844 1732 903 1794; x_wconf 86' lang='lat' dir='ltr'><strong>pro</strong></span> <span class='ocrx_word' id='word_1_31' title='bbox 935 1714 1084 1776; x_wconf 65' lang='lat' dir='ltr'><strong>mutum</strong></span> 
     </span>
     <span class='ocr_line' id='line_1_7' title="bbox 94 1798 1049 1882; baseline -0.003 -18"><span class='ocrx_word' id='word_1_32' title='bbox 94 1801 180 1864; x_wconf 75' lang='lat' dir='ltr'><strong>inter</strong></span> <span class='ocrx_word' id='word_1_33' title='bbox 202 1821 262 1864; x_wconf 84' lang='lat' dir='ltr'><strong>nos</strong></span> <span class='ocrx_word' id='word_1_34' title='bbox 286 1799 394 1863; x_wconf 86' lang='lat' dir='ltr'><strong>animo</strong></span> <span class='ocrx_word' id='word_1_35' title='bbox 419 1802 451 1862; x_wconf 79' lang='lat' dir='ltr'><strong>et</strong></span> <span class='ocrx_word' id='word_1_36' title='bbox 473 1819 532 1880; x_wconf 87' lang='lat' dir='ltr'><strong>pro</strong></span> <span class='ocrx_word' id='word_1_37' title='bbox 556 1798 763 1862; x_wconf 63' lang='lat' dir='ltr'><strong>reconciliem</strong></span> <span class='ocrx_word' id='word_1_38' title='bbox 785 1799 890 1882; x_wconf 74' lang='lat' dir='ltr'><strong>gratia</strong></span> <span class='ocrx_word' id='word_1_39' title='bbox 912 1819 972 1862; x_wconf 82' lang='lat' dir='ltr'><strong>nee</strong></span> <span class='ocrx_word' id='word_1_40' title='bbox 995 1798 1049 1861; x_wconf 81' lang='lat' dir='ltr'><strong>ab·</strong></span> 
     </span>
     <span class='ocr_line' id='line_1_8' title="bbox 96 1884 1050 1951; baseline -0.001 -1"><span class='ocrx_word' id='word_1_41' title='bbox 96 1891 221 1951; x_wconf 69' lang='lat' dir='ltr'><strong>sentem</strong></span> <span class='ocrx_word' id='word_1_42' title='bbox 243 1907 291 1950; x_wconf 82' lang='lat' dir='ltr'><strong>me</strong></span> <span class='ocrx_word' id='word_1_43' title='bbox 312 1907 334 1949; x_wconf 86' lang='lat' dir='ltr'><em>a</em></span> <span class='ocrx_word' id='word_1_44' title='bbox 361 1890 388 1949; x_wconf 83' lang='lat' dir='ltr'><strong>te</strong></span> <span class='ocrx_word' id='word_1_45' title='bbox 410 1884 548 1948; x_wconf 84' lang='lat' dir='ltr'><strong>ludibrio</strong></span> <span class='ocrx_word' id='word_1_46' title='bbox 580 1885 704 1949; x_wconf 79' lang='lat' dir='ltr'>laesum</span> <span class='ocrx_word' id='word_1_47' title='bbox 730 1885 771 1948; x_wconf 89' lang='lat' dir='ltr'><strong>iri</strong></span> <span class='ocrx_word' id='word_1_48' title='bbox 802 1906 861 1949; x_wconf 85' lang='lat' dir='ltr'><strong>nec</strong></span> <span class='ocrx_word' id='word_1_49' title='bbox 884 1884 1050 1949; x_wconf 75' lang='lat' dir='ltr'><strong>Metellum</strong></span> 
     </span>
     <span class='ocr_line' id='line_1_9' title="bbox 96 1971 1050 2058; baseline 0.003 -22"><span class='ocrx_word' id='word_1_50' title='bbox 96 1975 229 2037; x_wconf 76' lang='lat' dir='ltr'><strong>fratrem</strong></span> <span class='ocrx_word' id='word_1_51' title='bbox 261 1974 302 2037; x_wconf 86' lang='lat' dir='ltr'><strong>ob</strong></span> <span class='ocrx_word' id='word_1_52' title='bbox 333 1971 454 2036; x_wconf 81' lang='lat' dir='ltr'><strong>dictum</strong></span> <span class='ocrx_word' id='word_1_53' title='bbox 485 1972 590 2055; x_wconf 76' lang='lat' dir='ltr'><strong>eapiie</strong></span> <span class='ocrx_word' id='word_1_54' title='bbox 620 1992 659 2036; x_wconf 78' lang='lat' dir='ltr'><strong>ae</strong></span> <span class='ocrx_word' id='word_1_55' title='bbox 684 1972 824 2038; x_wconf 75' lang='lat' dir='ltr'><strong>fortunis</strong></span> <span class='ocrx_word' id='word_1_56' title='bbox 851 1977 967 2056; x_wconf 75' lang='lat' dir='ltr'><strong><em>perte</em></strong></span> <span class='ocrx_word' id='word_1_57' title='bbox 995 1996 1050 2058; x_wconf 91' lang='lat' dir='ltr'><strong>op·</strong></span> 
     </span>
     <span class='ocr_line' id='line_1_10' title="bbox 96 2059 1050 2145; baseline 0.002 -21"><span class='ocrx_word' id='word_1_58' title='bbox 96 2065 278 2145; x_wconf 73' lang='lat' dir='ltr'>pugnatum</span> <span class='ocrx_word' id='word_1_59' title='bbox 300 2060 353 2142; x_wconf 79' lang='lat' dir='ltr'><strong>iri3</strong></span> <span class='ocrx_word' id='word_1_60' title='bbox 381 2081 476 2143; x_wconf 89' lang='lat' dir='ltr'><strong>quem</strong></span> <span class='ocrx_word' id='word_1_61' title='bbox 499 2059 526 2124; x_wconf 81' lang='lat' dir='ltr'><strong>si</strong></span> <span class='ocrx_word' id='word_1_62' title='bbox 548 2079 663 2143; x_wconf 82' lang='lat' dir='ltr'>parum</span> <span class='ocrx_word' id='word_1_63' title='bbox 685 2060 797 2144; x_wconf 82' lang='lat' dir='ltr'>pudor,</span> <span class='ocrx_word' id='word_1_64' title='bbox 817 2061 925 2145; x_wconf 73' lang='lat' dir='ltr'><strong>ipsius.</strong></span> <span class='ocrx_word' id='word_1_65' title='bbox 942 2063 1050 2126; x_wconf 83' lang='lat' dir='ltr'><strong><em>defen·</em></strong></span> 
     </span>
     <span class='ocr_line' id='line_1_11' title="bbox 96 2148 1051 2236; baseline 0.003 -23"><span class='ocrx_word' id='word_1_66' title='bbox 96 2150 207 2233; x_wconf 74' lang='lat' dir='ltr'><strong>debat,</strong></span> <span class='ocrx_word' id='word_1_67' title='bbox 243 2149 381 2213; x_wconf 79' lang='lat' dir='ltr'><strong>debebat</strong></span> <span class='ocrx_word' id='word_1_68' title='bbox 412 2149 463 2213; x_wconf 88' lang='lat' dir='ltr'><strong>vel</strong></span> <span class='ocrx_word' id='word_1_69' title='bbox 493 2148 634 2212; x_wconf 81' lang='lat' dir='ltr'><strong>familiae</strong></span> <span class='ocrx_word' id='word_1_70' title='bbox 665 2153 795 2214; x_wconf 74' lang='lat' dir='ltr'><strong>nostrae</strong></span> <span class='ocrx_word' id='word_1_71' title='bbox 826 2149 968 2236; x_wconf 78' lang='lat' dir='ltr'><strong>dignitas</strong></span> <span class='ocrx_word' id='word_1_72' title='bbox 999 2151 1051 2216; x_wconf 85' lang='lat' dir='ltr'><strong>vel</strong></span> 
     </span>
     <span class='ocr_line' id='line_1_12' title="bbox 97 2237 1050 2322; baseline 0.001 -20"><span class='ocrx_word' id='word_1_73' title='bbox 97 2259 204 2303; x_wconf 84' lang='lat' dir='ltr'><strong>meum</strong></span> <span class='ocrx_word' id='word_1_74' title='bbox 237 2237 378 2302; x_wconf 75' lang='lat' dir='ltr'><strong>studium</strong></span> <span class='ocrx_word' id='word_1_75' title='bbox 410 2257 488 2322; x_wconf 81' lang='lat' dir='ltr'><strong>erga</strong></span> <span class='ocrx_word' id='word_1_76' title='bbox 518 2259 576 2302; x_wconf 83' lang='lat' dir='ltr'><strong>vos</strong></span> <span class='ocrx_word' id='word_1_77' title='bbox 608 2259 738 2321; x_wconf 87' lang='lat' dir='ltr'><strong><em>remque</em></strong></span> <span class='ocrx_word' id='word_1_78' title='bbox 774 2238 936 2322; x_wconf 76' lang='lat' dir='ltr'><strong>publicam</strong></span> <span class='ocrx_word' id='word_1_79' title='bbox 972 2239 1050 2303; x_wconf 76' lang='lat' dir='ltr'><strong>satis</strong></span> 
     </span>
     <span class='ocr_line' id='line_1_13' title="bbox 97 2325 1050 2410; baseline 0.001 -20"><span class='ocrx_word' id='word_1_80' title='bbox 97 2326 277 2391; x_wconf 78' lang='lat' dir='ltr'><strong>sublevare:</strong></span> <span class='ocrx_word' id='word_1_81' title='bbox 301 2347 388 2391; x_wconf 83' lang='lat' dir='ltr'>nunc</span> <span class='ocrx_word' id='word_1_82' title='bbox 410 2325 504 2390; x_wconf 84' lang='lat' dir='ltr'><strong>video</strong></span> <span class='ocrx_word' id='word_1_83' title='bbox 527 2325 619 2390; x_wconf 89' lang='lat' dir='ltr'><strong>illum</strong></span> <span class='ocrx_word' id='word_1_84' title='bbox 642 2326 902 2410; x_wconf 75' lang='lat' dir='ltr'><strong>circumventum,</strong></span> <span class='ocrx_word' id='word_1_85' title='bbox 924 2348 975 2391; x_wconf 90' lang='lat' dir='ltr'><strong>me</strong></span> <span class='ocrx_word' id='word_1_86' title='bbox 998 2326 1050 2391; x_wconf 84' lang='lat' dir='ltr'><strong>de·</strong></span> 
     </span>
     <span class='ocr_line' id='line_1_14' title="bbox 97 2413 1086 2499; baseline -0.004 -21"><span class='ocrx_word' id='word_1_87' title='bbox 97 2417 232 2499; x_wconf 79' lang='lat' dir='ltr'><strong>sertum,</strong></span> <span class='ocrx_word' id='word_1_88' title='bbox 259 2437 279 2479; x_wconf 83' lang='lat' dir='ltr'>a</span> <span class='ocrx_word' id='word_1_89' title='bbox 306 2415 421 2498; x_wconf 87' lang='lat' dir='ltr'><strong>quibus</strong></span> <span class='ocrx_word' id='word_1_90' title='bbox 449 2413 581 2480; x_wconf 76' lang='lat' dir='ltr'><strong>minime</strong></span> <span class='ocrx_word' id='word_1_91' title='bbox 607 2414 828 2480; x_wconf 66' lang='lat' dir='ltr'><strong>conveniebei</strong></span> <span class='ocrx_word' id='word_1_92' title='bbox 875 2414 989 2499; x_wconf 80' lang='lat' dir='ltr'>Itaque</span> <span class='ocrx_word' id='word_1_93' title='bbox 1015 2415 1086 2480; x_wconf 73' lang='lat' dir='ltr'><strong>ine</strong></span> 
     </span>
     <span class='ocr_line' id='line_1_15' title="bbox 97 2502 1052 2587; baseline 0.002 -21"><span class='ocrx_word' id='word_1_94' title='bbox 97 2503 187 2566; x_wconf 81' lang='lat' dir='ltr'>luctu</span> <span class='ocrx_word' id='word_1_95' title='bbox 209 2506 243 2566; x_wconf 72' lang='lat' dir='ltr'><strong>et</strong></span> <span class='ocrx_word' id='word_1_96' title='bbox 265 2503 413 2586; x_wconf 79' lang='lat' dir='ltr'>squalore</span> <span class='ocrx_word' id='word_1_97' title='bbox 437 2522 517 2585; x_wconf 88' lang='lat' dir='ltr'>sum,</span> <span class='ocrx_word' id='word_1_98' title='bbox 539 2502 595 2586; x_wconf 88' lang='lat' dir='ltr'><strong>qui</strong></span> <span class='ocrx_word' id='word_1_99' title='bbox 612 2503 805 2587; x_wconf 80' lang='lat' dir='ltr'><strong>provinciae,</strong></span> <span class='ocrx_word' id='word_1_100' title='bbox 827 2503 882 2586; x_wconf 90' lang='lat' dir='ltr'><strong>qui</strong></span> <span class='ocrx_word' id='word_1_101' title='bbox 900 2503 1052 2568; x_wconf 80' lang='lat' dir='ltr'><strong>exercitui</strong></span> 
     </span>
     <span class='ocr_line' id='line_1_16' title="bbox 97 2590 1052 2675; baseline 0.001 -22"><span class='ocrx_word' id='word_1_102' title='bbox 97 2611 260 2674; x_wconf 79' lang='lat' dir='ltr'>praesum,</span> <span class='ocrx_word' id='word_1_103' title='bbox 287 2590 343 2674; x_wconf 91' lang='lat' dir='ltr'><strong>qui</strong></span> <span class='ocrx_word' id='word_1_104' title='bbox 369 2590 490 2655; x_wconf 89' lang='lat' dir='ltr'><strong>bellum</strong></span> <span class='ocrx_word' id='word_1_105' title='bbox 517 2611 607 2675; x_wconf 84' lang='lat' dir='ltr'><strong><em>gero:</em></strong></span> <span class='ocrx_word' id='word_1_106' title='bbox 633 2612 718 2674; x_wconf 78' lang='lat' dir='ltr'><strong>quae</strong></span> <span class='ocrx_word' id='word_1_107' title='bbox 746 2591 899 2674; x_wconf 80' lang='lat' dir='ltr'><strong>quoniam</strong></span> <span class='ocrx_word' id='word_1_108' title='bbox 920 2611 980 2654; x_wconf 81' lang='lat' dir='ltr'><strong>nee</strong></span> <span class='ocrx_word' id='word_1_109' title='bbox 1002 2612 1052 2654; x_wconf 81' lang='lat' dir='ltr'><strong>ra·</strong></span> 
     </span>
     <span class='ocr_line' id='line_1_17' title="bbox 98 2678 1052 2744; baseline 0 -2"><span class='ocrx_word' id='word_1_110' title='bbox 98 2679 187 2743; x_wconf 79' lang='lat' dir='ltr'><strong>tione</strong></span> <span class='ocrx_word' id='word_1_111' title='bbox 218 2699 278 2743; x_wconf 83' lang='lat' dir='ltr'><strong>nec</strong></span> <span class='ocrx_word' id='word_1_112' title='bbox 309 2679 468 2744; x_wconf 84' lang='lat' dir='ltr'><strong>maiorum</strong></span> <span class='ocrx_word' id='word_1_113' title='bbox 499 2682 684 2744; x_wconf 77' lang='lat' dir='ltr'><strong>nostrorum</strong></span> <span class='ocrx_word' id='word_1_114' title='bbox 716 2678 887 2743; x_wconf 81' lang='lat' dir='ltr'><strong>elementia</strong></span> <span class='ocrx_word' id='word_1_115' title='bbox 917 2678 1052 2742; x_wconf 82' lang='lat' dir='ltr'><strong>admini-</strong></span> 
     </span>
     <span class='ocr_line' id='line_1_18' title="bbox 99 2765 1052 2850; baseline 0.002 -20"><span class='ocrx_word' id='word_1_116' title='bbox 99 2767 236 2850; x_wconf 73' lang='lat' dir='ltr'><strong>strastiS,</strong></span> <span class='ocrx_word' id='word_1_117' title='bbox 258 2788 325 2832; x_wconf 91' lang='lat' dir='ltr'><strong>non</strong></span> <span class='ocrx_word' id='word_1_118' title='bbox 348 2767 409 2831; x_wconf 72' lang='lat' dir='ltr'><strong>orii</strong></span> <span class='ocrx_word' id='word_1_119' title='bbox 430 2766 621 2849; x_wconf 82' lang='lat' dir='ltr'><strong>mirandum,</strong></span> <span class='ocrx_word' id='word_1_120' title='bbox 644 2766 672 2831; x_wconf 86' lang='lat' dir='ltr'><strong>si</strong></span> <span class='ocrx_word' id='word_1_121' title='bbox 693 2788 752 2832; x_wconf 80' lang='lat' dir='ltr'><strong>vos</strong></span> <span class='ocrx_word' id='word_1_122' title='bbox 773 2765 961 2850; x_wconf 76' lang='lat' dir='ltr'><strong>poenitebit.</strong></span> <span class='ocrx_word' id='word_1_123' title='bbox 984 2767 1052 2832; x_wconf 83' lang='lat' dir='ltr'><strong>-Te</strong></span> 
     </span>
     <span class='ocr_line' id='line_1_19' title="bbox 99 2855 1053 2939; baseline 0.002 -23"><span class='ocrx_word' id='word_1_124' title='bbox 99 2857 167 2917; x_wconf 73' lang='lat' dir='ltr'><strong>tam</strong></span> <span class='ocrx_word' id='word_1_125' title='bbox 190 2855 302 2920; x_wconf 89' lang='lat' dir='ltr'><strong>mobili</strong></span> <span class='ocrx_word' id='word_1_126' title='bbox 324 2855 359 2918; x_wconf 88' lang='lat' dir='ltr'><strong>in</strong></span> <span class='ocrx_word' id='word_1_127' title='bbox 381 2875 433 2918; x_wconf 86' lang='lat' dir='ltr'><strong>me</strong></span> <span class='ocrx_word' id='word_1_128' title='bbox 456 2875 608 2938; x_wconf 85' lang='lat' dir='ltr'><strong><em>meosque</em></strong></span> <span class='ocrx_word' id='word_1_129' title='bbox 631 2874 700 2919; x_wconf 83' lang='lat' dir='ltr'><strong><em>esse</em></strong></span> <span class='ocrx_word' id='word_1_130' title='bbox 724 2855 832 2919; x_wconf 82' lang='lat' dir='ltr'><strong>animo</strong></span> <span class='ocrx_word' id='word_1_131' title='bbox 855 2875 924 2920; x_wconf 85' lang='lat' dir='ltr'><strong>non</strong></span> <span class='ocrx_word' id='word_1_132' title='bbox 946 2876 1053 2939; x_wconf 80' lang='lat' dir='ltr'><strong><em>spera·</em></strong></span> 
     </span>
     <span class='ocr_line' id='line_1_20' title="bbox 99 2941 1055 3009; baseline 0.004 -6"><span class='ocrx_word' id='word_1_133' title='bbox 99 2963 182 3004; x_wconf 83' lang='lat' dir='ltr'>ram:</span> <span class='ocrx_word' id='word_1_134' title='bbox 209 2963 260 3006; x_wconf 86' lang='lat' dir='ltr'><strong>me</strong></span> <span class='ocrx_word' id='word_1_135' title='bbox 280 2943 414 3006; x_wconf 78' lang='lat' dir='ltr'><strong>interea</strong></span> <span class='ocrx_word' id='word_1_136' title='bbox 435 2963 495 3007; x_wconf 82' lang='lat' dir='ltr'><strong>neo</strong></span> <span class='ocrx_word' id='word_1_137' title='bbox 519 2941 713 3009; x_wconf 75' lang='lat' dir='ltr'><strong>domesticus</strong></span> <span class='ocrx_word' id='word_1_138' title='bbox 742 2941 834 3009; x_wconf 89' lang='lat' dir='ltr'><strong>dolor</strong></span> <span class='ocrx_word' id='word_1_139' title='bbox 861 2964 922 3008; x_wconf 80' lang='lat' dir='ltr'><strong>neo</strong></span> <span class='ocrx_word' id='word_1_140' title='bbox 949 2943 1055 3008; x_wconf 86' lang='lat' dir='ltr'><strong>euius·</strong></span> 
     </span>
     <span class='ocr_line' id='line_1_21' title="bbox 100 3029 776 3114; baseline 0.006 -23"><span class='ocrx_word' id='word_1_141' title='bbox 100 3050 199 3111; x_wconf 84' lang='lat' dir='ltr'>quam</span> <span class='ocrx_word' id='word_1_142' title='bbox 220 3029 338 3094; x_wconf 82' lang='lat' dir='ltr'><strong>iniuria</strong></span> <span class='ocrx_word' id='word_1_143' title='bbox 359 3029 400 3094; x_wconf 78' lang='lat' dir='ltr'><strong>ab</strong></span> <span class='ocrx_word' id='word_1_144' title='bbox 423 3050 458 3094; x_wconf 84' lang='lat' dir='ltr'><strong>re</strong></span> <span class='ocrx_word' id='word_1_145' title='bbox 480 3029 609 3114; x_wconf 77' lang='lat' dir='ltr'><strong>publiea</strong></span> <span class='ocrx_word' id='word_1_146' title='bbox 631 3029 776 3095; x_wconf 75' lang='lat' dir='ltr'><strong>abducet.</strong></span> 
     </span>
    </p>
   </div>
   <div class='ocr_carea' id='block_1_6' title="bbox 171 3271 1055 3344">
    <p class='ocr_par' dir='ltr' id='par_1_6' title="bbox 171 3271 1055 3344">
     <span class='ocr_line' id='line_1_22' title="bbox 171 3271 1055 3344; baseline 0.005 -20"><span class='ocrx_word' id='word_1_147' title='bbox 171 3271 222 3340; x_wconf 81' lang='lat' dir='ltr'><strong>Ep.</strong></span> <span class='ocrx_word' id='word_1_148' title='bbox 243 3278 267 3340; x_wconf 85' lang='lat'><strong>1,</strong></span> <span class='ocrx_word' id='word_1_149' title='bbox 283 3279 306 3328; x_wconf 91' lang='lat'><strong>1.</strong></span> <span class='ocrx_word' id='word_1_150' title='bbox 343 3273 476 3330; x_wconf 75' lang='lat' dir='ltr'><strong><em>absentem</em></strong></span> <span class='ocrx_word' id='word_1_151' title='bbox 494 3274 571 3329; x_wconf 74' lang='lat' dir='ltr'><strong><em>me‘a</em></strong></span> <span class='ocrx_word' id='word_1_152' title='bbox 590 3279 614 3329; x_wconf 80' lang='lat' dir='ltr'><strong>te</strong></span> <span class='ocrx_word' id='word_1_153' title='bbox 632 3274 688 3330; x_wconf 77' lang='lat' dir='ltr'><em>lud.</em></span> <span class='ocrx_word' id='word_1_154' title='bbox 704 3275 752 3342; x_wconf 91' lang='lat' dir='ltr'><strong>(W</strong></span> <span class='ocrx_word' id='word_1_155' title='bbox 753 3277 779 3344; x_wconf 82' lang='lat'><strong>.).</strong></span> <span class='ocrx_word' id='word_1_156' title='bbox 816 3274 923 3328; x_wconf 73' lang='lat' dir='ltr'><strong><em>absente</em></strong></span> <span class='ocrx_word' id='word_1_157' title='bbox 941 3272 997 3328; x_wconf 78' lang='lat' dir='ltr'><strong><em>leel.</em></strong></span> <span class='ocrx_word' id='word_1_158' title='bbox 1016 3273 1055 3328; x_wconf 89' lang='lat' dir='ltr'><strong>M.</strong></span> 
     </span>
    </p>
   </div>
   <div class='ocr_carea' id='block_1_7' title="bbox 99 3342 1056 3484">
    <p class='ocr_par' dir='ltr' id='par_1_7' title="bbox 99 3342 1056 3484">
     <span class='ocr_line' id='line_1_23' title="bbox 99 3342 1056 3469; baseline 0.004 -74"><span class='ocrx_word' id='word_1_159' title='bbox 99 3342 292 3469; x_wconf 52' lang='lat' dir='ltr'><strong><em>ffsentelmome</em></strong></span> <span class='ocrx_word' id='word_1_160' title='bbox 309 3344 327 3399; x_wconf 84' lang='lat' dir='ltr'><strong>l.</strong></span> <span class='ocrx_word' id='word_1_161' title='bbox 347 3344 392 3400; x_wconf 85' lang='lat' dir='ltr'><strong>Or.</strong></span> <span class='ocrx_word' id='word_1_162' title='bbox 412 3344 496 3416; x_wconf 86' lang='lat' dir='ltr'><strong>conj.,</strong></span> <span class='ocrx_word' id='word_1_163' title='bbox 515 3345 546 3400; x_wconf 92' lang='lat' dir='ltr'><strong>B.</strong></span> <span class='ocrx_word' id='word_1_164' title='bbox 588 3350 612 3400; x_wconf 82' lang='lat'><strong>2.</strong></span> <span class='ocrx_word' id='word_1_165' title='bbox 640 3360 782 3414; x_wconf 78' lang='lat' dir='ltr'><strong><em>speraram</em></strong></span> <span class='ocrx_word' id='word_1_166' title='bbox 800 3344 876 3413; x_wconf 59' lang='grc' dir='ltr'><strong>(Ν).</strong></span> <span class='ocrx_word' id='word_1_167' title='bbox 912 3343 1056 3413; x_wconf 75' lang='lat' dir='ltr'><strong><em>sperabam</em></strong></span> 
     </span>
     <span class='ocr_line' id='line_1_24' title="bbox 131 3431 259 3484; baseline 0.039 -20"><span class='ocrx_word' id='word_1_168' title='bbox 131 3453 146 3481; x_wconf 90' lang='lat'><strong>.‚</strong></span> <span class='ocrx_word' id='word_1_169' title='bbox 165 3431 233 3484; x_wconf 85' lang='lat' dir='ltr'><strong>vug</strong></span> <span class='ocrx_word' id='word_1_170' title='bbox 252 3455 259 3469; x_wconf 85' lang='lat'><strong>.</strong></span> 
     </span>
    </p>
   </div>
   <div class='ocr_carea' id='block_1_8' title="bbox 0 0 1205 3878">
    <p class='ocr_par' dir='ltr' id='par_1_8' title="bbox 0 0 1205 3878">
     <span class='ocr_line' id='line_1_25' title="bbox 0 0 1205 3878; baseline 0 0"><span class='ocrx_word' id='word_1_171' title='bbox 0 0 1205 3878; x_wconf 95' lang='lat' dir='ltr'><strong> </strong></span> 
     </span>
    </p>
   </div>
  </div>
 </body>
</html>
