2370 3878
330 181 588 248 EPISTOLARUM
605 181 678 237 xlv.
699 188 810 237 12-16.
986 182 1050 245 493

94 325 191 390 medo
219 328 256 390 ut
282 325 362 390 haec
389 327 483 392 nobis
510 327 582 392 loca
608 329 718 391 tenere
741 327 851 410 liceat,
878 325 1053 391 bellissime

96 414 147 477 vel
175 433 300 478 mecum
328 413 378 478 vel
405 415 441 478 in
472 415 590 480 nostris
623 414 763 499 praediis
796 434 865 479 esse
897 414 1053 498 poteritis.

24 516 29 525 ’
96 499 206 565 Etiam
228 501 308 565 illud
330 502 505 566 verendum
528 506 586 587 est,
609 523 650 567 ne
672 503 762 568 brevi
784 507 929 586 tempore
951 501 1053 566 fames

95 591 131 652 in
159 589 237 653 urbe
266 590 316 654 sit.
361 589 422 654 His
451 589 489 654 de
516 590 611 655 rebus
639 591 735 658 velim
755 591 837 656 'cum
864 587 1087 674 Pomponi0,2

96 698 169 740 rum
193 673 342 762 Camillo,
365 699 438 743 curn
461 678 577 762 quibus
599 678 691 745 vobis
714 677 888 762 videbitur,
911 677 1053 743 conride-

96 765 185 848 eetis,
209 764 250 829 ad
274 787 432 831 summam
454 766 562 832 animo
588 767 667 831 forti
690 766 773 831 sitis:
800 764 963 831 Labienus
986 786 1054 830 rem

97 853 262 918 meliorem
285 854 375 936 fecit,
403 853 535 919 adiuuat
562 855 658 919 etiam
680 852 770 938 Piso,
797 853 882 937 quod
911 855 951 918 ab
974 855 1053 918 urbe
1135 885 1137 890 ·

98 939 234 1005 discedit
252 946 284 1005 et
303 942 429 1007 sceleris
453 942 647 1008 condemnat
665 962 820 1027 generum
838 963 940 1006 suum.
976 940 1055 1024 Vos,

98 1049 188 1093 meae
216 1030 398 1094 carissimae
428 1031 567 1114 animae,
595 1052 692 1114 quam
720 1029 905 1115 saepissime
933 1029 973 1093 ad
1003 1051 1053 1094 me

98 1116 241 1201 scribite,
272 1120 306 1181 et
336 1139 393 1183 vos
426 1118 502 1202 quid
535 1119 639 1203 agatis
667 1121 699 1182 et
726 1117 802 1201 quid
829 1117 902 1182 istic
930 1121 1054 1202 agatur.

99 1201 238 1277 Quintus
261 1207 353 1289 pater
375 1209 408 1269 et
429 1204 514 1271 filius
538 1211 570 1270 et
588 1205 693 1270 Rufus
711 1205 802 1270 vobis
822 1227 846 1270 s.
865 1205 894 1271 d.
930 1203 1055 1270 Valete.
1157 1288 1160 1293 Ι

98 1309 168 1356 vm.
191 1291 263 1356 Kal.
285 1291 470 1359 Minturnis.

540 1487 612 1553 XV.

206 1595 263 1651 Ser.
282 1597 423 1654 Brundisii
441 1597 501 1654 XII.
519 1599 581 1654 Kal.
602 1599 734 1664 Quinctil.
754 1614 779 1654 a.
798 1616 824 1652 ιι.
843 1614 867 1653 ο.
888 1604 946 1653 707.

328 1720 483 1776 TULLIUS
502 1722 528 1777 S.
547 1722 580 1777 D.
601 1721 819 1776 TERENTIAE.

167 1813 201 1881 Si
223 1820 324 1903 vales,
355 1820 437 1886 bene
465 1826 522 1886 est.
568 1819 859 1902 Constitueramus,
890 1823 927 1884 ut
959 1819 999 1884 ad
1021 1823 1054 1884 te

99 1909 197 1969 antea
225 1909 427 1992 scripseram,
456 1909 584 1974 obviarn
611 1907 798 1974 Ciceronem
826 1904 955 1973 Caesari
982 1908 1053 1972 mit·

99 1996 181 2076 tere,
208 1995 264 2058 sed
287 1997 480 2061 mutavimus
509 1997 691 2080 eonsilium,
719 1995 794 2079 quia
822 1994 860 2060 de
886 1995 973 2059 illius
1001 1995 1054 2059 ad·

99 2084 199 2146 ventu
230 2082 312 2148 nihil
349 2084 564 2150 audiebamus.
618 2085 667 2150 De
699 2083 813 2147 ceteris
849 2080 957 2166 rebus,
994 2084 1055 2148 etsi

99 2169 182 2234 nihil
205 2175 274 2235 erat
296 2173 386 2255 novi,
412 2176 535 2257 tamen,
563 2173 639 2257 quid
666 2171 800 2237 velimus
828 2173 861 2235 et
888 2171 964 2254 quid
992 2171 1054 2237 hoc

99 2261 243 2341 tempore
262 2264 411 2343 putemus
429 2283 510 2344 opus
530 2282 608 2344 esse,
630 2282 669 2327 ex
688 2257 779 2325 Sicca
796 2259 916 2342 poteris
936 2280 1054 2345 cogno·

100 2364 197 2410 scere.
242 2345 381 2413 Tulliam
403 2348 508 2413 adhuc
530 2369 655 2414 mecum
677 2352 782 2412 teneo.
803 2424 807 2433 Ι
826 2345 1054 2424 Valetudinem

99 2437 190 2500 tuam
213 2455 288 2501 cura
312 2435 490 2522 diligenter.
536 2435 626 2502 Vale.
662 2454 720 2502 xn.
742 2432 783 2498 Κ.
806 2433 991 2510 Quinctiles.

531 2629 620 2696 XVI.

175 2738 234 2796 Scr.
251 2741 392 2797 Brundisii
410 2743 481 2812 prid.
501 2743 597 2798 Nonas
616 2743 759 2798 Ianuarias
779 2759 803 2796 a.
823 2760 850 2797 u.
871 2755 894 2794 c.
915 2744 973 2793 707.

277 2863 431 2919 TULLIUS
450 2863 660 2918 TERENTIAE
680 2864 772 2921 SUAE
792 2865 819 2920 S.
838 2865 871 2920 D.

167 2958 197 3026 S.
220 2983 249 3025 v.
271 2962 302 3025 b.
326 2982 351 3027 e.
375 2984 400 3026 e.
423 2984 452 3026 v.
498 2960 571 3028 Etsi
594 2963 750 3031 eiusmodi
772 2969 919 3050 tcmpcra
941 2968 1054 3031 nostra

99 3051 185 3133 sunt,
208 3053 245 3114 ut
267 3049 348 3114 nihil
366 3048 514 3133 habeam,
536 3051 621 3134 quod
641 3055 696 3117 aut
715 3074 734 3117 a
751 3057 783 3118 te
801 3054 982 3119 litterarum
1002 3073 1052 3117 ex·
1166 3078 1169 3083 ·

19 3158 26 3166 ·
99 3141 241 3223 spectem
264 3141 320 3202 aut
343 3139 411 3222 ipse
435 3138 475 3203 ad
497 3141 529 3203 te
548 3140 695 3225 scribam,
716 3146 826 3208 tamen
844 3141 952 3205 nescio
976 3160 1052 3223 quo·

98 3226 194 3292 modo
218 3227 341 3310 etipse
364 3228 487 3292 vestras
509 3227 634 3292 litteras
655 3232 804 3312 exspecto
829 3232 861 3291 et
884 3227 987 3291 scribo
1012 3227 1053 3290 ad

169 3433 220 3504 Ep.
241 3440 282 3500 14,
297 3439 321 3488 2.
349 3436 423 3490 aitis:
441 3433 475 3489 L.
495 3435 569 3504 (W.).
606 3452 627 3490 s.
656 3435 689 3493 L.
709 3435 803 3506 vulgo.
844 3435 896 3505 Ep.
917 3442 957 3489 16.
991 3451 1011 3489 e.
1031 3451 1051 3490 e.

98 3504 174 3574 (Ν).
210 3520 232 3560 e.
250 3503 314 3558 ΜΒ,
343 3506 497 3562 litterarum
515 3521 588 3576 exsp.
608 3506 666 3576 (M,
684 3506 789 3577 vulgo).
826 3505 875 3578 [tl
890 3505 1063 3572 c.Ern.,E.
