2370 3878
131 176 172 240 12
411 176 449 230 M.
471 175 594 230 TULLII
612 175 801 233 CICERONIS

129 321 284 386 dicturos:
307 342 415 404 quare,
438 320 513 404 quid
533 321 660 404 assequi
678 323 791 405 possis,
813 342 882 387 non
898 327 966 388 tam
989 324 1085 389 facile

129 412 179 473 est
196 409 290 472 nobis
309 430 406 492 quam
423 409 492 488 tibi,
510 409 600 473 cuius
618 431 718 493 prope
736 410 772 473 in
789 416 964 494 conspeetu
977 411 1083 497 Aegy-

128 502 204 581 ptus
227 500 284 581 est,
306 496 460 579 iudicare3
482 517 542 561 nos
561 497 689 580 quidem
711 498 773 563 hoc
799 501 964 583 sentimus,
986 501 1014 564 si
1031 521 1083 564 ex·

128 587 291 670 ploratum
313 585 373 649 tibi
401 585 443 648 sit
465 606 559 668 posse
585 589 618 649 te
644 586 731 649 illius
758 588 851 671 regni
878 588 989 671 potiri,
1016 610 1084 652 non

129 696 198 738 esse
226 673 456 754 cunctandum,
486 673 513 737 si
536 673 668 737 dubium
691 674 747 757 sit,
773 695 841 738 non
867 696 936 739 esse
965 697 1082 740 conan-

128 762 213 826 dum.
253 761 338 826 Illud
360 761 420 825 tibi
443 759 579 845 affirmo,
602 763 629 825 si
651 782 719 825 rem
741 763 838 826 istam
861 784 900 827 ex
922 765 1083 828 sententia

128 851 277 1003 ttttt
295 849 743 1002 fsslsbtsrsslb
762 872 861 1002 ur
870 852 1084 1023 estut
1148 908 1152 916 ·

127 1031 261 1111 propter
277 988 502 1110 interpositarrt
521 1026 745 1090 auctoritatem
763 1027 1014 1112 religionemque
1037 1030 1083 1092 vi·

128 1115 201 1198 deo;
224 1115 279 1179 sed
302 1135 362 1201 ego
385 1118 427 1197 te,
449 1119 487 1179 ut
509 1115 549 1178 ad
570 1118 690 1180 certam
709 1115 837 1179 laudem
856 1115 1019 1198 adhortor,
1037 1117 1083 1180 sic

128 1226 148 1267 a
161 1203 365 1268 dimicatione
384 1203 528 1267 deterreo
546 1203 704 1287 redeoque
719 1203 759 1267 ad
777 1203 866 1287 illud,
885 1204 971 1287 quod
988 1205 1081 1269 initio

128 1293 253 1374 scripsi,
279 1291 380 1356 totius
406 1290 485 1356 facti
507 1291 555 1353 tui
583 1292 735 1355 iudicium
762 1312 829 1355 non
855 1295 927 1356 tam¹
946 1313 985 1356 ex
1007 1313 1082 1357 con-

128 1379 200 1443 silio
227 1383 284 1443 tuo
312 1400 409 1462 quam
435 1399 474 1441 ex
502 1381 620 1442 eventu
651 1379 798 1442 homines
830 1401 899 1444 esse
929 1380 1082 1445 facturos.

93 1480 109 1528 o
128 1467 222 1544 Quod
245 1467 272 1531 si
293 1468 374 1531 haec
391 1466 474 1531 ratio
493 1466 539 1530 rei
558 1466 716 1550 gerendae
735 1467 914 1549 periculosa
932 1468 992 1532 tibi
1012 1489 1082 1532 esse

88 1544 91 1559 ’
128 1557 296 1638 videbitur,
318 1555 467 1640 placebat
487 1554 576 1638 illud,
598 1558 644 1637 ut,
667 1554 695 1618 si
717 1575 773 1618 rex
796 1555 907 1619 amicis
930 1556 1004 1639 tuis,
1027 1557 1082 1639 qui

48 1696 68 1721 ,,
102 1667 186 1728 per
211 1645 410 1729 provinciam
437 1646 533 1726 atque
560 1643 729 1726 imperium
758 1646 850 1707 tuum
876 1643 1028 1726 pecunias
1052 1644 1081 1707 ei

129 1734 351 1817 credidissent,
383 1732 479 1796 fidem
511 1752 602 1796 suam
632 1730 858 1815 praestitisset,
890 1735 923 1794 et
956 1732 1082 1797 auxiliis

129 1843 203 1887 eum
224 1824 288 1887 tuis
312 1826 345 1886 et
367 1822 468 1906 copiis
491 1822 670 1905 adimaros,
694 1843 765 1887 eam
778 1829 856 1887 'esse
876 1826 1026 1887 naturam
1049 1825 1083 1887 et

127 1913 293 1997 regionem
307 1911 490 1996 provinciae
508 1915 593 1995 tuae,
611 1916 648 1975 ut
665 1912 751 1976 illius
768 1911 906 1975 reditum
924 1912 975 1975 vel
993 1911 1081 1975 adiu-

128 2001 234 2065 vando
253 2001 458 2065 confirmares
476 2000 526 2064 vel
544 2001 739 2085 negligendo
752 2001 931 2083 impedires
967 1999 1007 2064 In
1020 1999 1082 2064 hac

128 2089 254 2152 ratione
277 2089 353 2172 quid
376 2110 436 2172 res,
459 2089 534 2172 quid
558 2110 663 2171 causa,
685 2088 761 2172 quid
781 2093 908 2172 tempus
930 2088 1024 2172 ferat,
1045 2092 1082 2152 tu

128 2175 279 2241 facillime
303 2176 485 2259 optimeque
509 2178 694 2260 perspicies,
722 2177 798 2259 quid
825 2177 920 2239 nobis
946 2176 1082 2258 placuis-

130 2268 191 2348 set,
224 2287 262 2329 ex
293 2287 344 2328 me
375 2264 579 2348 potissimum
609 2264 722 2348 putavi
752 2266 785 2326 te
817 2263 897 2326 scire
925 2268 1082 2347 oportere.

94 2364 110 2413 τ
129 2352 222 2428 Quod
244 2353 324 2417 mihi
346 2353 385 2416 de
403 2356 515 2416 nostro
535 2354 631 2434 statu,
654 2351 692 2415 de
706 2350 837 2415 Milonis
854 2351 1082 2439 familiaritate,

130 2442 169 2505 de
190 2442 321 2506 levitate
340 2444 373 2505 et
389 2441 608 2505 imbecillitate
627 2437 730 2504 Clodii
747 2439 929 2525 gratularis,
951 2442 1082 2506 minime

129 2530 283 2594 miramur
312 2533 345 2594 te
372 2531 438 2594 tuis
465 2533 502 2593 ut
528 2529 693 2614 egregium
725 2528 879 2594 artificem
909 2531 1082 2614 praeclaris

130 2621 279 2704 operibus
306 2618 433 2683 laetari:
467 2639 662 2703 quamquam
689 2622 738 2683 est
764 2619 960 2683 incredibilis
981 2618 1083 2684 homi-

129 2729 208 2772 num
237 2708 430 2792 perversitas
449 2743 491 2754 -
512 2707 658 2792 graviore
690 2708 776 2771 enim
807 2707 904 2772 verbo
936 2708 985 2772 uti
1015 2729 1084 2772 nou

128 2796 209 2860 libet
222 2832 278 2880 —-,
301 2797 452 2881 quinos,
480 2817 560 2880 quos
582 2795 720 2860 favendo
744 2796 779 2860 in
802 2797 964 2862 communi
987 2816 1085 2860 causa

129 2885 267 2949 retinere
289 2888 474 2969 potuerunt,
495 2884 668 2949 invidendo
688 2885 925 2967 abalienarunt3
947 2906 1084 2968 quorum

130 2974 442 3038 malevolentissimis
466 2973 753 3039 obtrectationibus
779 2995 839 3038 nos
866 2973 946 3037 scito
970 2972 1009 3036 de
1031 2994 1084 3038 vs·

129 3065 198 3126 tere
225 3063 282 3126 illa
308 3067 421 3127 nostra
452 3063 666 3146 diuturnaque
696 3060 857 3126 sententia
887 3082 988 3145 prope
1018 3060 1085 3125 iam

130 3172 200 3215 esse
222 3150 382 3235 depulsos,
403 3172 471 3216 non
489 3173 549 3215 nos
567 3151 696 3234 quidem
714 3153 751 3214 ut
768 3153 898 3214 nostrae
917 3149 1084 3234 dignitatis

131 3240 230 3303 simus
253 3239 359 3323 obliti,
387 3241 442 3304 sed
464 3243 502 3304 ut
522 3240 699 3303 habeamus
726 3238 884 3301 rationem
912 3238 1084 3321 aliquando

130 3327 228 3391 ctiam
251 3328 373 3392 salutis.
408 3327 541 3392 Poterat
563 3332 735 3409 utrumque
756 3326 928 3409 praeclare,
951 3327 978 3390 si
1001 3329 1086 3390 esset

129 3414 222 3498 fides,
254 3415 282 3480 si
309 3416 451 3502 gravitas
479 3416 515 3479 in
545 3415 731 3481 hominibus
762 3414 998 3497 consularibus3
1029 3412 1085 3479 sed

126 3505 221 3566 tanta
244 3505 351 3568 estin
369 3505 534 3589 plerisque
556 3504 681 3588 levitas,
702 3505 740 3566 ut
753 3523 817 3568 eos
839 3523 907 3568 non
924 3507 993 3566 tam
1011 3521 1086 3586 con·

382 3642 614 3864 ’Χ
