2370 3878
119 151 184 216 602
401 151 438 205 u.
458 134 581 205 ruam
599 149 787 205 ercnnoms

119 298 272 381 cuiusque
303 297 468 360 iacentem.
515 291 584 380 [VI.
613 291 722 379 1-3.)
766 293 805 358 Α.
834 293 863 358 (1.
897 310 971 361 vm.
1006 293 1080 361 Idus

118 386 246 469 Apriles
270 384 433 467 sponsalia
455 381 637 467 Crassipedi
658 382 804 466 praebui:
827 383 906 447 huic
928 385 1079 450 convivio

118 495 199 558 puer
222 473 376 556 optimus,
403 470 540 548 Quintus
567 476 642 534 tuus
664 490 831 553 meusque,
858 471 949 553 quod
979 475 1079 556 perle-

119 562 201 625 viter
223 563 401 626 commotus
424 560 540 643 fuerat,
561 558 672 623 defuit.
709 558 750 623 A.
768 559 797 623 d.
816 558 970 624 waldus
986 560 1078 646 Apri-

118 650 165 713 les
187 649 261 712 veni
283 648 324 712 ad
347 647 502 724 Quintum
529 667 663 730 eumque
690 647 756 711 vidi
778 647 875 730 plane
902 648 1078 735 integrum,

119 737 318 820 multumque
345 737 373 801 is
400 757 526 801 mecum
553 756 732 799 sermonem
760 735 876 799 habuit
903 739 937 799 et
961 739 1078 821 perhu-

119 846 250 889 manum
282 825 321 889 de
353 824 519 889 discordiis
555 824 724 888 mulierum
759 827 963 889 nostrarum:
1004 828 1078 910 quid

120 913 268 994 quaeris?
290 912 372 978 nihil
394 913 554 995 festivius3
579 910 759 994 Pomponia
781 915 890 976 autem
914 913 1019 980 etiam
1041 916 1078 979 de

92 1004 152 1065 cte
176 1005 290 1085 questa
317 1005 378 1084 est;
411 1001 466 1066 sed
494 1000 573 1064 haec
600 1021 709 1064 coram
732 1020 872 1084 agemus.
919 999 952 1064 A
977 1025 1077 1087 puero

120 1094 157 1154 ut
171 1090 311 1173 discessi,
327 1090 363 1153 in
382 1110 489 1154 aream
506 1092 597 1152 tuam
614 1089 700 1152 veni:
723 1109 774 1152 res
792 1088 952 1172 agebatur
966 1093 1078 1156 multis

120 1175 345 1260 structoribus3
385 1177 571 1262 Longilium
611 1177 845 1260 redemptorem
885 1176 1079 1245 cohortatus

121 1289 205 1349 sum3
236 1265 332 1331 fidem
362 1265 442 1330 mihi
470 1265 610 1330 faciebat
641 1286 675 1329 sc
706 1265 787 1330 velle
813 1265 908 1329 nobis
939 1267 1079 1351 plaeere.

120 1355 244 1420 Domus
267 1354 329 1418 erit
350 1353 494 1439 egregia,
516 1353 620 1439 magis
643 1352 729 1454 enim
750 1353 836 1417 cerni
854 1353 921 1418 iam
937 1359 1080 1442 poterat,

119 1465 232 1594 tet
250 1441 1079 1618 allambebat..¹¹¹l¹00²ll¹⁰lasttlll

121 1616 355 1700 Crassipedem3
382 1620 535 1681 coenatus
562 1618 597 1680 in
619 1617 732 1682 hortos
755 1617 796 1681 ad
818 1616 1014 1702 Pompeium
1036 1623 1079 1686 le-

121 1705 203 1769 ctica
229 1705 313 1770 latus
342 1727 421 1770 sum.
467 1705 546 1769 Luci
574 1725 647 1769 eum
675 1706 844 1770 convenire
873 1728 941 1771 non
964 1713 1078 1792 potue·

120 1815 203 1878 ram,
235 1793 320 1878 quod
352 1794 490 1877 afuerat3
521 1793 628 1858 videre
656 1797 764 1858 autem
784 1794 957 1877 ·volebam,
993 1799 1079 1882 quod

121 1903 209 1946 eram
231 1882 384 1967 postridie
407 1882 513 1947 Roma
535 1882 677 1946 exiturus
700 1885 734 1945 et
757 1882 842 1966 quod
865 1882 919 1946 ille
943 1884 982 1948 in
1007 1883 1078 1952 Sar·

121 1970 242 2036 diniam
268 1970 330 2035 iter
356 1970 505 2035 habebat.
550 1969 723 2034 Hominem
751 1971 888 2035 conveni
917 1975 950 2035 et
975 1974 1018 2038 ab
1042 1996 1078 2040 eo

120 2059 230 2143 petivi,
250 2061 289 2122 ut
311 2080 407 2142 quesn
429 2059 568 2142 primum
590 2061 624 2122 te
645 2057 740 2124 nobis
758 2059 913 2124 redderet.
950 2057 1078 2144 Statim,

122 2147 214 2230 dixit,
245 2149 315 2211 erat
342 2150 449 2211 autem
476 2147 594 2230 iturus,
626 2150 664 2211 ut
690 2146 810 2230 aiebat,
842 2169 870 2212 a.
898 2147 927 2211 d.
955 2165 1005 2214 111.
1032 2150 1078 2215 Id.

121 2235 233 2318 April,
254 2239 292 2299 ut
314 2239 371 2300 aut
393 2235 540 2300 Labrone
564 2238 621 2299 aut
638 2233 721 2299 Pisis
745 2236 983 2301 conscenderet.
1021 2239 1078 2324 Tu,

121 2323 166 2385 mi
188 2323 301 2406 frater,
325 2324 420 2388 simul
443 2327 476 2387 et
497 2323 551 2388 ille
574 2323 709 2406 venerit,
736 2324 874 2407 primam
895 2325 1077 2411 navigatio-

122 2431 210 2494 nem,
237 2410 409 2477 dummodo
437 2411 554 2476 idonea
575 2415 750 2495 tempestas
773 2413 829 2496 sit,
856 2434 899 2477 ne
921 2415 1077 2480 omiseris.

96 2494 223 2585 ewra]
260 2496 299 2563 A.
323 2498 352 2563 d.
374 2517 419 2563 vr.
445 2499 522 2563 Idus
545 2497 648 2583 April.
670 2503 744 2565 ante
771 2502 875 2566 lucem
902 2501 991 2567 hauc
1013 2504 1077 2587 cpi-

123 2588 240 2652 stolam
263 2586 447 2671 conscripsi.
491 2584 679 2674 eramque]
703 2589 739 2652 in
758 2589 881 2672 itinere,
904 2593 1004 2656 uteo
1029 2593 1077 2656 die

81 2721 86 2729 -
123 2676 209 2760 apud
236 2674 272 2740 Τ.
300 2675 421 2740 Titium
448 2674 484 2739 in
510 2674 686 2759 Anagnino
714 2698 890 2760 manercm3
921 2681 1077 2761 postridie

123 2767 231 2828 autem
258 2763 294 2827 in
316 2762 445 2827 Laterio
474 2763 670 2848 cogitabam,
691 2765 779 2847 inde,
802 2787 902 2848 quum
924 2767 960 2829 in
982 2766 1077 2852 Arpi·

122 2852 191 2914 nati
214 2851 354 2935 quinque
378 2851 445 2916 dies
467 2851 613 2936 fuissem,
636 2853 681 2916 ire
704 2853 738 2916 in
759 2852 1009 2939 Pompeianum,
1031 2878 1076 2920 re-

123 2938 214 3003 diens
245 2939 386 3022 aspicere
415 2938 608 3024 Cumanum,
639 2944 689 3024 ut,
720 2941 874 3024 quoniam
904 2942 940 3006 in
967 2948 1077 3008 Nonas

122 3026 225 3092 Maias
244 3026 359 3092 Miloni
377 3028 445 3093 dies
463 3028 609 3113 prodicta
628 3032 685 3112 est,
706 3029 808 3112 pridie
822 3028 935 3094 Nonas
954 3030 1077 3096 Romae

192 3203 244 3272 Ep.
264 3209 288 3269 5,
304 3209 328 3270 2,
364 3204 502 3259 iacentem.
538 3203 575 3258 A.
594 3204 619 3259 d.
651 3203 744 3258 VIII.
769 3203 844 3273 (W.).
885 3205 904 3258 ί.
936 3204 1080 3262 Exiturus

122 3291 148 3327 a.
167 3274 193 3328 d.
215 3273 308 3328 VIII.
327 3273 499 3342 Mommsen,
513 3273 542 3327 Β.
580 3279 604 3327 3.
624 3275 745 3329 simulet
761 3275 807 3330 illc
826 3274 896 3343 (Ml,
910 3275 964 3344 u).
996 3279 1080 3333 sileat

121 3349 154 3398 at
171 3345 191 3397 a'.
215 3343 284 3412 (Ma,
302 3343 404 3411 Land,
423 3351 439 3397 2
459 3343 540 3412 Oxx„
559 3343 620 3412 B.)?
662 3349 686 3398 4.
712 3344 869 3413 corescripse'.
912 3345 1079 3419 Erom[qee]

121 3415 154 3469 ia
177 3413 252 3483 (W.).
298 3415 560 3483 cormeripscramqac
577 3415 609 3468 a'a
631 3414 694 3482 Ml,
713 3416 733 3469 Ι.
779 3416 945 3472 dictaveram
967 3421 1081 3488 scripse-

119 3484 282 3558 remquam
299 3483 358 3554 Ma,
376 3485 409 3540 a.
446 3485 604 3556 ccasuipee',
621 3501 745 3556 moreque
762 3487 795 3541 ta
812 3485 842 3540 B.
