2370 3878
389 196 647 253 EPISTOLARUM
665 197 698 252 X.
718 203 760 252 33.
988 196 1051 260 341

99 343 241 407 hibernis
273 344 478 427 collocaram3
513 344 561 407 ita
592 364 688 427 porro
720 342 887 406 festinavit
918 345 1052 425 uterque

99 431 280 516 confligere,
302 436 467 515 tamquam
489 431 571 495 nihil
594 431 685 514 peius
708 430 868 514 timerent,
891 452 988 513 quam
1011 451 1052 493 ne

99 520 166 584 siue
189 520 328 584 maximo
351 520 398 584 rei
420 519 568 603 publicae
596 518 787 583 detrimento
814 518 900 583 bello
924 540 1051 602 compo·

96 611 240 692 meretur,
263 608 328 692 sed,
350 608 378 672 si
400 606 638 691 properandum
656 607 728 691 fuit,
749 607 832 672 nihil
850 628 917 671 non
936 606 1052 670 summi

97 696 187 760 ducis
210 697 344 761 consilio
373 696 510 780 gessisse
532 694 675 759 Hirtium
702 695 804 760 rideo.
848 694 945 760 Nune
972 695 1088 759 haece

96 783 176 847 mihi
208 784 393 849 scribuntur
429 805 467 847 ex
499 782 603 847 Gallia
634 782 747 866 Lepidi
783 787 816 847 et
846 784 1051 848 nuntiantur:

95 870 221 936 Pansae
249 873 424 936 exercitum
451 873 615 936 concisum
642 892 725 953 esse3
751 870 891 935 Pansam
919 893 957 935 ex
984 873 1051 936 vul-

96 961 227 1024 neribus
246 964 422 1042 mortuum3
446 959 557 1024 eodem
575 959 697 1043 proelio
718 958 870 1023 Martiam
891 960 1052 1044 legionem

97 1048 245 1112 interisse
277 1053 310 1112 st
341 1047 377 1111 L.
404 1047 564 1111 Fabatum
596 1051 629 1111 et
656 1044 690 1111 O.
720 1046 922 1111 Peducaeum
954 1053 986 1110 et
1012 1047 1052 1111 D.

97 1133 320 1220 Carfulenum,
345 1135 476 1200 Hirtino
490 1139 612 1199 'autem
634 1135 756 1218 proelio
780 1139 812 1199 et
840 1138 987 1218 quartam
1009 1136 1052 1198 le-

98 1225 227 1308 gionem
260 1228 293 1288 et
325 1245 437 1288 omnes
468 1245 626 1308 peraeque
658 1222 795 1289 Antonii
822 1245 944 1307 caesas,
975 1224 1053 1287 item

97 1311 210 1394 Hirtii;
233 1315 382 1395 quartam
404 1333 493 1396 vero,
517 1335 614 1396 quum
638 1315 743 1376 castra
766 1333 893 1396 quoque
915 1310 1052 1376 Antonii

98 1399 248 1483 cepisset,
277 1422 297 1463 a
324 1401 436 1483 quinta
462 1401 589 1486 legione
612 1400 773 1465 concisam
801 1423 884 1483 esse3
910 1400 956 1465 ibi
978 1398 1052 1463 Hir-

97 1487 180 1550 tium
195 1509 321 1571 quoque
338 1489 459 1572 perisse
478 1493 511 1553 et
523 1488 676 1553 Pontium
690 1488 855 1572 Aquilam,
878 1488 941 1553 dici
955 1489 1052 1552 etiam

99 1573 310 1640 Octavianum
342 1577 491 1642 cecidisse
515 1614 556 1624 —
581 1599 662 1661 quae
694 1578 735 1661 si,
766 1578 851 1661 quod
880 1577 912 1641 di
943 1578 1051 1661 prohi-

98 1664 209 1728 beant!
233 1686 308 1729 vera
332 1671 416 1749 sunt,
437 1688 505 1731 non
528 1666 731 1731 mediocriter
753 1666 846 1731 doleo
869 1689 927 1750 -3
949 1665 1051 1730 Anto-

97 1752 187 1815 nium
213 1754 351 1836 turpiter
378 1753 523 1819 Mutinae
547 1755 766 1819 obsessionem
788 1755 967 1837 reliquisse,
997 1753 1053 1817 sed

97 1839 215 1903 habere
244 1842 387 1924 equitum
421 1858 445 1899 ν.
459 1860 497 1906 n,
519 1843 664 1926 legiones
692 1842 752 1904 sub
780 1843 882 1926 signis
912 1845 1053 1905 armatas

98 1931 164 1990 tres
192 1932 225 1990 et
250 1927 286 1991 P.
313 1927 475 2012 Bagienni
503 1950 616 2012 unam,
646 1930 785 1992 inermes
811 1931 893 1993 bene
920 1930 1053 2012 mult0s3

98 2013 288 2078 Ventidium
311 2037 437 2100 quoque
461 2038 494 2080 se
517 2038 590 2081 oum
611 2017 740 2100 legione
762 2029 834 2094 vn,
855 2031 940 2095 vna,
963 2030 1051 2079 v1111.

99 2103 316 2186 coniunxisse3
344 2104 371 2167 si
397 2104 478 2168 nihil
505 2105 541 2168 in
563 2104 685 2189 Lepido
709 2104 777 2188 spei
800 2104 856 2188 sit,
885 2103 1052 2170 descensu·

98 2213 170 2254 rum
194 2191 234 2254 ad
259 2195 399 2256 extrema
422 2197 455 2256 et
476 2215 544 2258 nou
566 2193 662 2258 modo
686 2193 848 2276 nationes,
877 2193 1053 2258 sedetiam

98 2279 228 2344 servitia
251 2281 500 2366 concitaturum,
521 2280 671 2346 Parmam
694 2281 864 2366 direptam,
891 2281 926 2345 L.
949 2282 1052 2348 Anto·

97 2368 187 2431 nium
210 2367 310 2452 Alpes
334 2391 515 2454 occupasse.
565 2369 653 2446 Quae
676 2371 704 2434 si
726 2391 801 2434 vera
825 2377 909 2455 sunt,
931 2373 1053 2436 nemini
1072 2384 1088 2434 5

96 2460 245 2520 nostrum
268 2458 458 2523 cessandum
477 2463 603 2524 estnec
621 2459 879 2543 exspectandum,
902 2461 978 2543 quid
1002 2461 1053 2522 de-

61 2626 63 2630 ,
98 2548 209 2608 cernat
232 2550 376 2631 senatus3
398 2569 449 2612 res
473 2548 559 2612 enim
582 2548 670 2633 cogit
692 2547 767 2612 huic
787 2551 880 2612 tauto
903 2548 1052 2611 incendio

97 2653 280 2698 succurrere
313 2657 437 2719 ornnes,
470 2637 525 2720 qui
556 2640 613 2701 aut
643 2637 814 2720 imperium
846 2639 903 2699 aut
933 2656 1054 2699 nomen

97 2721 234 2804 denique
260 2724 373 2807 populi
399 2724 539 2788 Romani
566 2725 691 2789 salvum
718 2725 833 2789 volunt
859 2744 941 2808 esse3
973 2723 1053 2787 Bru-

96 2811 166 2871 tum
195 2811 281 2874 enim
312 2812 462 2876 cohortes
490 2827 575 2873 nvn.
603 2816 636 2875 et
663 2813 743 2876 duas
774 2834 842 2876 uon
869 2812 1053 2896 frequentes

96 2897 238 2961 tironum
261 2899 419 2984 legiones,
443 2921 523 2983 quas
546 2900 780 2983 conscripserat
802 2899 975 2986 Antonius,
996 2901 1053 2966 ha-

95 2984 171 3048 bere
195 2987 304 3069 audio,
331 3008 435 3071 neque
462 2992 572 3052 tamen
595 2989 721 3072 dubito,
749 2989 827 3072 quin
851 3011 975 3073 omnes,
998 2991 1053 3072 qui

96 3074 258 3156 supersint
281 3075 320 3138 de
338 3075 438 3140 Hirtii
456 3077 606 3161 exercitu,
625 3077 790 3142 confluant
808 3076 848 3140 ad
868 3099 954 3161 eum3
977 3097 1052 3140 nam

94 3160 130 3223 in
154 3160 278 3227 delectu
301 3185 369 3228 non
396 3166 533 3229 multum
561 3166 629 3249 spei
651 3169 731 3249 puto
755 3187 838 3248 esse,
863 3165 1053 3249 praesertim

95 3271 194 3332 quum
226 3251 308 3315 nihil
341 3253 383 3316 sit
409 3254 619 3336 periculosius
647 3275 743 3337 quam
772 3253 912 3336 spatium
939 3252 1052 3315 confir·

164 3459 215 3528 Ep.
236 3466 278 3528 33,
293 3466 318 3514 4.
345 3464 370 3514 et
387 3465 514 3530 quartum
529 3461 545 3516 l.
563 3461 629 3532 (Ml.
667 3467 692 3519 et
706 3461 855 3518 recaredum
865 3460 889 3515 t.
900 3459 1061 3528 §ideam

88 3557 124 3566 -
143 3534 161 3592 7²
181 3530 260 3595 VII,
288 3529 390 3600 VIII„
417 3532 535 3589 VIIII.
558 3534 676 3607 (Manat
