2370 3878
136 127 198 189 162
416 126 452 178 Μ.
473 126 596 180 TULLII
615 125 804 182 CICERONIS

134 271 236 354 queis
255 270 367 352 exitus,
387 291 481 352 quem
495 270 545 333 vir
562 271 839 356 prudentissimus,
857 272 900 337 M.
914 272 1089 363 Antonius,

132 360 198 423 iam
225 361 294 422 tum
321 358 469 441 timebat,
501 380 599 440 quum
631 361 758 423 tanturn
785 360 906 425 instare
929 366 1089 431 malorum

133 446 365 530 suspicabatur,
387 446 504 509 misere
527 449 576 510 est
597 446 654 509 illa
673 447 800 530 quidem
820 451 1010 537 consolatio,
1032 455 1088 519 tali

132 535 322 618 praesertim
344 534 406 597 eivi
429 537 462 598 et
484 534 562 616 viro,
585 534 640 597 sed
661 537 770 598 temen
793 539 984 624 necessaria,
1007 542 1088 606 nihil

133 645 201 687 esse
224 622 394 706 praecipue
422 622 571 704 cuiquam
594 622 766 687 dolendum
789 625 824 687 in
847 646 898 710 eo,
927 629 1014 710 quod
1038 651 1088 694 ae-

96 724 112 803 e
133 711 218 775 uidet
241 710 406 775 universis
443 708 602 784 Quaevis
625 714 703 774 msit
724 733 759 775 m
782 712 963 796 hispaueis
982 718 1086 782 verbis

133 800 283 882 —plura
307 799 392 862 enim
415 798 645 862 committenda
663 799 817 882 epistolae
836 823 904 865 non
927 809 1022 868 erant
1036 843 1086 890 -,

133 887 159 949 si
183 887 342 970 attendes,
369 886 455 969 quod
482 886 576 969 facis,
602 887 747 969 profecto
776 889 873 952 etiam
905 891 975 955 sine
1008 895 1085 958 meis

131 975 246 1039 Iltteris
277 975 438 1059 intelliges
469 977 502 1038 te
535 975 655 1057 aliquid
685 975 817 1060 habere,
851 979 937 1059 quod
970 1001 1085 1065 speres,

131 1064 226 1148 nihil,
253 1064 339 1147 quod
367 1067 423 1128 aut
449 1063 511 1127 hoe
535 1066 591 1127 aut
614 1063 721 1146 aliquo
748 1065 795 1128 rei
821 1066 971 1149 publicae
1000 1072 1085 1133 statu

131 1152 258 1234 timeas3
286 1152 395 1216 omnia
423 1151 450 1214 si
477 1151 671 1234 interierint,
698 1173 796 1234 quum
825 1149 1032 1236 superstitem
1054 1161 1085 1221 te

131 1262 200 1304 esse
227 1241 273 1303 rei
301 1240 447 1323 publicae
470 1260 511 1302 ne
535 1240 562 1302 si
589 1240 684 1303 liceat
711 1241 839 1323 quidem
861 1242 954 1326 velis,
983 1243 1085 1309 feren·

132 1327 205 1389 dam
229 1349 296 1390 esse
319 1327 493 1409 fortunam,
516 1328 704 1409 praesertim
727 1350 808 1411 quae
832 1328 917 1393 absit
939 1352 959 1393 a
983 1334 1084 1417 eulpa.

131 1413 193 1478 Sed
215 1415 295 1478 haee
321 1414 490 1478 haetenus:
522 1418 559 1478 tu
586 1416 682 1479 velim
705 1416 825 1480 scribas
849 1417 889 1480 ad
911 1440 979 1503 me,
1010 1420 1084 1503 quid

131 1523 208 1586 agas
241 1506 273 1566 et
305 1502 360 1565 ubi
383 1502 510 1566 futurus
539 1503 595 1586 sis,
627 1507 664 1567 ut
691 1506 747 1567 aut
774 1526 838 1589 quo
867 1505 1007 1570 scribam
1029 1512 1084 1572 aut

131 1612 194 1673 quo
218 1591 345 1655 veniam
368 1590 447 1654 seire
470 1591 600 1673 possim.

574 1781 633 1849 111.

407 1896 463 1951 Ser⁴
482 1896 587 1950 Romae
607 1911 631 1950 a.
650 1913 676 1949 u.
696 1912 719 1950 e.
740 1902 799 1951 709.

263 1999 266 2003 ’
322 2019 359 2075 u.
379 2020 507 2075 sienae
528 2020 553 2074 s.
573 2019 605 2073 Ι).
624 2020 657 2072 A.
677 2018 882 2083 mmmm.

93 2131 108 2177 1
194 2117 418 2202 Superioribus
432 2120 547 2183 litteris
561 2119 785 2183 benevolentia
799 2119 902 2203 magis
917 2119 1082 2204 adductus,

129 2229 225 2290 quam
257 2228 320 2290 quo
352 2228 403 2270 res
430 2207 476 2269 ita
507 2206 698 2289 postularet,
731 2206 778 2270 fui
805 2206 946 2291 longior,
978 2229 1082 2293 neque

128 2296 214 2357 enim
237 2294 478 2359 confirmatione
501 2297 613 2359 nostra
636 2295 752 2378 egebat
774 2295 875 2358 virtus
898 2298 956 2359 tua
978 2317 1082 2380 neque

128 2387 197 2446 erat
219 2404 257 2446 ea
279 2404 350 2445 mea
374 2403 470 2446 eausa
494 2384 589 2464 atque
611 2382 755 2466 fortuna,
778 2386 828 2465 ut,
856 2383 908 2447 eui
929 2384 993 2467 ipsi
1016 2406 1082 2449 om-

92 2482 108 2529 2
127 2471 182 2534 nia
205 2472 361 2554 deessent,
384 2471 519 2534 alterum
543 2470 773 2535 confirmarem.
809 2469 881 2535 Hoc
903 2471 982 2536 item
1002 2475 1082 2537 tem-

128 2581 205 2642 pore
229 2560 355 2624 brevior
379 2580 447 2622 esse
471 2559 584 2640 debe03
607 2559 673 2622 sive
697 2559 783 2622 enim
800 2558 888 2622 'nihil
906 2562 977 2623 tum
1000 2582 1081 2645 opus

127 2649 190 2711 luit
212 2651 280 2712 tam
302 2647 412 2711 multis
435 2647 549 2730 verbis,
572 2646 797 2732 nihilomagis
817 2668 1005 2730 nuncopus
1025 2653 1083 2732 est,

128 2736 194 2799 sive
212 2740 282 2799 tum
301 2757 382 2819 epus
400 2735 471 2818 fuit,
494 2735 573 2800 illud
597 2735 674 2798 setis
694 2738 751 2819 est,
773 2735 963 2819 praesertim
983 2757 1083 2819 quum

128 2824 297 2887 accesserit
328 2823 410 2887 nihil
441 2824 530 2888 novi:
567 2845 656 2906 nam,
693 2824 753 2887 etsi
785 2822 927 2907 quotidie
960 2823 1083 2908 aliquid

128 2911 274 2976 audimus
293 2933 403 2976 earum
420 2933 536 2995 rerum,
559 2933 638 2994 quas
658 2911 699 2975 ad
721 2914 753 2975 te
772 2910 906 2994 perferri
925 2911 1083 2997 existimo,

128 3020 253 3063 summa
274 3003 384 3064 temen
404 3001 515 3065 eadem
538 3002 637 3064 estet
659 2999 744 3062 idem
763 3000 878 3082 exitus3
901 3020 997 3082 quem
1021 3021 1082 3086 ego

126 3091 194 3154 tam
216 3088 308 3153 video
333 3089 454 3172 animo,
478 3109 574 3170 quam
597 3108 648 3170 ea,
675 3109 756 3169 quae
785 3087 885 3152 oculis
912 3088 1083 3172 cernimus,

126 3198 186 3240 nee
209 3199 284 3241 vero
308 3177 482 3261 quidquam
504 3176 607 3259 vide0,
630 3175 715 3258 quod
734 3197 802 3240 non
819 3177 905 3240 idem
922 3178 955 3239 te
973 3175 1083 3240 videre

126 3269 214 3330 eerto
230 3266 308 3349 seio,
326 3287 411 3349 nam,
425 3264 494 3348 etsi,
513 3284 605 3348 quem
620 3263 739 3327 exitum
758 3264 842 3328 acies
860 3262 1013 3328 habitura
1032 3265 1084 3350 sit,

197 3456 248 3525 Ep.
268 3463 293 3525 3,
308 3463 332 3510 2.
370 3461 440 3511 certo
457 3456 594 3525 selom).
631 3471 653 3510 e.
671 3456 756 3510 seiam
773 3454 813 3524 Ia,
832 3454 863 3509 B.
