2370 3878
351 174 610 230 EPISTOLARUM
629 174 702 228 XIII.
722 180 746 228 ὅ.
767 180 814 228 tn.
991 173 1055 235 421

95 318 133 385 id
160 318 195 385 O.
222 317 326 385 Curtii
359 339 456 384 causa
488 341 586 402 quum
613 318 741 401 feceris,
770 317 944 399 existimes,
971 318 1057 401 quod

96 410 154 473 ille
177 429 235 492 per
257 429 308 472 mc
331 407 490 491 habuerit,
511 406 545 470 id
568 428 618 470 me
641 406 759 471 habere
782 405 840 470 abs
858 409 899 471 te.
934 403 1006 470 Hoc
1024 408 1057 469 te

97 497 308 561 uehementer
331 495 428 560 etiam
452 498 547 578 atque
570 495 669 559 etiam
689 515 780 579 rogo.

533 687 620 752 Vla.

175 822 186 842 ·
255 799 313 855 Sor.
332 800 438 854 Romae
458 815 482 853 a.
501 818 527 853 u.
547 817 570 853 c.
590 805 642 854 698
661 800 737 868 (post
754 815 790 851 m.
810 796 907 867 Sept).

170 924 209 979 Μ.
230 922 358 978 CICERO
378 923 409 989 Q.
428 923 589 977 VALERIO
608 922 640 988 Q.
658 922 689 975 F.
709 919 826 975 ORCAE
845 919 992 976 PROCOS.

169 1021 200 1087 S.
218 1044 248 1087 v.
265 1023 296 1086 b.
315 1043 342 1086 e.
360 1043 386 1086 e.
405 1045 435 1086 v·
471 1019 574 1086 Credo
592 1024 625 1085 te
648 1022 803 1085 memoria
821 1024 930 1084 tenere
950 1041 1001 1083 mo
1025 1024 1058 1084 et
1077 1029 1091 1078 1

101 1132 212 1176 coram
229 1109 264 1174 P.
279 1107 397 1194 Cuspio
421 1113 528 1173 tecum
546 1111 690 1173 locutum
708 1131 786 1193 csse,
809 1130 908 1192 quum
930 1112 963 1171 te
986 1130 1058 1191 pro-

101 1219 252 1282 sequerer
273 1198 472 1282 paludatum,
495 1197 628 1261 etitem
650 1201 764 1280 postea
782 1197 929 1280 pluribus
953 1196 1058 1260 verbis

101 1292 209 1351 tecum
232 1287 345 1370 egisse,
367 1289 412 1369 ut,
435 1306 651 1368 quoscumque
678 1286 739 1349 tibi
765 1285 832 1348 eius
861 1285 1059 1349 necessarios

103 1374 370 1457 commendarem,
392 1374 527 1438 haberes
551 1396 605 1438 eos
628 1374 663 1437 in
681 1395 815 1438 numero
836 1395 981 1437 meorum
1004 1394 1057 1436 ne·

103 1463 326 1533 cessariomm:
356 1462 389 1525 id
416 1465 452 1525 tu
480 1484 538 1545 pro
561 1466 619 1526 tua
642 1484 767 1526 summa
790 1482 867 1546 erga
890 1483 941 1525 me
963 1461 1058 1525 bene·

103 1552 246 1616 volentia
268 1554 486 1635 perpetuaque
509 1551 714 1614 observantia
734 1551 814 1614 mihi
836 1549 1058 1614 liberalissime

104 1642 201 1722 atque
232 1639 462 1703 humanissime
496 1639 653 1722 recepisti.
708 1636 858 1722 Cuspius,
894 1637 992 1702 homo
1024 1638 1093 1701 ina

104 1747 216 1792 omnes
231 1747 306 1792 suos
321 1726 582 1810 officiosissimus,
595 1727 727 1792 mirifice
740 1727 896 1809 quosdam
910 1725 1058 1790 homines
1118 1762 1126 1771 -

104 1837 143 1879 ex
165 1815 229 1879 ista
251 1814 417 1898 provincia
438 1817 546 1878 tuetur
574 1819 607 1878 et
629 1815 736 1898 diligit
761 1817 950 1897 propterea,·
973 1812 1059 1895 quod

103 1903 167 1967 fuit
189 1903 223 1966 iu
237 1901 349 1966 Africa
372 1902 431 1986 bis,
453 1924 551 1985 quum
572 1902 720 1965 maximis
739 1901 901 1965 societatis
919 1900 1059 1984 negotiis

103 1994 280 2075 praeesset3
311 1991 419 2073 itaque
446 1990 508 2054 hoc
536 1990 604 2053 eius
632 1989 787 2070 officium,
816 1988 902 2071 quod
930 1987 1058 2051 adhibe·
1173 2044 1177 2049 .

103 2084 158 2143 tur
185 2099 262 2163 erga
288 2079 375 2161 illos,
401 2099 462 2162 ego
489 2099 561 2142 mea
587 2078 741 2142 facultate
770 2079 802 2140 et
831 2076 936 2161 gratia
963 2076 1059 2159 solc0,

104 2171 262 2250 quantum
280 2188 421 2250 possum,
439 2166 603 2249 adiuvar03
626 2187 724 2250 quare
738 2162 975 2247 Cuspianorum
993 2186 1058 2228 orn·

103 2255 196 2318 nium
219 2254 506 2319 commendationis
530 2275 659 2319 causam
681 2254 743 2317 hac
765 2253 826 2317 tibi
849 2253 985 2336 epistola
1008 2273 1058 2316 ex·

102 2342 289 2427 ponendam
311 2342 436 2426 putavi,
462 2342 593 2425 reliquis
621 2342 765 2426 epistolis
787 2345 916 2405 tantum
942 2340 1060 2405 faciam

103 2435 142 2496 ut
160 2434 272 2496 notam
291 2452 453 2514 apponam
472 2452 551 2514 eam,
574 2452 655 2514 quae
674 2430 752 2493 mihi
771 2433 878 2495 tecum
901 2429 1060 2510 convenit,

104 2522 138 2582 et
160 2519 255 2582 simul
285 2519 463 2603 significem
490 2518 529 2582 de
556 2540 690 2583 numero
718 2539 786 2582 esse
810 2515 921 2599 Cuspii
943 2517 1058 2579 amico-

103 2628 190 2689 rum3
213 2606 269 2670 sed
291 2607 376 2671 hanc
399 2607 723 2690 commendationem,
750 2628 847 2690 quam
869 2605 920 2667 his
944 2603 1059 2666 litteris
1079 2616 1095 2664 3

104 2695 297 2779 consignare
319 2696 420 2780 volui,
448 2696 528 2759 scito
556 2717 625 2759 esse
654 2695 797 2759 omnium
824 2690 1060 2777 gravissimam:

103 2802 182 2847 narn
209 2783 243 2846 P.
272 2780 409 2869 Cuspius
438 2784 594 2868 singulari
627 2783 732 2846 studio
761 2779 927 2846 contendit
954 2800 974 2842 a
1000 2800 1061 2864 me,

103 2874 142 2935 ut
168 2870 228 2934 tibi
257 2893 353 2954 quam
381 2871 626 2955 diligentissime
654 2869 690 2933 L.
712 2869 830 2934 Iulium
858 2867 1060 2933 commenda·

65 3001 71 3012 ·
103 2980 181 3023 rem.
226 2957 306 3023 Eius
334 2979 394 3043 ego
423 2958 529 3023 studio
556 2959 609 3022 vix
631 2957 742 3023 videor
768 2958 847 3023 mihi
875 2957 1060 3022 satisfacere

102 3068 208 3132 posse,
228 3047 255 3110 si
273 3051 346 3111 utar
364 3047 470 3111 verbis
488 3046 537 3130 iis,
555 3047 680 3130 quibus,
699 3068 797 3130 quum
815 3045 1060 3130 diligentissime

104 3135 181 3218 quid
205 3136 344 3220 agimus,
370 3136 419 3199 uti
442 3136 594 3218 solemus,
621 3156 706 3199 nova
733 3135 889 3219 quaedam
916 3131 1061 3217 postulat

104 3227 137 3287 et
155 3227 249 3308 putat
267 3245 318 3288 mc
337 3224 404 3288 eius
423 3223 550 3309 generis
570 3223 740 3288 artificium
758 3221 919 3306 quoddam
937 3222 1059 3284 tenere:

58 3440 62 3445 '
174 3432 226 3503 Ep.
246 3440 304 3488 da.
324 3440 348 3487 2.
385 3434 529 3488 adhibetor
547 3449 612 3503 erqo
631 3432 696 3498 (Ν).
737 3430 916 3498 adlribeturoa
934 3427 971 3482 M.
1012 3427 1060 3481 ad-

102 3502 175 3558 tibet
192 3520 257 3573 erqo
275 3503 316 3570 V,
335 3503 366 3558 B.
387 3535 420 3543 —
436 3505 542 3571 faciam
560 3509 592 3560 ot
611 3503 687 3573 (W).
724 3501 756 3571 f,
772 3505 805 3556 at
820 3499 921 3573 uulgo.
