2370 3878
176 164 241 228 482
459 164 496 218 Μ.
516 164 639 219 TULLII
658 163 850 221 CICERONIS

176 274 248 372 est..
266 307 424 372 Tulliolae
439 312 472 370 et
486 305 633 372 Ciceroni
648 310 784 373 salutem
798 311 858 375 dic.
890 311 1021 379 Valete.
1054 315 1096 383 D.
1114 340 1141 381 a.

141 396 204 459 cd.
228 413 272 470 vr,
295 395 333 458 Κ.
357 393 523 460 Decembr.
541 394 752 479 Dyrrhachio.
789 397 1034 482 Dyrrhachium
1058 406 1140 488 veni,

175 483 260 567 quor]
293 486 325 546 et
356 483 458 546 libera
490 483 603 547 civitas
635 488 685 548 est
716 489 749 548 et
779 487 814 550 in
846 509 897 551 me
928 489 1082 556 officiosa
1109 498 1140 556 et

174 571 320 655 proxima
343 568 469 652 Italiae3
492 570 557 655 sed,
581 572 608 637 si
632 571 772 637 offendet
794 597 844 638 me
867 577 931 642 loci
954 579 1139 664 celebritas,

175 659 237 724 alio
261 679 312 722 me
336 658 510 743 conferam,
532 660 553 737 †
572 660 613 724 ad
636 665 668 724 te
692 661 838 726 scribam.

628 852 670 918 11.

236 965 292 1019 Sor.
313 965 528 1020 Thessalonicae
547 981 571 1018 a.
591 966 616 1018 d.
636 965 683 1020 ΙΙΙ.
703 966 774 1021 Non.
794 967 853 1022 Oct.
873 985 897 1022 a.
917 988 944 1023 u.
964 987 988 1023 c.
1009 977 1071 1027 696.

190 1088 346 1144 TULLIUS
379 1087 405 1143 S.
434 1088 467 1143 D.
501 1088 712 1143 TERENTIAE
744 1089 792 1144 ET
825 1090 1032 1149 TULLIOLAE
1066 1095 1117 1151 ΕΤ

512 1159 683 1215 CICERONI
702 1159 787 1215 SUIS.

138 1275 152 1323 1
238 1258 314 1324 Noli
337 1264 451 1342 putare
474 1281 525 1324 me
549 1259 589 1324 ad
612 1281 805 1345 quemquam
827 1261 990 1346 longiores
1012 1265 1131 1348 episto-

171 1351 219 1413 las
244 1347 393 1429 scribere,
415 1348 478 1411 nisi
502 1348 623 1431 siquis
650 1348 690 1412 ad
713 1370 765 1412 me
787 1350 881 1432 plura
908 1351 1050 1438 scripsit,
1080 1355 1130 1418 eui

172 1441 251 1520 puto
275 1435 407 1499 rescribi
431 1440 591 1519 oportere3
614 1457 673 1500 nec
696 1437 782 1499 enim
804 1437 918 1521 habeo,
940 1441 1028 1522 quod
1052 1443 1128 1507 scri-

171 1526 259 1605 bam,
290 1544 349 1587 nec
380 1522 442 1587 hoc
470 1528 614 1608 tempore
642 1523 815 1609 quidquam
844 1525 1006 1591 difficilius
1032 1530 1130 1607 facio,

171 1612 223 1675 Ad
246 1615 278 1674 te
301 1632 376 1675 vero
396 1615 429 1674 et
447 1613 488 1676 ad
506 1616 651 1676 nostram
671 1612 842 1678 Tulliolam
860 1635 928 1679 non
951 1637 1033 1698 queo
1059 1619 1129 1683 sine

170 1699 316 1784 plurimis
340 1699 479 1764 lacrimis
504 1701 654 1783 scribere3
676 1722 735 1765 vos
758 1701 845 1765 enim
862 1701 955 1767 video
975 1725 1045 1768 esse
1070 1706 1128 1769 mi-

172 1788 333 1872 serrimas,
362 1809 440 1872 quas
469 1790 529 1874 ego
557 1789 760 1854 beatissimas
788 1804 914 1873 semper
941 1811 1011 1855 esse
1039 1794 1127 1858 volui

170 1880 265 1961 idque
287 1881 451 1961 praestare
474 1876 569 1941 debui
588 1881 629 1961 et,
651 1877 715 1940 nisi
737 1880 805 1942 tam
821 1877 926 1946 timidi
943 1877 1128 1963 fuissemus,

135 1966 411 2051 apraestitissem.
455 1965 607 2030 Pisonem
633 1968 781 2029 nostrum
812 1967 926 2030 merito
955 1968 1024 2032 eius
1053 1991 1126 2034 amo

170 2055 357 2140 plurimum:
390 2075 476 2139 eum,
507 2057 544 2117 ut
571 2053 675 2137 potui,
701 2074 760 2137 per
786 2054 910 2119 litteras
938 2055 1127 2122 cohortatus

171 2165 243 2208 sum
269 2143 453 2226 gratiasque
481 2142 546 2227 egi,
577 2145 614 2206 ut
642 2141 745 2206 debui.
799 2140 839 2205 In
865 2143 958 2208 novis
985 2145 1127 2209 tribunis

170 2233 213 2315 pl.
244 2230 391 2314 intelligo
424 2252 513 2313 spem
546 2233 577 2293 te
604 2228 736 2294 habere:
768 2229 801 2294 id
833 2231 893 2294 erit
923 2231 1066 2316 firmum,
1100 2235 1126 2297 si

169 2318 315 2401 Pompeii
337 2319 487 2382 voluntas
510 2318 584 2401 erit3
611 2317 667 2382 sed
690 2315 841 2382 Crassum
868 2322 978 2383 tamen
1007 2324 1127 2385 metuo.

169 2407 200 2471 A
222 2411 255 2470 te
279 2406 406 2488 quidem
430 2406 539 2471 omnia
560 2405 630 2469 fieri
651 2406 826 2470 fortissime
849 2411 882 2470 et
904 2408 1125 2473 amantissime

169 2495 276 2577 vide0,
303 2515 363 2558 nec
386 2494 498 2576 miror,
526 2493 581 2557 sed
604 2515 730 2558 maereo
758 2515 868 2558 casum
892 2495 1062 2579 eiusmodi,
1090 2501 1127 2560 ut

170 2584 270 2647 tantis
294 2584 358 2647 tuis
376 2583 512 2647 miseriIs
531 2602 621 2645 meae
639 2582 785 2646 miseriae
805 2581 1025 2647 subleventur:
1048 2605 1127 2648 nam

170 2673 211 2735 ad
229 2693 280 2735 me
294 2670 328 2734 P.
344 2671 502 2754 Valerius,
520 2669 617 2734 homo
637 2669 809 2752 officiosus,
828 2670 963 2754 scripsit,
985 2671 1020 2734 id
1039 2673 1127 2755 quod

170 2781 230 2843 ego
250 2759 389 2822 maximo
409 2780 482 2822 oum
500 2757 578 2821 fletu
595 2757 669 2842 legi,
688 2757 957 2841 quemadmodum
970 2779 990 2822 a
1004 2758 1126 2823 Vestae

170 2847 211 2910 ad
233 2847 378 2910 tabulam
399 2845 565 2910 Valeriam
587 2845 683 2910 ducta
706 2867 801 2911 esses.
845 2844 943 2928 Hem,
966 2867 1039 2910 mea
1061 2848 1127 2929 lux,

170 2955 276 2997 meum
304 2932 510 3015 desiderium,
537 2933 623 2998 unde
650 2955 761 2998 omnes
789 2954 884 3016 opem
910 2937 1020 3016 petere
1045 2935 1126 2999 sole-

169 3022 262 3085 bant!
285 3023 317 3083 te
340 3041 435 3104 nuno,
458 3042 530 3084 mea
553 3020 717 3104 Terentia,
740 3021 785 3085 sic
807 3021 929 3104 vexari,
952 3021 998 3084 sic
1021 3021 1127 3087 iacere

170 3111 205 3175 in
227 3108 367 3173 lacrimis
392 3113 425 3172 et
447 3107 607 3192 sordibus,
634 3109 729 3191 idque
751 3108 822 3173 fieri
843 3129 915 3172 mea
938 3110 1047 3193 culpa,
1070 3111 1127 3193 qui

242 3265 293 3333 Ep.
314 3271 337 3330 1,
358 3269 382 3316 6.
414 3258 590 3332 Iprrbuc'lu'o
608 3258 683 3328 (Or).
715 3257 887 3329 Dyrrhachii
908 3257 972 3312 ΜΒ,
1011 3262 1036 3311 7.
1069 3271 1132 3310 con-

167 3334 263 3399 seram,
281 3335 299 3395 †
318 3335 355 3387 od
373 3338 398 3387 tc
415 3332 533 3386 scribam
547 3331 593 3397 (W
595 3333 620 3396 .).
648 3329 742 3400 Vulgo
761 3329 819 3384 siue
837 3330 863 3384 t.
892 3345 913 3384 c.
933 3329 971 3382 cd
988 3332 1065 3396 teque
1078 3342 1130 3381 ser.

169 3404 225 3465 (vel
248 3420 269 3456 c.
294 3408 374 3471 utque
396 3403 433 3456 ad
455 3406 480 3454 tc
502 3403 534 3467 c.)
558 3401 608 3453 aut
630 3415 662 3466 a,
684 3401 757 3468 quod
774 3416 858 3468 quum
875 3399 987 3466 focium,
1010 3398 1049 3452 act
1066 3401 1092 3450 tc
1109 3409 1131 3451 a

169 3476 219 3526 aut
237 3489 274 3526 a:
295 3490 362 3544 qao,
383 3473 419 3526 ud
437 3477 462 3525 te
479 3485 500 3524 a.
520 3470 594 3539 (W.).

166 3776 287 3808 *a
