2370 3878
125 169 190 235 458
406 168 444 223 M.
463 166 586 222 TULLII
605 165 794 223 CICERONIS

126 315 206 380 mihi
230 313 426 399 gratissima,
454 332 555 395 eoque
577 311 661 375 facio
684 312 850 395 libent-ina,
876 315 915 376 ut
943 335 1001 378 cos
1024 315 1081 378 tibi

124 402 358 484 commendem,
385 400 470 484 quod
493 404 526 464 et
547 403 622 464 tuae
644 401 746 484 laudi,
773 401 862 464 cuius
886 421 948 486 ego
973 401 1081 466 fautor

125 513 209 573 sum,
232 490 407 554 conducere
431 487 582 572 arbitror,
612 510 710 572 quum
733 489 855 571 primus
878 489 914 553 in
937 511 1013 554 eam
1035 492 1079 554 in·

125 579 228 642 sulam
255 581 406 660 quaestor
432 577 571 659 veneris,
603 597 641 641 ea
663 580 696 640 te
718 576 899 660 instituere,
927 600 1012 661 quae
1036 600 1078 643 se·

124 669 265 750 quantur
287 665 350 749 alii,
373 664 468 749 quod,
490 668 527 728 ut
549 685 652 749 spere,
674 664 800 729 facilius
824 686 1031 750 consequere,
1053 667 1078 731 si

125 757 158 817 et
179 752 213 817 P.
236 753 379 837 Lentuli,
405 753 577 817 necessarii
599 753 661 836 tui,
688 752 793 838 legem
816 757 849 816 et
872 775 923 838 ea,
950 777 1034 838 quae
1060 777 1077 818 a

125 862 176 906 me
200 843 376 906 constituta
399 845 487 925 sunt,
515 841 605 924 sequi
626 841 780 926 volueris,
808 863 905 926 quam
928 864 999 906 rem
1021 843 1076 907 tibi

125 930 252 996 confido
275 950 412 1015 magnae
435 929 523 994 laudi
544 929 622 993 fore.

541 1122 658 1188 XLIX.

459 1235 516 1291 Sor.
536 1252 608 1291 anno
627 1235 741 1292 incerto.

386 1357 517 1414 CICERO
537 1348 646 1414 CUEIO
664 1356 803 1413 PROCOS

191 1456 226 1533 Q.
249 1457 421 1541 Pompeius
445 1457 515 1523 Sex.
541 1459 564 1523 f.
591 1458 701 1523 multis
729 1462 762 1522 et
788 1459 950 1522 veteribus
975 1460 1075 1523 causis

124 1546 369 1610 necessitudinis
392 1546 472 1617 mihi
494 1548 684 1612 coniunctus
707 1550 768 1612 est:
795 1547 837 1629 is,
860 1569 959 1630 quum
984 1550 1076 1611 antea

124 1634 203 1697 meis
222 1634 552 1699 commendationibus
571 1639 603 1699 et
620 1656 688 1699 rem
712 1637 744 1698 et
762 1635 901 1719 gratiam
920 1639 952 1698 et
971 1639 1075 1700 aucto·

124 1723 253 1786 ritatem
271 1743 362 1786 suam
380 1723 464 1786 tueri
482 1724 653 1807 consuerit,
671 1744 758 1788 nunc
776 1723 930 1806 profecto,
952 1726 986 1786 te
1007 1746 1076 1807 pro-

124 1811 263 1874 vinciam
289 1810 469 1895 obtinente,
501 1813 581 1876 meis
607 1812 724 1875 littoris
752 1811 879 1894 assequi
906 1810 1017 1895 debet,
1042 1815 1077 1874 ut

124 1900 246 1964 nemini
264 1921 297 1964 se
310 1900 472 1984 intolligat
486 1900 789 1965 commendatiorem
802 1920 956 1981 umquam
969 1899 1076 1964 fuisse.

125 1987 340 2063 Quamobrem
359 1992 427 2052 ate
445 1989 600 2053 maiorem
617 1988 652 2052 in
671 1988 801 2052 modum
815 1990 900 2070 pet0,
919 1990 965 2071 ut,
980 2009 1078 2071 quum

125 2098 236 2141 omnes
258 2098 347 2143 meos
375 2099 474 2160 aeque
502 2098 539 2141 ac
561 2079 635 2141 tuos
658 2076 827 2140 observare
854 2097 913 2158 pro
940 2075 1077 2140 necessi-

124 2164 236 2228 tudine
258 2169 370 2230 nostra
393 2165 522 2248 debeas,
547 2165 635 2230 hunc
661 2163 830 2247 inprimis
856 2163 904 2227 ita
930 2163 965 2227 in
988 2167 1078 2227 tuam

125 2251 220 2315 fidem
247 2253 396 2337 recipiaS,
423 2256 461 2317 ut
486 2254 554 2337 ipse
581 2252 744 2337 intelligat
769 2251 893 2316 nullam
920 2272 989 2315 rem
1017 2252 1077 2315 sibi

124 2340 239 2403 maiori
260 2342 333 2404 usui
356 2345 413 2404 aut
430 2345 619 2406 ornamento
638 2362 735 2423 quam
753 2361 857 2404 meam
875 2340 1078 2404 commenda·

124 2427 247 2492 tionem
269 2449 338 2493 esse
360 2429 512 2512 potuisse.
556 2429 647 2495 Vale.

583 2622 619 2688 L.

209 2733 267 2789 Ser.
285 2734 390 2789 Romae
408 2733 521 2788 ineunte
539 2750 634 2789 mense
652 2733 781 2788 Ianuario
800 2749 825 2786 a.
844 2750 871 2787 u.
890 2749 913 2786 c.
934 2738 994 2786 710.

414 2855 543 2912 CICERO
563 2856 590 2912 S.
608 2858 642 2912 D.
660 2856 788 2912 ACILIO.

28 2998 34 3010 .
93 2968 107 3017 1
194 2953 323 3039 Sumpsi
348 2957 411 3021 hoc
442 2957 522 3021 mibi
549 2979 608 3041 pro
635 2962 693 3021 tua
723 2957 758 3020 in
787 2977 838 3020 me
866 2954 1083 3040 observantia,

126 3065 223 3126 quam
244 3044 373 3127 penitus
396 3045 557 3128 perspexi,
584 3045 736 3130 quamdiu
759 3043 923 3108 Brundisii
950 3044 1084 3127 fuimus,

126 3135 163 3197 ut
186 3134 227 3196 ad
248 3136 281 3196 te
303 3132 505 3197 familiariter
528 3137 561 3197 et
582 3133 674 3217 quasi
696 3155 755 3217 pro
778 3154 850 3197 meo
872 3131 941 3195 iure
965 3132 1084 3197 scribe-

196 3357 270 3496 EpW
267 3365 309 3414 48
346 3360 449 3431 quod
437 3364 461 3413 et
478 3364 542 3414 tuae
564 3359 620 3426 (Μ,
634 3358 739 3428 vulgo).
832 3357 915 3425 t..,L
933 3357 965 3412 B.
1012 3359 1088 3426 qaod

327 3431 439 3495 -alic',
444 3422 610 3499 'aquomwr
646 3445 777 3498 1,·11111
820 3427 940 3498 ,vulga
976 3427 1030 3498 Ep
1042 3436 1086 3482 50.

118 3427 308 3553 gamm
172 3471 484 3574 salemanniam..)
517 3447 1036 3569 AVcrori,vur.goAV0101nd
1046 3499 1087 3554 Μ.
