2370 3878
354 123 614 180 EPISTOLAR-UM
632 125 705 179 XIII.
727 131 838 180 72-74.
1007 127 1073 190 475

114 269 147 334 si
168 268 291 334 Romae
313 264 337 342 ³¹⁸,
353 272 385 332 te
408 269 559 333 vidissem
582 289 750 353 coramque
779 268 899 352 gratias
928 269 1073 354 egissem,

115 357 204 442 quod
222 357 282 420 tibi
300 355 334 421 L.
352 356 521 441 Egnatius,
540 356 808 421 familiarissimus
827 377 926 438 meus,
949 357 1074 439 absens,

117 445 154 508 L.
178 443 299 528 Oppius
323 465 475 527 praesens
503 465 596 509 curae
624 443 745 508 fuisset.
791 442 873 509 Cum
900 444 1108 527 Antipatr02

117 532 258 597 Derbete
285 532 365 595 mihi
391 554 457 596 non
488 534 591 598 solum
622 530 812 614 hospitium,
843 533 1074 597 verumetiam

115 641 246 686 summa
280 620 483 684 familiaritas
519 618 701 683 intercedit:
739 619 769 682 ei
803 623 835 683 te
871 620 1075 684 vehementer

116 707 337 773 suscensuisse
369 708 475 772 audivi
507 710 540 771 et
570 708 703 771 moleste
734 707 802 770 tuli
852 705 900 770 De
928 729 961 771 re
993 708 1075 772 nihil

116 817 252 881 possum
270 796 418 877 iudicare,
440 796 504 860 nisi
520 795 600 859 illud
618 795 697 858 mihi
716 793 900 877 persuadeo
918 798 959 877 te,
977 797 1074 859 talem
1101 876 1104 881 ῃ

118 884 237 966 virum,
260 884 340 948 nihil
362 888 481 948 temere
504 883 630 965 fecisse3
658 903 680 946 o
700 885 733 945 te
757 885 864 946 autem
887 904 944 965 pro
968 887 1074 946 vetere

119 975 232 1036 nostra
263 971 496 1035 necessitudine
529 971 625 1034 etiam
658 974 754 1055 atque
788 970 885 1034 etiam
916 974 1007 1053 peto,
1039 975 1075 1033 ut

118 1059 189 1124 eius
212 1059 307 1140 filios,
336 1059 390 1142 qui
412 1060 447 1122 in
469 1062 526 1122 tua
548 1060 707 1140 potestate
731 1061 818 1139 sunt,
846 1057 926 1121 mihi
947 1058 1074 1141 potissi-

119 1169 211 1213 mum
233 1147 402 1230 condones,
424 1146 488 1210 nisi
512 1147 588 1230 quid
607 1146 771 1210 existimas
794 1146 829 1209 in
848 1167 886 1209 ea
907 1167 941 1209 re
964 1145 1075 1209 violari

119 1235 392 1299 existimationem
413 1238 517 1299 tuam:
542 1234 627 1318 quod
651 1254 710 1318 ego
734 1234 762 1297 si
781 1233 961 1316 arbitrarer,
984 1255 1075 1297 num-

84 1370 94 1380 ,
120 1344 219 1407 quam
237 1327 269 1385 te
288 1343 434 1407 rogarem
453 1323 594 1407 mihique
612 1326 670 1387 tua
687 1322 774 1386 fama
794 1323 896 1386 multo
915 1322 1077 1407 antiquior

120 1415 219 1494 esset,
244 1432 339 1495 quam
362 1411 417 1474 illa
439 1411 640 1475 necessstudo
664 1414 727 1494 est3
756 1410 811 1475 sed
835 1411 915 1475 mihi
937 1411 983 1475 ita
1004 1432 1075 1494 per-

119 1499 241 1563 suadeo
265 1535 306 1544 —
329 1502 437 1581 potest
458 1498 535 1582 fieri,
557 1502 594 1562 ut
615 1499 710 1564 fallar
731 1536 783 1583 -,
806 1521 876 1564 eam
899 1521 967 1564 rem
989 1499 1076 1562 laudi

119 1588 183 1651 tibi
195 1587 303 1671 potius
318 1609 414 1671 quam
427 1587 654 1670 vituperationi
672 1587 748 1653 fore.
786 1586 869 1664 Quid
886 1589 956 1652 fieri
973 1588 1078 1670 possit

119 1679 156 1738 et
179 1674 255 1760 quid
277 1696 350 1739 mea
368 1697 464 1740 causa
481 1675 584 1740 faeere
602 1676 764 1758 possis-
779 1697 864 1757 narn,
888 1677 966 1759 quin
988 1676 1076 1757 velis,

122 1785 190 1828 non
213 1763 323 1827 dubito
336 1782 402 1845 ·—,
424 1763 534 1845 velim,
562 1763 590 1827 si
611 1763 672 1826 tibi
696 1783 792 1846 grave
814 1784 882 1826 non
910 1763 984 1844 erit,
1012 1784 1076 1826 cer·

121 1851 238 1916 tiorem
261 1871 311 1915 me
334 1850 442 1915 facias.

528 2045 675 2126 LXXIV?

402 2173 459 2228 Ser.
477 2174 582 2228 Romae
602 2189 626 2226 a.
645 2191 672 2226 u.
692 2189 714 2227 c.
734 2178 793 2227 699.

255 2297 292 2351 Μ.
313 2296 443 2352 CICERO
464 2298 493 2363 Q.
514 2295 683 2350 PHILIPPO
701 2293 851 2350 PROOOS.
871 2295 945 2350 SAL.

189 2396 263 2461 Etsi
285 2418 352 2462 non
370 2396 481 2460 dubito
503 2418 562 2480 pro
585 2400 642 2460 tua
660 2397 763 2462 inme
783 2396 986 2461 observantia
1004 2418 1076 2478 pro-

123 2507 185 2570 que
221 2488 333 2548 nostra
368 2484 617 2568 necessitudine,
654 2486 731 2569 quin
767 2483 1076 2549 commendationem

123 2594 229 2637 meam
256 2572 410 2637 memoria
437 2576 560 2657 teneas,
592 2572 702 2638 tamen
730 2573 827 2638 etiam
855 2576 950 2656 atque
979 2572 1076 2636 etiam

123 2659 261 2724 eundem
287 2660 348 2723 tibi
375 2659 409 2724 L.
437 2659 589 2745 Oppium,
616 2661 808 2725 familiarem
834 2681 954 2744 meum,
986 2681 1075 2743 prae-

124 2751 248 2812 sentem
276 2751 308 2812 et
330 2746 364 2812 L.
387 2748 532 2833 Egnatii,
560 2749 801 2813 familiarissimi
829 2749 905 2832 mei,
934 2749 1075 2813 absentis

123 2836 256 2919 negotia
283 2837 478 2900 commendo.
529 2837 634 2900 Tanta
665 2837 745 2899 mihi
776 2858 848 2900 eum
876 2858 913 2901 eo
940 2837 1076 2901 necessi·

122 2926 201 2989 tudo
238 2926 288 2987 est
323 2923 600 3008 familiaritasque,
637 2926 686 3006 ut,
728 2924 755 2987 si
790 2946 862 2988 mea
897 2946 947 2990 res
984 2928 1077 3005 esset,

122 3035 190 3077 non
208 3012 312 3096 magis
335 3012 527 3093 laborarem,
547 3015 742 3096 quapropter
760 3013 980 3096 gratissimum
997 3011 1078 3074 mihi

103 3303 106 3310 ¹
194 3239 246 3308 Ep.
267 3247 312 3307 ⁵13,
333 3247 356 3293 1.
393 3238 496 3294 Romae
513 3241 573 3300 ’θέο
594 3239 719 3293 vidissem
743 3253 883 3306 eorumque
904 3253 945 3305 qr.
969 3236 1076 3304 (MW.).

122 3309 158 3363 R.
178 3326 257 3374 esses,
276 3316 306 3369 te
318 3311 373 3364 oid.
393 3325 534 3378 coramque
551 3324 592 3378 or.
617 3310 701 3376 (W.)?
737 3308 841 3363 Romae
858 3312 883 3361 te
900 3307 969 3372 uid,
988 3322 1078 3360 coram

122 3396 163 3449 qr.
183 3381 222 3446 L,
242 3381 272 3434 Β.
309 3381 360 3448 Ep.
381 3386 424 3433 74.
462 3379 594 3448 Oppium,
611 3380 632 3446 f.
651 3395 746 3444 medor,
760 3394 805 3446 pr.
825 3381 850 3433 et
867 3377 900 3430 L.
915 3376 962 3443 E„
979 3376 1000 3442 f.
1019 3377 1079 3440 mei,

121 3451 179 3506 obs.
201 3451 276 3519 (W).
315 3451 344 3504 O.
363 3450 384 3516 f.
403 3467 437 3504 m.
450 3466 498 3520 pr.
517 3455 542 3505 ct
559 3449 594 3504 L.
613 3448 650 3504 Ε.
668 3449 688 3517 f.
705 3465 742 3510 ra.
760 3449 818 3504 obs.
837 3447 867 3502 B.
