2370 3878
128 169 193 232 432
411 169 447 222 M.
468 167 590 222 TULLII
608 165 798 221 CICERONIS

93 325 108 372 2
129 312 191 378 Sed
213 316 324 376 tamen
346 312 442 374 iidem
465 333 516 374 me
546 311 754 375 consolantur
781 310 891 374 etiam:
918 309 1083 374 hominem

127 403 294 484 perustum
317 400 493 462 etiamnum
516 399 619 483 gloria
646 399 760 463 volunt
786 397 957 462 incendere
986 402 1083 481 atque

127 490 173 552 ita
196 488 384 570 loquuntur:

172 606 216 692 μὴ
239 605 307 715 μὰν
329 603 493 673 ἆσπονδεί
512 631 549 690 γε
571 607 626 673 καὶ
649 603 786 684 ἀκλειῶς
808 602 1011 691 ἀπολοίμην,

171 691 256 760 ἄλλοι
279 695 362 779 μέγα
385 695 479 778 ῥέξας
500 720 531 761 τι
554 695 609 760 καὶ
633 694 842 779 ἐσσομένοισι
864 694 1048 760 πυθέσθαι.

128 818 190 884 Sed
212 820 319 884 minus
346 820 410 883 iarn
433 823 577 903 movent,
605 823 641 883 ut
663 819 760 884 vides.
805 818 918 901 Itaque
946 819 989 882 ab
1015 819 1082 883 Ho-

126 908 206 971 meri
229 908 506 992 magniloquentia
525 907 655 972 eonfero
675 928 725 971 me
749 907 789 970 ad
812 928 887 971 vera
909 911 1095 992 praecepta·

126 989 328 1080 Εὐριπίδου·

171 1120 256 1202 μισῶ
280 1115 455 1202 σοφιστήν,
478 1113 569 1193 ὅστις
592 1112 653 1200 οὐχ
676 1113 765 1204 αὐτῷ
790 1113 907 1199 σοφός·
985 1160 988 1164 -

36 1234 43 1253 “
127 1263 221 1325 quem
244 1263 371 1306 versum
395 1263 491 1307 senex
513 1241 666 1306 Precilius
689 1241 801 1305 laudat
823 1243 951 1326 egregie
980 1246 1013 1306 et
1037 1244 1083 1306 aii

126 1352 220 1412 posse
247 1331 384 1393 eundem
416 1333 449 1396 et
479 1325 546 1412 ἅμα
573 1325 708 1413 πρόσσω
735 1327 790 1393 καὶ
819 1322 944 1393 ὀπίσσω
974 1331 1082 1394 videre

127 1420 290 1481 ettamen
313 1418 414 1482 nihilo
438 1419 544 1480 minus

171 1533 453 1623 adsederentur
476 1539 530 1604 καὶ
553 1536 732 1624 ὑπείροχον
755 1541 891 1623 ἔμμεναι
915 1535 1037 1605 ἄλλων.

92 1675 107 1722 3
127 1661 198 1745 Sed,
221 1667 258 1726 nt
279 1665 407 1728 redeam
426 1663 467 1726 ad
485 1664 527 1746 id,
549 1663 634 1727 unde
654 1665 753 1748 coepi,
776 1663 982 1728 vehementer
1000 1665 1082 1728 mihi

127 1755 255 1835 gratum
282 1752 409 1835 feceris,
441 1751 468 1815 si
494 1752 581 1815 hunc
613 1752 846 1816 adolescentem
877 1752 1081 1817 humanitate

126 1844 192 1924 tna,
215 1863 296 1925 quae
320 1843 369 1904 est
397 1840 581 1924 singularia,
609 1841 886 1923 comprehenderis
915 1844 947 1904 et
975 1841 1015 1904 ad
1039 1841 1081 1923 id,

127 1929 212 2011 quod
240 1930 383 2013 ipsorum
410 1928 617 1992 Preciliorum
645 1933 800 1993 causale
827 1929 908 1992 velle
932 1929 1081 2010 arbitror,

127 2017 285 2081 addideris
309 2018 471 2082 cumulum
499 2017 784 2081 commendationis
812 2038 909 2080 meae.
955 2015 1080 2081 Genera

127 2124 211 2168 novo
235 2127 305 2168 sum
326 2106 506 2170 litterarum
526 2105 566 2167 ad
584 2108 616 2168 te
634 2127 720 2189 usus,
743 2108 779 2168 ut
797 2106 993 2188 intelligeres
1012 2127 1080 2170 non

127 2192 292 2277 vulgarem
315 2213 383 2258 esse
407 2192 725 2258 commendationem.

557 2403 646 2469 XVI.

285 2520 341 2576 Ser.
362 2522 481 2576 Asturae
499 2540 593 2577 mense
611 2523 703 2593 Aprili
721 2540 745 2579 a.
764 2542 792 2578 u.
811 2541 833 2579 e.
854 2530 914 2580 709.

405 2660 532 2716 CICERO
552 2661 704 2717 CAESARI
724 2664 798 2719 SAL.

93 2782 105 2828 1
191 2768 226 2834 P.
259 2768 410 2834 Crassum
441 2792 479 2834 ex
516 2772 604 2836 omni
638 2773 806 2839 nobilitate
843 2774 1079 2840 adolescentem

126 2857 221 2921 dilexi
248 2858 434 2943 plurimum,
465 2862 498 2923 et
525 2860 563 2924 de
592 2882 628 2925 eo
657 2884 756 2945 quum
783 2863 823 2926 ab
851 2863 983 2928 ineunte
1011 2865 1078 2928 eius

127 2948 231 3009 aetate
263 2946 345 3009 bene
372 2947 594 3033 speravissem‚
625 2953 695 3014 tum
726 2952 864 3034 perbene
897 2952 1078 3016 existimare

126 3034 216 3117 coepi
227 3033 349 3098 eximiis
364 3035 496 3117 iudiciis,
511 3057 592 3118 quae
602 3036 640 3100 de
650 3059 687 3101 eo
696 3038 827 3117 feceras,
837 3038 984 3118 cognItis.
999 3039 1079 3104 Eius

125 3122 275 3186 libertum
298 3120 508 3205 Apollonium
530 3123 595 3187 iam
618 3127 687 3188 tum
715 3125 875 3209 equidem,
903 3148 1002 3210 quum
1024 3129 1079 3192 ille

125 3211 256 3292 viveret,
279 3214 311 3274 et
333 3211 443 3296 magni
465 3210 623 3274 faciebam
642 3215 673 3274 et
691 3213 881 3296 probabam3
905 3217 1079 3281 eratenim

127 3300 159 3360 et
182 3299 344 3363 studiosus
367 3297 475 3363 Crassi
497 3302 529 3362 et
552 3299 592 3362 ad
615 3299 683 3362 eius
711 3302 833 3384 optima
856 3302 962 3366 studia
985 3305 1078 3369 vehe-

195 3414 244 3482 Ep.
266 3422 310 3481 lo,
332 3423 355 3470 1.
392 3416 513 3470 etdeeo
532 3417 592 3484 (L).
629 3423 704 3472 πον
727 3421 838 3474 νοΜΒ.
859 3426 968 3473 -tom
991 3436 1080 3488 eumer

117 3485 219 3552 σνίινιι
234 3486 312 3540 meist.
347 3486 477 3558 (Krausm
495 3486 528 3542 L.
546 3491 606 3543 tnta
618 3493 674 3558 opt.
693 3491 796 3557 eatstl‘l
814 3490 1077 3555 caesaraeam.

102 3556 237 3625 (faerbena
245 3557 333 3630 sm).
346 3591 379 3602 -
390 3560 505 3618 οπνοίίε
515 3560 613 3635 (Klotz
621 3563 653 3617 et
658 3560 790 3629 hausei.
807 3557 877 3611 calls
891 3558 981 3608 indes
987 3557 1090 3620 mmm

111 3786 146 3816 A
