2370 3878
172 137 239 204 544
455 136 492 191 Μ.
513 135 636 190 TULLII
655 133 844 192 CICERONIS

603 383 693 450 XIII.

511 496 568 552 Sor.
588 514 612 552 a.
631 517 658 552 u.
678 515 700 552 c.
721 502 780 552 700.

448 619 603 676 TULLIUS
623 620 750 676 TIRONI
770 619 846 674 SAL.

235 717 352 786 Omnia
379 741 398 784 a
420 724 452 785 te
480 721 557 785 data
583 720 663 785 mihi
689 720 825 804 putabo,
853 721 881 784 si
907 723 942 786 te
967 723 1132 790 valentem

169 810 286 874 videro.
337 807 469 874 Summa
497 831 573 874 cura
601 808 825 894 exspectabam
855 809 1040 876 adventum
1067 812 1132 878 Arr-

169 898 257 981 drici,
280 919 374 982 quem
397 898 438 962 ad
461 902 493 962 te
517 898 674 962 miseram.
712 895 805 981 Cura,
829 897 856 961 si
879 919 931 962 me
955 898 1079 985 diligis,
1098 905 1131 965 ut

168 987 276 1050 valeas
300 990 341 1070 et,
364 1008 463 1070 quum
485 989 517 1050 te
535 986 617 1050 bene
637 985 845 1071 confirmaris,
867 986 908 1050 ad
926 1007 989 1052 nos
1010 990 1129 1053 venias.

107 1088 109 1092 '
170 1074 261 1140 Vale.
297 1092 357 1141 1111.
379 1073 426 1140 Id.
450 1072 527 1160 Apr.

525 1234 530 1241 “
601 1266 689 1332 xrs.

507 1377 564 1433 Sor.
584 1395 609 1433 a.
628 1398 655 1434 u.
674 1396 697 1433 c.
717 1384 778 1434 700.

440 1501 596 1558 TULLIUS
615 1502 744 1558 TIRONI
762 1499 837 1557 SAL.

132 1614 147 1663 ι
233 1598 394 1665 Andricus
417 1602 571 1685 postridie
590 1600 700 1666 adme
719 1602 817 1686 venit,
840 1622 937 1684 quam
960 1607 1124 1687 exspecta-

166 1711 250 1773 ram,
272 1690 380 1773 itaque
403 1689 503 1755 habui
525 1694 654 1756 noctem
676 1692 805 1774 plenam
827 1689 952 1753 timoris
977 1712 1015 1755 ac
1032 1692 1124 1756 mise-

166 1778 242 1842 riae.
287 1777 365 1842 Tuis
392 1778 508 1844 litteris
534 1778 637 1844 nihilo
666 1801 737 1844 sum
759 1778 865 1843 factus
888 1778 1016 1862 certior,
1047 1802 1122 1863 quc·

46 1910 50 1915 -
167 1867 262 1932 modo
285 1869 318 1931 te
345 1867 494 1948 haberes,
521 1867 576 1932 sed
598 1871 708 1931 tamen
735 1888 806 1931 sum
832 1868 1003 1943 recreatus.
1050 1867 1121 1953 Ego

167 1956 255 2019 omni
282 1955 493 2021 delectatione
520 1955 698 2039 litterisque
731 1954 879 2020 omnibus
907 1975 1014 2040 careo,
1044 1978 1122 2039 quas

167 2047 251 2127 aute,
274 2065 370 2128 quam
392 2048 425 2108 te
448 2044 570 2127 videro,
597 2043 756 2128 attingere
779 2064 846 2107 non
868 2063 1008 2127 possum.
1056 2043 1121 2108 Me·

167 2131 237 2196 dico
260 2132 414 2197 mercedis
441 2134 598 2216 quantum
626 2134 737 2215 poscet
764 2130 910 2215 promitti
936 2130 1060 2196 iubeto:
1090 2132 1122 2197 id

132 2219 280 2303 ascripsi
308 2221 349 2284 ad
372 2221 393 2298 †
415 2219 590 2286 Ummium.
634 2219 741 2284 Audio
773 2222 806 2282 te
839 2218 947 2283 auimo
980 2220 1059 2303 angi
1091 2223 1122 2284 et

166 2307 324 2372 medicum
352 2308 455 2373 dicere
483 2331 522 2373 ex
549 2330 587 2375 eo
614 2313 646 2372 te
673 2308 832 2373 laborare:
866 2307 893 2370 si
920 2328 972 2371 me
1004 2307 1121 2392 diligis,

166 2395 270 2458 excita
292 2417 331 2459 ex
354 2418 466 2461 sonmo
486 2400 559 2462 tuas
576 2397 701 2462 litteras
718 2394 1026 2479 humanitatemque,
1048 2419 1120 2480 pro·

166 2487 238 2567 pter
265 2505 361 2567 quam
393 2484 473 2548 mihi
500 2507 534 2570 es
562 2484 757 2567 carissimum
788 2504 875 2548 nunc
902 2505 984 2567 opus
1012 2488 1063 2548 est
1089 2489 1120 2548 te

167 2573 274 2637 auimo
297 2573 412 2656 valere,
434 2575 470 2636 ut
493 2593 625 2655 corpore
647 2573 766 2655 possis:
789 2571 822 2636 id
841 2592 940 2655 quum
962 2575 1029 2658 tua,
1052 2576 1120 2653 tum

42 2675 45 2679 ·
166 2682 237 2724 mea
260 2682 358 2726 causa
379 2661 488 2745 facias,
511 2682 530 2723 a
553 2663 585 2724 te
607 2662 692 2743 peto.
737 2658 894 2724 Acastum
915 2661 1032 2744 retine,
1057 2683 1119 2744 quo

84 2790 87 2794 -
166 2749 364 2813 commodius
381 2749 441 2813 tibi
459 2747 668 2812 ministretur.
704 2745 868 2813 Conserva
884 2750 917 2812 te
936 2748 1029 2812 mihi:
1053 2749 1120 2813 dies

165 2836 396 2919 promissorum
424 2837 528 2921 adest,
556 2858 651 2921 quem
679 2836 776 2901 etiam
802 2837 1066 2921 repraesentabo,
1094 2836 1120 2900 si

76 2991 79 2996 ,
166 2923 340 2989 adveneris,
376 2923 485 2990 Etiam
508 2929 603 3009 atque
628 2925 725 2989 etiam
743 2924 822 2989 vale.
858 2940 905 2988 111.
927 2922 1005 2989 Idus
1025 2925 1058 2989 h.
1076 2943 1119 2988 vr.

235 3151 285 3221 ap.
303 3158 343 3206 13.
371 3152 492 3206 Amdra'ci
505 3152 753 3222 (Engelbronner.).
792 3151 945 3205 Menandri
962 3150 1010 3218 M„
1024 3151 1117 3221 vulgo.

164 3221 215 3345 gp
225 3229 268 3346 IUI,
275 3222 543 3363 llifdulgiimmium
557 3223 631 3292 (W.).
669 3222 706 3276 od
725 3220 890 3277 Ummidium
904 3220 1118 3291 (Lallcmand.)?
