2370 3878
149 149 215 215 376
262 151 298 206 Μ.
313 151 437 207 TULLII
451 150 641 207 CICERONIS
655 151 915 207 EPISTOLARUM
929 154 977 208 XI.
993 161 1031 210 29

148 300 224 380 post
246 318 352 360 meum
370 295 518 379 reditum,
541 318 637 379 quam
656 296 857 361 familiariter
875 319 1001 362 meeum
1025 300 1115 364 vixe-

149 385 206 462 ris,
229 405 373 467 quaeque
397 404 457 468 ego
481 383 574 447 dete
598 387 631 448 et
653 386 807 448 senserim
830 389 863 448 et
884 386 1115 472 praedicarim,

149 493 270 552 omnes,
294 471 348 554 qui
372 471 478 536 solent
499 471 578 536 haee
599 473 863 557 animadvertere,
884 476 983 537 testes
1008 475 1112 540 habe-

148 582 233 642 mus,
265 559 489 643 gravissimum
520 582 596 624 vero
628 561 780 625 iudicium
812 561 850 625 de
878 583 950 625 mea
976 562 1043 626 fide
1078 569 1113 628 et

149 647 331 711 constantia
354 647 472 731 fecisti,
499 670 598 732 quum
624 653 699 732 post
725 653 862 713 mortem
886 648 1035 715 Caesaris
1059 655 1110 716 to-

147 738 218 799 tum
245 738 276 799 te
304 735 345 800 ad
372 736 546 800 amicitiam
569 758 674 801 meam
697 738 875 821 contulisti,
902 739 988 821 quod
1011 743 1110 804 tuum

147 817 299 888 iudicium
318 824 381 889 nisi
399 846 471 888 mea
490 847 615 889 summa
633 825 857 891 benevolentia
881 847 958 910 erga
980 829 1013 890 te
1039 849 1108 892 om-

147 911 305 995 nibusque
338 913 459 977 meritis
492 914 719 997 comprobare,
755 915 822 997 ipse
855 936 906 978 me
937 914 1107 979 hominem

112 1009 216 1064 anon
246 1001 377 1085 putabo.
423 1000 485 1085 Tu,
517 1001 562 1065 mi
594 1000 691 1086 Oppi,
723 1003 926 1066 conservabis
959 1024 1107 1067 amorem

147 1091 239 1152 tuum
252 1090 370 1154 —etsi
392 1110 482 1154 more
505 1090 608 1173 magis
631 1090 693 1155 hoo
716 1090 844 1174 quidem
868 1090 981 1172 sorib0,
1004 1112 1106 1174 quarn

148 1199 210 1260 quo
233 1180 265 1242 te
289 1177 526 1242 admonendum
548 1183 659 1262 putem
680 1215 722 1225 -
746 1200 879 1261 meaque
903 1178 1011 1242 omnia
1035 1182 1105 1243 tue·

146 1265 234 1330 bere:
262 1287 343 1350 quae
371 1266 431 1330 tibi
457 1287 499 1330 111
521 1266 635 1351 ignota
658 1270 781 1350 essent,
802 1265 912 1330 Attico
935 1266 1104 1349 mandavi3

147 1376 166 1418 a
188 1374 240 1417 me
263 1358 380 1437 autem,
403 1375 501 1437 quum
524 1355 667 1437 paullum
691 1355 749 1419 otii
771 1356 859 1418 nacti
875 1355 1002 1437 erimus,
1025 1354 1104 1418 ube-

147 1441 246 1505 riores
267 1441 392 1505 litteras
420 1445 612 1525 exspectato.
657 1443 709 1508 Da
740 1464 884 1527 operam,
915 1445 952 1506 ut
978 1442 1103 1506 valeas:

145 1529 208 1592 hoo
231 1529 311 1592 mihi
333 1529 457 1614 gratius
479 1529 585 1594 facere
607 1531 689 1595 nihil
712 1535 812 1616 potes.

215 1753 267 1826 Ep.
287 1761 330 1825 29,
343 1762 368 1812 2.
404 1756 546 1824 latemus
562 1772 603 1828 pr.
623 1773 685 1813 vero
703 1757 779 1827 (W.).
814 1757 840 1812 is.
868 1756 917 1812 Gr.
936 1773 960 1811 1.
980 1755 1076 1826 vulgo.
