2370 3878
130 152 194 216 144
409 152 446 206 Μ.
466 151 589 207 TULLII
607 151 796 208 CICERONIS

92 297 234 362 ssorum
257 317 425 361 commune
448 296 505 381 sit,
526 295 675 361 vicinitas
698 318 765 363 non
787 298 969 382 requiritur.
1023 297 1083 365 Sed

127 407 204 450 casu
226 384 335 448 nescio
359 405 422 467 quo
445 384 480 448 in
499 405 537 449 ea
555 387 702 469 tempora
719 389 832 451 nostra
850 389 939 451 aetas
963 386 1083 471 incidit,

126 475 172 555 ut,
195 493 294 556 quum
316 472 452 536 maxime
475 471 588 537 florere
609 495 670 539 nos
690 477 862 558 oporteret,
883 477 955 539 tum
977 476 1082 540 vivere

128 561 224 624 etiam
251 560 400 644 puderet;
432 560 518 643 quod
546 561 632 627 enIm
660 582 728 626 esse
755 565 884 645 poterat
910 563 992 627 mihi
1015 585 1082 648 per·

126 648 253 732 fugium
280 649 418 732 spoliato
447 651 479 711 et
506 648 688 714 domesticis
716 653 748 714 et
774 649 958 715 forensibus
991 673 1082 716 orna-

127 737 248 801 mentis
268 740 363 820 atque
392 736 537 801 solatiis?
565 737 706 821 litterae,
733 737 841 821 credo,
869 739 987 821 quibus
1010 743 1083 805 utor

128 825 264 909 assidue,
286 824 362 908 quid
385 824 471 889 enim
492 824 578 889 aliud
596 825 702 889 facere
720 825 874 909 possum?
898 826 954 891 sed
975 828 1082 893 nescio

128 934 191 996 quo
215 912 310 978 modo
333 913 422 997 ipsae
445 913 519 977 illae
543 913 708 978 excludere
730 935 781 978 me
805 918 939 998 apertu
963 918 996 979 et
1014 937 1082 999 per-

126 1000 217 1086 fugio
241 1001 391 1066 videntur
413 1005 446 1065 et
464 1002 557 1085 quasi
575 1002 776 1085 exprobrare,
799 1002 884 1084 quod
907 999 943 1066 in
961 1024 999 1066 ea
1018 1005 1082 1068 vita

126 1112 288 1174 maneam,
315 1090 350 1153 in
378 1111 441 1174 qua
462 1088 545 1153 nihil
568 1089 646 1154 insIt
668 1090 731 1153 nisi
753 1090 944 1175 propagatio
974 1091 1082 1156 miser·

92 1189 109 1237 4
127 1178 200 1243 rimi
221 1178 385 1261 temporis.
421 1176 484 1241 Hic
506 1181 543 1241 tu
565 1197 613 1242 me
634 1178 673 1242 ab
696 1199 734 1242 ea
757 1178 867 1242 abesse
886 1178 965 1243 urbe
988 1180 1083 1243 mira-

127 1266 180 1349 ris,
201 1266 237 1328 in
260 1287 324 1349 qua
351 1265 463 1329 domus
490 1265 573 1328 nihil
600 1264 757 1329 delectare
780 1265 894 1350 possit,
922 1288 1083 1332 summum

128 1353 170 1416 sit
193 1353 301 1416 odium
324 1355 506 1435 temporum
523 1352 700 1434 homiuum,
722 1352 786 1417 fori
804 1352 932 1418 curiae?
968 1353 1082 1438 Itaque

127 1440 173 1503 sie
195 1439 311 1503 litteris
334 1443 421 1523 utor,
446 1440 482 1503 in
506 1439 620 1523 quibus
644 1461 799 1506 consumo
829 1463 924 1507 omne
945 1445 1082 1527 tempus,

126 1549 194 1591 non
212 1530 250 1590 ut
268 1527 308 1591 ab
327 1527 366 1592 iis
384 1526 575 1593 medicinam
593 1533 790 1613 perpetuam,
808 1529 864 1594 sed
882 1534 919 1595 ut
933 1530 1082 1616 exiguam

92 1615 323 1683 soblivionem
350 1615 469 1680 doloris
497 1619 613 1699 petam.
660 1615 752 1693 Quod
784 1617 812 1682 si
841 1617 874 1682 id
906 1619 1082 1703 egissemus

127 1723 187 1787 ego
203 1706 312 1787 'atque
338 1706 388 1788 tu,
421 1704 506 1788 quod
533 1726 574 1768 ne
601 1705 637 1770 in
662 1710 804 1770 mentem
832 1705 960 1789 quidem
987 1707 1081 1772 nobis

126 1792 276 1861 veniebat
297 1796 430 1877 propter
457 1792 661 1876 quotidianos
689 1797 807 1877 metus,
833 1795 863 1859 si
885 1815 980 1859 omne
1002 1799 1081 1861 tem·

126 1903 186 1965 pus
210 1903 276 1947 una
302 1881 486 1966 fuissemus,
515 1903 619 1966 neque
646 1903 697 1946 me
724 1881 874 1946 valetudo
902 1885 959 1947 tua
983 1882 1081 1948 offen·

127 1968 217 2034 deret
238 1991 341 2053 neque
364 1974 397 2035 te
419 1990 546 2035 maeror
568 1991 667 2035 meus.
708 1967 809 2053 Quod,
833 1973 989 2053 quantum
1011 1971 1082 2036 fieri

126 2057 255 2140 poterit,
268 2078 514 2141 consequamur;
537 2059 613 2142 quid
628 2058 713 2122 enim
727 2060 776 2122 est
792 2058 918 2143 utrique
933 2062 1081 2125 nostrum

127 2144 256 2227 aptius?
278 2146 464 2230 propediem
485 2149 518 2210 te
541 2146 641 2230 igitur
663 2145 786 2212 videbo.

558 2336 646 2403 XVI.

462 2447 519 2504 Sor.
539 2465 611 2505 anno
630 2449 744 2506 incerto.

368 2570 406 2627 Μ.
426 2570 553 2628 CICERO
573 2573 600 2629 S.
618 2573 652 2629 D.
672 2572 704 2628 T.
723 2573 831 2635 TITIO.

95 2683 108 2731 1
193 2670 267 2742 Iltsi
288 2693 372 2739 unus
400 2694 439 2737 ex
461 2673 610 2739 omnibus
633 2672 764 2739 minime
788 2696 859 2743 sum
886 2674 928 2741 ad
949 2678 982 2745 te
1005 2695 1081 2747 con-

128 2760 298 2826 solandum
320 2761 589 2846 accommodatus,
611 2761 697 2846 quod
714 2765 842 2829 tantum
865 2785 904 2828 ex
925 2763 990 2829 tuis
1014 2786 1082 2830 mo·

127 2848 228 2913 lestiis
260 2849 330 2932 cepi
361 2849 494 2933 doloris,
525 2852 562 2914 ut
593 2851 813 2917 consolatione
843 2852 912 2937 ipse
944 2871 1083 2937 egerem,

127 2941 249 3020 tamen,
281 2958 379 3020 quum
410 2938 539 3023 longius
571 2959 591 3002 a
623 2939 739 3005 summi
769 2941 875 3005 luctus
907 2939 1082 3005 acerbitate

127 3046 217 3090 meus
241 3023 367 3090 abesset
395 3025 487 3092 dolor
509 3047 606 3110 quam
627 3030 716 3111 tuus,
744 3029 842 3093 statui
868 3031 998 3093 nostrae
1026 3050 1083 3093 ne·

128 3112 330 3178 cessitudinis
358 3134 426 3179 esse
453 3136 605 3198 meaeque
632 3115 721 3179 inte
748 3116 991 3182 benevolentiae
1013 3138 1084 3182 non

127 3205 233 3267 tacere
256 3204 349 3267 tanto
372 3202 486 3268 intuo
509 3224 652 3269 maerore
679 3203 816 3288 tamdiu,
846 3205 902 3270 sed
929 3203 1083 3270 adhibere

128 3291 270 3374 aliquam
292 3289 451 3356 modicam
474 3292 736 3377 consolatIonem,
760 3313 840 3377 quae
862 3294 968 3358 levare
991 3293 1083 3358 dolo·

93 3397 109 3445 a
128 3399 196 3442 rem
217 3382 311 3445 tuum
332 3383 455 3465 posset,
485 3381 512 3444 si
534 3381 640 3446 minus
669 3402 782 3446 sanare
809 3381 975 3466 potuisset.
1019 3379 1084 3447 Idst

128 3468 237 3531 autem
263 3468 441 3534 consolatio
472 3470 664 3555 pervulgata
695 3468 823 3552 quidem
851 3469 907 3534 illa
934 3469 1084 3555 maxime,
