2370 3878
127 176 191 240 452
408 177 446 231 Μ.
466 175 588 231 TULLII
607 174 797 232 CICERONIS

127 321 218 387 didos
250 321 412 402 hominm,
443 321 497 403 qui
524 318 670 386 Caesaris
702 320 858 385 beneficia
889 323 1089 407 vendebant,

128 410 284 491 tabulam,
310 409 345 472 in
369 430 432 492 qua
454 410 588 473 nomina
611 409 739 473 civitate
763 410 959 475 donatorum
983 413 1088 477 incisa

127 500 242 581 essent,
255 497 365 561 revelli
379 497 533 579 iussisset,
548 497 650 561 eidem
663 497 851 562 Dolabellae
864 519 917 562 me
933 500 1086 565 audiente

127 583 245 649 Caesar
271 585 353 648 dixit
379 585 461 648 nihil
493 607 575 667 esse,
607 585 693 668 quod
725 586 764 649 de
786 585 883 671 Mega
909 591 1086 672 vereretur,

92 672 315 736 rhenefieium
339 695 432 738 suum
455 673 489 736 in
513 695 549 736 eo
569 694 707 737 manere.
744 672 816 738 Hoc
833 677 866 736 te
886 675 968 738 scire
988 677 1085 760 volui,

126 764 164 824 ut
194 782 267 823 eum
302 761 337 824 in
369 761 486 825 civium
517 760 738 826 Romanorum
771 782 904 826 numero
937 763 1085 846 haberes,

127 849 302 932 ceterisque
334 850 369 912 in
400 850 495 913 rebus
526 848 586 912 tibi
623 870 696 912 eum
731 850 779 913 ita
810 852 1017 935 commendo,
1048 858 1085 915 ut

126 937 246 1001 maiore
261 937 366 1001 studio
381 938 542 1001 neminem
561 937 819 1001 commendarim.
856 936 1084 1003 Gratissimum

125 1025 205 1089 mihi
223 1026 346 1107 feceris,
365 1026 391 1088 si
410 1047 483 1089 eum
501 1025 547 1088 ita
563 1026 721 1108 tractaris,
739 1028 776 1089 ut
793 1025 957 1106 intelligat
976 1048 1084 1092 meam

126 1114 437 1179 commendationem
459 1133 578 1197 magno
601 1113 661 1178 11111
683 1116 872 1178 ornamento
895 1113 1008 1179 fuisse.

518 1304 686 1371 XXXVII.

408 1417 464 1474 811.
484 1417 589 1473 Romae
608 1434 632 1472 a.
651 1436 678 1472 u.
697 1434 720 1472 e.
740 1422 800 1473 708.

258 1540 405 1596 CICERO
423 1540 566 1595 ACILIO
586 1539 844 1596 PROCONSULI
860 1540 944 1595 SAL.

193 1640 356 1724 Hippiam,
376 1639 543 1704 Philoxeni
562 1641 673 1726 filium,
690 1630 900 1725 Calactinum,
917 1642 1082 1726 hospitem

128 1734 161 1795 et
183 1729 398 1794 necessarium
420 1749 540 1812 meum,
568 1730 629 1792 tibi
657 1730 844 1794 commendo
868 1730 903 1793 in
926 1731 1082 1795 maiorem

128 1819 271 1884 modum:
304 1818 371 1882 eius
399 1818 498 1900 bona,
530 1817 798 1901 quemadmodum
827 1818 867 1880 ad
895 1839 946 1882 me
974 1819 1084 1883 delata

127 1931 178 1973 res
202 1912 265 1991 est,
291 1907 417 1991 publice
444 1906 649 1989 possidentur
676 1906 780 1970 alieno
809 1906 939 1970 nomine
967 1911 1082 1971 contra

127 1999 216 2082 leges
239 1995 489 2061 Calactinorum:
517 1994 549 2057 id
573 1995 600 2057 si
626 1994 672 2058 ita
700 1997 761 2078 est,
788 1994 884 2057 etiam
913 1994 982 2058 sine
1011 2015 1083 2060 mea

129 2084 405 2150 commendatione
429 2083 469 2146 ab
493 2082 652 2165 aequitate
674 2085 731 2146 tua
749 2102 800 2146 res
817 2083 889 2165 ipsa
908 2082 1082 2166 impetrare

129 2172 232 2255 debet,
254 2174 292 2235 ut
314 2172 343 2234 ei
366 2170 549 2253 subvenias,
572 2191 700 2253 quoquo
723 2169 818 2234 modo
842 2173 950 2233 autem
973 2191 1008 2234 se
1031 2191 1083 2235 res

128 2260 235 2341 habet,
257 2262 332 2342 peto
357 2263 444 2343 ate,
473 2262 510 2323 ut
531 2257 664 2323 honoris
686 2258 749 2321 11111
773 2279 869 2321 causa
892 2278 965 2325 eum
989 2279 1082 2342 expe·

130 2348 199 2411 dias
225 2349 416 2429 tantumque
449 2347 478 2410 ei
505 2346 685 2411 commodes
718 2348 750 2408 11
776 2346 812 2408 in
837 2345 899 2409 hac
925 2366 960 2408 11
988 2350 1022 2410 11
1047 2347 1083 2410 in

130 2436 256 2519 ceteris,
280 2438 436 2518 quantum
458 2437 515 2498 tua
536 2435 615 2498 fides
638 2433 842 2518 dignitasque
865 2434 1020 2518 patietur:
1049 2434 1083 2498 id

129 2524 209 2588 mihi
231 2523 437 2588 vehementer
459 2524 588 2606 gratum
611 2522 679 2585 erit.

513 2713 698 2779 XXXVIII.

408 2826 464 2891 Sor.
483 2826 589 2880 Rornae
608 2843 632 2879 a.
651 2845 677 2879 u.
697 2843 719 2880 c.
740 2832 799 2882 708.

261 2949 409 3005 CICERO
427 2949 547 3005 ACILI
548 2947 849 3005 arndeonem
861 2936 948 3002 'SAL

197 3051 232 3116 L.
255 3047 416 3134 Bruttius,
444 3071 539 3133 eques
561 3044 741 3131 Romanus,
768 3049 953 3113 adolescens
982 3050 1086 3113 omni·

131 3142 191 3206 bus
210 3141 305 3205 rebus
325 3141 466 3222 ornatus,
484 3139 519 3201 in
537 3137 616 3201 meis
635 3137 891 3200 familiarissimis
909 3140 954 3200 est
969 3158 1086 3221 meque

202 3369 254 3436 Ep.
274 3374 321 3434 36,
340 3373 365 3420 2.
401 3380 487 3420 meam
509 3380 530 3418 c.
554 3364 608 3418 sati
628 3378 727 3433 mapno
750 3364 835 3431 (W.)?
875 3364 920 3416 An
937 3379 972 3417 m.
990 3363 1047 3417 sibi
1064 3380 1086 3418 e.

132 3454 166 3491 m.
186 3439 270 3506 (W.)?
305 3455 339 3491 m.
359 3453 381 3490 o.
399 3453 434 3490 m.
452 3435 489 3489 Μ.
525 3433 577 3502 Ep.
596 3439 638 3488 37.
677 3433 895 3488 Calactinorum:
912 3433 944 3487 id
1024 3435 1087 3489 uub-

124 3510 236 3576 1111111·
251 3526 277 3580 q.
298 3508 372 3580 (W).
412 3506 442 3565 C.
470 3505 511 3563 Id
591 3504 666 3560 suala
693 3504 727 3574 Q.
743 3503 839 3572 uulgo.
