2370 3878
356 229 614 284 EPISTOLARUM
634 230 667 282 ΙΙ.
689 236 729 282 15.
751 236 791 282 1s.
1011 229 1054 292 53

93 375 235 442 hominis
255 375 449 439 effunderem
469 397 488 439 a
506 395 620 459 meque
639 374 707 459 ipse
727 374 894 438 deficerem
909 378 950 458 et,
969 374 1055 458 quod

94 465 188 530 initio
213 485 399 548 semperque
417 463 498 548 fugi,
521 463 606 526 civili
625 463 710 527 bello
727 464 924 527 interessem.
961 461 1054 538 Quod
1073 476 1089 524 2

94 557 145 617 est
166 553 268 637 igitur
289 574 397 616 meum
423 553 533 635 „triste
557 551 768 616 consilium“?
796 558 833 615 ut
860 551 1055 616 discederem

93 642 233 707 fortasse
247 640 283 704 in
296 640 420 724 aliquas
435 639 647 703 solitudines?
674 640 761 704 nosti
776 639 862 703 eninr
876 661 944 704 non
958 641 1055 706 modo

95 729 256 795 stomachi
277 729 354 812 mei,
384 728 474 792 euius
497 732 534 791 tu
557 728 693 791 similem
717 728 880 811 quondam
902 728 1056 813 habebas,

95 818 152 883 sed
185 818 282 881 etiarn
314 817 480 881 oculorum
511 816 547 879 in
574 816 743 880 hominum
771 816 978 881 insolentium
1007 816 1056 882 iu·

95 906 255 991 dignitate
291 905 471 986 fastidium3
508 905 630 968 accedit
667 905 764 967 etiam
801 906 937 969 molesta
976 905 1056 970 haee

97 1015 217 1079 pompa
247 993 398 1057 lictorum
430 1013 575 1057 meorum
606 1014 788 1075 nomenque
821 993 959 1076 imperii,
992 1016 1054 1076 quo

96 1083 256 1166 appellor:
280 1102 318 1146 eo
342 1082 369 1145 si
394 1102 490 1145 onere
514 1101 668 1163 carerem,
693 1079 838 1163 quamvis
862 1082 968 1162 parnis
991 1081 1056 1144 lta·

96 1172 159 1235 liae
191 1169 323 1232 latebris
361 1172 533 1232 contentus
566 1190 681 1251 essem3
718 1168 774 1232 sed
806 1168 941 1231 incurrit
976 1168 1057 1234 haec

96 1259 211 1323 nostra
232 1259 343 1321 laurus
365 1278 433 1322 non
456 1258 560 1320 solum
583 1257 618 1319 in
641 1258 765 1340 oeulos,
792 1257 848 1321 sed
871 1257 936 1320 iam
958 1258 1057 1322 etiam

97 1349 134 1410 in
154 1347 286 1410 voculas
309 1346 553 1410 malevolorum:
577 1346 662 1429 quod
681 1368 780 1430 quum
798 1347 845 1409 ita
863 1350 956 1429 esset,
974 1347 1057 1411 nihil

96 1440 207 1499 tamen
238 1455 393 1515 umquam
424 1434 462 1497 de
494 1434 693 1518 profectione
726 1435 789 1498 nisi
821 1434 912 1499 vobis
941 1457 1056 1518 appro-

97 1523 251 1587 bantibus
271 1522 425 1606 cogitavi3
448 1521 503 1585 sed
522 1544 594 1586 mea
612 1523 777 1606 praediola
795 1524 855 1586 tibi
874 1527 952 1587 nota
967 1528 1055 1587 sunt:

99 1613 134 1674 in
159 1610 211 1674 his
238 1610 317 1673 mihi
346 1631 474 1674 necesse
503 1614 553 1673 est
579 1633 661 1693 esse,
692 1633 733 1674 ne
761 1613 871 1675 anneis
902 1612 1056 1677 molestus

98 1701 174 1781 sim3
202 1699 288 1781 quod
316 1702 424 1761 autem
450 1699 486 1762 iu
509 1699 678 1762 maritimis
700 1700 852 1763 facillime
876 1722 960 1783 sum,
989 1723 1057 1765 mo-

98 1808 160 1851 veo
184 1786 349 1851 nonnullis
373 1787 588 1871 suspicionem
612 1788 693 1852 velle
716 1810 766 1851 me
784 1789 948 1872 navigare,
971 1789 1057 1871 quod

98 1880 211 1939 tamen
238 1875 376 1940 fortasse
404 1897 471 1939 non
498 1876 632 1959 nollem,
664 1876 691 1939 si
718 1898 846 1957 possem
873 1876 914 1938 ad
943 1877 1058 1959 otium3

99 1985 177 2027 nam
204 1963 245 2027 ad
272 1963 393 2027 bellum
421 1963 549 2045 quidem
577 1964 632 2047 qui
665 1963 836 2027 convenit?
869 1964 1057 2046 praesertim

99 2055 214 2116 contra
236 2073 324 2135 eum,
352 2052 403 2116 cui
432 2072 524 2135 spero
547 2073 598 2115 me
622 2050 829 2134 satisfecisse,
857 2051 896 2115 ab
926 2074 976 2136 eo,
1006 2054 1057 2116 cui

99 2141 166 2203 iam
193 2140 340 2203 satisfieri
370 2141 461 2203 nullo
488 2139 584 2204 modo
611 2142 728 2223 potest.
777 2139 901 2203 Deinde
930 2146 1091 2209 senten-s

99 2229 180 2291 tiam
203 2250 307 2292 meam
330 2232 367 2291 tu
389 2227 541 2291 facillime
564 2228 742 2312 perspicere
770 2229 906 2312 potuisti
928 2230 993 2292 iam
1016 2231 1057 2294 ab

100 2317 157 2380 illo
180 2320 337 2400 tempore,
365 2337 464 2400 quum
486 2316 521 2379 in
545 2313 724 2380 Cumanum
748 2317 827 2380 mihi
855 2317 983 2381 obviam
1005 2340 1057 2381 ve-

102 2405 190 2468 nisti:
220 2406 398 2469 nonenim
420 2407 453 2467 le
476 2404 577 2468 celavi
600 2426 780 2469 sermonem
804 2404 839 2469 T.
862 2404 985 2488 Ampii3
1012 2407 1057 2469 vi-

103 2493 187 2576 disti,
211 2515 307 2576 quam
330 2493 536 2557 abhorrerem
560 2493 600 2556 ab
619 2494 697 2557 urbe
716 2493 936 2576 relinquenda,
959 2516 1057 2577 quum

101 2581 274 2645 audissem:
306 2602 415 2645 noune
443 2581 503 2644 tibi
531 2581 689 2645 affirmavi
718 2582 843 2665 quidvis
870 2603 921 2644 me
949 2583 1057 2664 potius

100 2690 326 2753 perpessurum
350 2691 446 2752 quam
470 2691 509 2732 ex
530 2668 626 2734 ltalia
650 2670 690 2733 ad
717 2670 837 2735 bellum
865 2669 956 2732 civile
982 2666 1056 2756 [me]

101 2757 285 2822 exiturum?
330 2756 414 2833 Quid
437 2779 515 2843 ergo
538 2759 663 2842 accidit,
686 2780 742 2823 cur
763 2758 933 2823 eonsilium
955 2763 1058 2823 muta-

100 2845 191 2909 rem?
219 2868 329 2911 noune
353 2845 462 2910 omnia
483 2847 605 2931 potius,
629 2847 724 2911 utin
747 2848 907 2911 sententia
934 2869 1058 2931 perma-

72 3008 74 3012 .
101 2933 232 2998 nerem?
278 2932 398 3001 Credas
420 2935 483 2999 hoe
505 2935 585 2998 mihi
607 2935 717 3019 velim,
746 2935 831 3019 quod
855 2939 933 3018 puto
956 2941 989 2999 te
1012 2937 1059 2999 ita

100 3022 292 3107 existimare,
314 3044 365 3087 me
389 3044 427 3086 ex
450 3022 501 3087 his
524 3024 660 3087 miseriis
682 3023 764 3086 nihil
788 3024 875 3087 aliud
898 3044 1058 3107 quaerere,

100 3109 165 3172 nisi
188 3113 226 3172 ut
246 3110 394 3175 homines
418 3111 591 3195 aliquando
614 3112 800 3195 intelligant
818 3134 869 3175 me
888 3112 968 3175 nihil
992 3133 1058 3173 ma·

100 3196 199 3260 luisse
222 3218 319 3280 quam
341 3221 468 3284 pacem,
491 3221 529 3263 ea
551 3199 720 3282 desperata
742 3200 824 3263 nihil
846 3204 914 3262 tarn
936 3198 1057 3282 fugisse

172 3424 223 3493 Ep.
241 3431 282 3492 16,
299 3430 323 3477 2.
360 3426 623 3493 nibiltamenlw.).
660 3428 702 3481 nil
715 3432 734 3479 t.
749 3426 816 3479 ΜΒ.
853 3431 877 3478 3.
906 3423 1058 3493 deciduus]

99 3509 141 3546 en.
161 3494 236 3561 (W.).
275 3496 380 3551 civilem
398 3513 438 3550 ex.
458 3497 494 3549 M.
542 3499 619 3552 civile
638 3513 678 3551 cu.
698 3497 744 3551 W.
764 3497 849 3564 olim,
864 3495 900 3548 b,
924 3525 958 3533 —
979 3500 1010 3547 te
1025 3496 1073 3545 'utu

99 3566 256 3620 motinense
274 3566 347 3635 (W).
385 3572 411 3621 te
428 3567 461 3622 r'd
476 3584 517 3622 eu.
538 3568 575 3624 M.
615 3575 641 3626 te
660 3587 701 3626 cn.
722 3569 825 3642 uulgo.
