2370 3878
128 168 194 232 244
410 169 447 223 Μ.
467 169 590 223 TULLII
609 167 798 224 CICERONIS

128 314 281 398 quoniam
295 311 426 396 Galliae,
445 335 525 397 quae
543 313 666 377 habent
684 315 936 399 intercessorem,
954 317 989 378 in
1008 338 1083 379 ean-

128 404 201 466 dem
214 402 444 485 condicionem,
459 424 555 486 quarn
569 406 691 466 ceterae
705 404 899 487 provinciae,
917 408 1083 468 vocantur.

128 490 199 555 Hoc
222 491 302 554 mihi
325 512 392 556 non
415 494 465 555 est
487 490 632 573 dubium3
660 513 723 574 quo
751 491 811 554 tibi
834 493 937 576 magis
962 494 1084 576 scripsi,

92 582 166 649 aut
188 579 229 642 ad
251 579 338 644 huno
361 583 511 643 eventum
533 584 565 643 te
588 601 727 663 parares.
772 579 852 644 Fere
877 581 993 644 litteris
1007 604 1083 644 om-

128 668 223 731 nibus
246 668 306 731 tibi
330 668 369 732 de
391 668 558 751 pantheris
582 668 706 751 scripsi:
736 671 830 752 turpe
857 668 917 732 tibi
941 670 1002 732 erit
1024 668 1084 733 Pa-

128 757 244 819 tiscum
273 753 405 821 Curioni
437 757 546 821 decem
577 757 752 840 pantheras
785 757 922 840 misisse,
953 761 986 820 te
1016 779 1084 821 non

129 845 238 908 multis
270 846 415 929 partibus
448 847 569 929 plures,
601 866 680 928 quas
708 845 795 929 ipsas
823 842 919 910 Curio
948 846 1028 909 mihi
1052 851 1084 909 et

130 934 208 997 alias
229 932 398 998 Africanas
422 934 531 998 decem
554 933 695 1017 donavit,
718 956 758 997 ne
781 937 875 1017 putes
898 935 989 996 illum
1012 938 1083 997 tan-

129 1025 199 1086 tum
221 1023 353 1106 praedia
374 1023 495 1087 rustica
518 1023 593 1086 dare
622 1023 711 1086 scire.
756 1021 819 1104 Tu,
850 1023 877 1085 si
900 1022 995 1085 modo
1019 1044 1083 1085 me-

129 1111 232 1176 moria
259 1111 400 1176 tenueris
429 1115 462 1176 et
484 1108 652 1195 Cibyratas
676 1110 856 1174 arcessieris
886 1110 1025 1192 itemque
1049 1112 1084 1174 in

129 1198 353 1283 Pamphyliam
375 1200 499 1263 litteras
522 1200 703 1263 miseris-
717 1220 794 1262 narn
815 1197 861 1261 ibi
884 1199 991 1281 plures
1012 1201 1083 1282 capi

130 1288 222 1352 aiunt
245 1325 301 1370 —,
332 1288 418 1371 quod
449 1289 551 1370 voles,
583 1287 710 1351 efficies
759 1285 831 1351 Hoc
863 1287 1083 1350 vehementius

129 1376 241 1440 laboro
264 1396 360 1459 nunc,
383 1376 468 1460 quod
487 1397 613 1440 seorsus
632 1398 651 1439 a
670 1376 794 1460 collega
812 1378 891 1459 puto
915 1375 994 1438 mihi
1017 1397 1083 1439 om-

129 1464 185 1526 nia
206 1463 359 1547 paranda.
404 1462 531 1528 Amabo
554 1467 599 1546 te,
622 1464 744 1546 impera
765 1462 826 1526 tibi
848 1463 918 1526 hoe.
964 1461 1083 1527 Curare

131 1552 214 1616 soles
236 1552 382 1635 libenter,
404 1555 441 1616 ut
464 1571 524 1635 ego
543 1552 697 1616 maiorem
715 1555 839 1634 partem
858 1552 939 1615 nihil
959 1573 1083 1615 curare:

129 1640 165 1703 in
195 1640 258 1704 hoo
289 1639 420 1724 negotio
448 1640 538 1704 nulla
565 1644 622 1703 tua
648 1640 711 1703 nisi
738 1640 890 1723 loquendi
920 1662 996 1704 cura
1026 1644 1111 1723 est,

130 1728 192 1793 hoc
220 1732 269 1792 est
294 1728 474 1813 imperandi
501 1731 533 1791 et
559 1727 747 1810 mandandi,
775 1750 864 1812 nam,
892 1730 1084 1812 simulatque

131 1820 227 1882 erunt
248 1821 379 1902 captae,
391 1818 445 1901 qui
468 1819 558 1881 alant
576 1839 629 1881 eas
648 1820 681 1881 et
699 1817 878 1901 deportent,
900 1819 1000 1881 habes
1020 1839 1084 1899 eos,

132 1928 212 1989 quos
239 1907 280 1971 ad
308 1905 480 1971 Sittianam
507 1905 725 1990 syngrapham
752 1906 837 1988 misi,
869 1910 947 1990 puto
978 1906 1084 1988 etiarn,

132 1995 160 2060 si
181 1996 281 2060 ullam
304 2017 394 2080 spem
416 1995 496 2058 rnihi
512 1996 629 2059 litteris
648 1995 835 2077 ostenderis,
857 2016 907 2059 me
926 1995 988 2058 isto
1010 1994 1083 2057 mis-

97 2106 242 2162 4surum
279 2085 367 2148 alios.
425 2082 468 2147 Μ.
505 2082 683 2167 Feridium,
718 2083 857 2167 equitem
892 2083 1084 2164 Romanum,

133 2171 227 2235 amici
249 2173 312 2235 mei
332 2172 443 2254 filium,
465 2172 587 2235 bonum
605 2174 638 2235 et
656 2175 821 2235 strenuum
840 2169 1084 2250 adolescentem,

133 2261 188 2343 qui
211 2258 252 2322 ad
275 2281 368 2323 suurn
390 2258 557 2345 negotium
584 2259 667 2324 istuc
689 2258 790 2339 venit,
812 2255 872 2318 tibi
887 2255 1083 2320 ‘commendo

133 2351 167 2412 11
197 2351 229 2411 te
261 2368 355 2432 rogo,
386 2351 423 2412 ut
455 2368 527 2410 eum
558 2348 593 2411 in
623 2351 754 2411 tuorum
784 2364 916 2407 numero
948 2342 1083 2405 habeas:

134 2457 244 2522 agros,
271 2457 351 2519 quos
378 2434 571 2499 fructuarios
598 2435 721 2498 habent
747 2432 905 2513 civitates,
935 2431 1005 2494 vult
1027 2434 1084 2495 tuo

133 2525 302 2608 beneficio,
335 2523 420 2607 quod
447 2522 506 2587 tibi
533 2522 627 2586 facile
659 2524 692 2584 11
716 2520 889 2584 honestum
917 2519 1006 2582 factu
1035 2520 1085 2602 sit,

134 2615 292 2679 immunes
316 2633 398 2695 esse3
421 2613 531 2696 gratos
554 2613 587 2672 et
609 2609 712 2673 bonos
735 2608 820 2672 viros
843 2608 903 2671 tibi
923 2608 1085 2691 obligaris.

100 2702 220 2768 oNolo
247 2706 280 2766 11
307 2704 421 2785 putare
448 2698 627 2763 Favonium
655 2718 674 2760 a
702 2696 906 2761 columnariis
934 2697 1085 2779 praeteri-

135 2796 217 2855 tum:
251 2790 390 2873 optimus
423 2788 556 2873 quisque
584 2807 657 2850 eum
684 2807 751 2850 non
780 2774 865 2848 fecit.
914 2784 1085 2867 Pompeius

135 2883 210 2943 tuus
229 2881 338 2962 aperte
356 2897 420 2943 111
436 2876 502 2942 cult
519 2872 689 2939 Gaesarem
712 2880 744 2938 11
762 2873 960 2957 provinciam
977 2876 1086 2936 tenere

136 2989 209 3031 cum
237 2966 377 3030 exercitu
409 2969 442 3030 11
473 2965 631 3030 consulent
658 2983 734 3039 essa·
766 2962 834 3046 ipse
866 2965 976 3025 tamen
1002 2961 1087 3023 hano

137 3055 329 3121 sententiam
353 3053 441 3137 dixit,
463 3053 587 3118 nullum
609 3052 671 3117 hoc
693 3055 837 3135 tempore
860 3052 989 3113 senatus
1013 3070 1087 3113 con·

138 3146 257 3210 sultum
279 3142 476 3226 faciendum,
499 3139 604 3225 Scipio
627 3141 725 3224 hanc,
748 3143 784 3203 ut
806 3137 878 3201 Kal.
900 3137 1026 3200 Martiis
1049 3137 1088 3202 do

208 3301 258 3370 Ep.
279 3307 303 3367 9,
318 3305 342 3354 2.
380 3300 466 3364 cond,
484 3314 566 3368 qaam
584 3297 650 3366 (Μ.).
694 3312 726 3362 a,
744 3297 775 3348 in
792 3311 874 3364 quam
892 3293 1038 3357 Bentivol,
1057 3292 1087 3344 Β,

139 3377 163 3424 5.
187 3376 278 3440 aperte
295 3386 352 3425 non
367 3371 427 3424 1111
441 3369 581 3424 Gaesarem
601 3408 641 3421 ...
660 3367 793 3423 consulem
807 3381 875 3430 1111·
892 3366 950 3432 ipse
964 3363 1013 3431 (Ia,
1024 3361 1087 3427 W.).

128 3456 173 3504 ap.
199 3441 554 3498 0...111111111111.
577 3437 687 3508 ipch.
733 3453 777 3505 ap.
798 3435 826 3490 0.
909 3433 1008 3489 consul.
1032 3432 1089 3500 ipsc

115 3506 154 3558 M·
178 3539 215 3548 -
226 3515 401 3579 provincias
419 3519 509 3572 111111
528 3511 613 3584 11111
