2370 3878
135 188 200 253 648
390 186 570 243 EPISTOLA
588 189 620 255 Q.
638 187 831 244 CICERONIS
867 274 871 278 Ι

134 335 275 418 primum
303 356 341 398 ex
368 355 407 399 eo
435 334 552 399 iudicio
577 337 647 399 tem
673 354 773 419 egens
803 333 973 420 discessit,
1006 352 1097 421 quem

135 423 266 507 quidam
298 422 418 487 iudices
450 422 518 486 eins
550 426 627 488 ente
656 421 736 487 illud
767 421 926 489 iudicium
959 423 1098 510 fuerunt,

135 510 250 575 deinde
276 513 345 575 tam
371 509 564 594 invidiosus,
594 513 633 575 ut
659 510 746 575 aliud
776 510 813 575 in
841 531 919 576 enm
943 513 1098 578 iudicium

135 598 278 683 quotidie
309 597 483 683 flcffltetur.
536 597 599 664 Hic
631 619 666 662 se
697 598 743 663 sic
773 598 890 684 babet,
922 604 967 665 ut
998 603 1099 687 magis

133 687 256 770 timeat,
278 687 404 752 etiamsi
428 687 554 772 quierit,
576 708 673 771 quarn
690 691 729 751 ut
744 690 949 772 contemnat,
974 690 1099 774 siquid

94 791 119 830 11
134 775 351 840 commoverit.
396 774 526 850 Quanto
548 775 662 840 melior
682 775 745 841 tibi
769 774 905 840 fortuna
926 778 1100 860 petitionis

135 862 211 926 date
233 867 283 928 est
305 884 402 947 quam
424 884 528 947 nuper
548 863 674 929 bomini
695 884 794 946 novo,
823 861 858 928 O.
882 861 1020 932 Caelio!
1050 867 1099 931 ille

1 1000 3 1005 .
134 972 207 1015 cum
230 951 356 1017 duobus
377 952 564 1017 hominibus
586 952 634 1016 ita
656 951 864 1017 nobilissimis
888 954 1047 1039 petebat,
1067 959 1100 1019 ut

133 1042 244 1104 tamen
265 1041 301 1104 in
323 1040 364 1104 iis
386 1041 496 1104 omnis
517 1040 620 1124 pluris
647 1043 757 1105 essent
778 1062 877 1123 quem
906 1041 988 1124 ipsa
1011 1044 1099 1108 nobi·

133 1128 221 1193 litas:
245 1148 370 1192 summa
387 1127 529 1213 ingenia,
547 1148 690 1193 summus
708 1127 821 1212 pudor,
837 1128 988 1211 plurima
1007 1131 1100 1196 bene·

132 1215 215 1298 ficio,
238 1237 364 1281 summa
385 1217 469 1281 ratio
493 1238 531 1280 ao
554 1216 722 1302 diligentia
744 1215 890 1300 petendi3
917 1238 961 1282 ac
990 1222 1101 1284 tamen

133 1325 244 1368 eorum
266 1305 403 1369 alterum
426 1301 566 1387 Caelius,
593 1325 692 1388 quum
714 1305 817 1369 multo
842 1304 989 1373 inferior
1018 1311 1102 1373 esset

92 1408 264 1477 legerere,
287 1393 432 1477 superior
453 1394 544 1457 nulla
566 1414 600 1456 re
622 1413 739 1478 paene,
766 1394 943 1477 superarit.
994 1395 1101 1472 Quare

132 1481 205 1563 tibi,
237 1481 265 1544 si
295 1481 394 1545 facies
426 1502 477 1564 ea,
509 1502 591 1565 quae
622 1484 740 1546 natura
765 1483 799 1545 et
825 1481 951 1566 studia,
982 1485 1102 1568 quibus

133 1588 258 1651 semper
281 1590 358 1632 usus
381 1590 424 1652 es,
446 1570 639 1653 largiuntur,
660 1590 743 1653 quae
761 1569 917 1653 temporis
936 1572 994 1636 tui
1016 1573 1101 1639 ratio
1138 1574 1142 1619 ¹=

132 1654 302 1739 desiderat,
321 1677 406 1740 quae
428 1659 531 1741 potes,
553 1677 636 1740 quae
659 1655 765 1740 debes,
786 1678 854 1722 non
876 1658 942 1722 erit
964 1659 1101 1727 difficile
1140 1660 1142 1669 '

132 1748 295 1810 certamen
324 1766 397 1810 cum
428 1744 468 1810 iis
498 1745 776 1829 competitoribus,
802 1745 858 1829 qui
884 1767 1101 1834 nequaquem

132 1837 209 1898 sunt
231 1839 299 1898 tam
322 1853 440 1918 genere
461 1833 608 1920 insignes
631 1855 728 1917 quam
750 1833 837 1898 vitiis
854 1834 1004 1920 nobiles3
1028 1839 1101 1921 quis

132 1922 218 1986 enim
240 1922 374 2005 reperiri
400 1925 509 2006 potest
530 1925 599 1987 tam
620 1921 788 2006 improbus
810 1922 903 2006 civis,
930 1925 994 2007 qui
1022 1927 1101 1990 velit

131 2031 197 2074 uno
235 2010 388 2095 suffragio
425 2009 506 2075 dues
543 2010 580 2074 in
614 2030 683 2074 rem
719 2009 882 2095 publicam
918 2010 1010 2078 sices
1048 2014 1101 2078 de·

133 2097 313 2182 stringere?

95 2180 114 2228 4
198 2185 367 2270 Quoniam,
390 2209 471 2271 quae
490 2186 633 2252 subsidia
650 2186 805 2251 novitatis
822 2185 963 2253 haberes
989 2193 1025 2254 et
1043 2191 1101 2256 ha·

90 2246 118 2287 ¹³
131 2275 206 2340 bere
224 2297 351 2359 posses,
373 2276 521 2360 exposui,
544 2295 630 2340 nunc
653 2274 693 2339 de
715 2274 939 2359 magnitudine
964 2280 1101 2362 petitio·

131 2363 183 2426 uis
197 2363 369 2428 dicendum
386 2365 525 2429 ridetur:
549 2363 753 2429 consulatum
771 2363 863 2447 petis,
881 2380 948 2447 quo
969 2365 1101 2432 honore

131 2472 227 2515 nemo
250 2455 300 2515 est
323 2451 401 2535 quin
423 2455 456 2515 te
475 2451 610 2537 dignum
628 2451 811 2534 arbitretur,
833 2451 890 2515 sed
908 2454 1019 2538 multi,
1044 2457 1102 2540 qui

130 2539 312 2622 invideant,
339 2538 422 2623 petis
450 2540 537 2602 enim
558 2539 657 2604 homo
680 2560 720 2603 ex
742 2539 882 2623 equestri
908 2540 986 2607 loeo
1012 2564 1101 2608 snm·

131 2650 220 2692 mum
248 2630 355 2693 locum
382 2627 522 2691 civitatis
549 2630 646 2710 atque
672 2628 721 2692 ita
747 2649 920 2711 summum,
948 2633 991 2695 ut
1017 2631 1102 2697 forti

131 2717 270 2799 homini,
297 2717 430 2797 diserto,
461 2715 627 2780 innocenti
658 2716 760 2781 multo
787 2717 873 2781 idem
901 2717 959 2780 ille
989 2719 1104 2786 honos

131 2805 204 2887 plus
232 2802 453 2887 amplitudinis
481 2824 579 2887 quam
611 2804 724 2871 ceteris
756 2805 877 2870 afferat.
926 2803 1011 2871 Noli
1042 2830 1103 2894 pu·

130 2897 200 2954 tare
224 2912 293 2974 eos,
320 2891 375 2974 qui
402 2895 479 2956 sunt
506 2913 544 2957 eo
566 2891 690 2958 bonore
713 2894 778 2977 usi,
806 2914 873 2958 non
896 2893 1026 2980 ridere,
1055 2902 1106 2983 tu,

132 3001 231 3064 quum
260 2979 346 3043 idem
373 2979 417 3043 sis
445 2980 596 3064 adeptus,
624 2980 701 3065 quid
724 2981 892 3067 dignitatis
919 2981 1106 3051 habiturus

132 3069 189 3150 sis3
216 3089 270 3133 eos
294 3087 384 3150 vero,
406 3068 462 3150 qui
484 3069 708 3133 consularibus
730 3068 863 3134 familiis
890 3070 962 3134 neti
986 3072 1105 3139 locum

130 3157 289 3221 maiorum
312 3156 475 3221 consecuti
502 3176 571 3221 uon
593 3161 684 3240 sunt,
707 3158 852 3241 suspicor
873 3157 948 3241 tibi,
979 3161 1052 3227 nisi
1077 3163 1105 3228 si

131 3244 186 3328 qui
201 3243 373 3310 admodum
391 3246 424 3307 te
444 3248 564 3327 amant,
581 3245 738 3330 invidere;
759 3246 857 3311 etiam
870 3266 976 3312 novos
991 3248 1107 3317 homi·

129 3352 188 3397 nes
206 3332 385 3418 praetorios
403 3331 560 3415 existimo,
582 3331 646 3396 nisi
665 3334 720 3418 qui
739 3338 797 3400 tuo
815 3332 974 3401 beneficio
994 3337 1106 3407 vincti

197 3531 224 3598 3,
242 3531 284 3586 10.
322 3522 461 3583 iudicium
480 3523 593 3594 suerunt
611 3523 655 3592 uu
664 3526 696 3591 tr
