2370 3878
332 179 591 234 EPISTOLARUM
609 178 642 234 V.
663 185 686 233 5.
706 185 730 233 6.
948 179 1009 242 127

52 345 121 388 non
150 324 363 406 committam,
390 327 427 387 ut
454 323 514 387 tibi
541 324 604 406 ipsi
630 323 772 386 insanire
799 323 916 387 videar.
961 324 1012 388 Ea

54 433 135 495 quae
155 412 221 476 sint
239 416 271 475 et
290 411 478 493 cuiusmodi,
496 412 617 494 poteris
637 433 675 475 ex
692 411 873 494 Pomponio
893 433 1011 496 cogno-

54 521 150 564 scere.
186 499 294 584 Atque
313 499 419 582 ipsum
437 499 497 563 tibi
515 497 730 582 Pomponium
748 499 795 563 ita
814 502 1012 584 commendo,

54 591 105 670 ut,
138 609 333 670 quamquam
365 588 466 671 ipsius
500 609 596 651 causa
628 587 754 652 confido
786 590 818 651 te
849 587 1011 652 facturum

55 696 124 739 esse
148 675 269 758 omnia,
296 679 406 739 tamen
430 675 487 739 abs
515 680 547 739 te
570 675 632 740 hoc
654 679 777 759 petam,
804 679 854 758 ut,
882 676 908 739 si
936 676 1012 759 quid

54 764 91 826 in
116 767 149 826 te
176 763 295 827 residet
322 764 441 828 amoris
474 784 552 847 erga
578 785 643 847 me,
674 763 707 827 id
736 785 830 828 omne
857 763 892 827 in
920 762 1013 828 Pom-

54 851 146 935 ponii
168 851 300 935 negotio
326 852 489 916 ostendas:
520 852 581 916 hoc
608 851 688 916 mihi
715 851 798 915 nibil
821 852 944 936 gratius
965 851 1013 915 fa·

56 961 126 1003 cere
150 945 252 1022 potes.

505 1131 562 1196 VI.

201 1243 257 1298 Sor.
277 1244 383 1297 Romae
402 1259 496 1298 mense
514 1243 661 1298 Decembri
679 1259 704 1298 a.
724 1262 751 1298 u.
770 1260 793 1298 c.
813 1250 872 1299 692.

166 1366 203 1418 M.
232 1365 359 1421 CICERO
384 1366 410 1420 S.
433 1367 467 1422 D.
492 1367 522 1421 P.
547 1367 678 1423 SESTIO
695 1367 725 1421 L.
750 1367 780 1422 Ρ.
804 1367 908 1432 Paeo.

126 1464 231 1540 Quum
255 1466 295 1529 ad
321 1487 371 1529 1110
394 1465 512 1530 Decius
539 1467 689 1531 librarius
716 1468 857 1531 venisset
884 1469 1048 1552 egisset-1

59 1575 120 1638 que
144 1574 278 1636 mecum,
300 1558 337 1618 ut
360 1575 489 1636 operam
514 1555 631 1638 darem,
653 1577 694 1619 110
713 1556 773 1619 tibi
791 1555 853 1619 hoo
871 1559 1015 1639 tempore

62 1641 297 1720 succederetur,
330 1662 524 1725 quamquam
554 1643 646 1707 illum
677 1644 842 1707 hominem
868 1644 956 1728 frugi
984 1647 1016 1707 et

59 1730 119 1793 tibi
152 1730 289 1793 amicum
321 1731 557 1814 existimabam,
589 1735 713 1815 tamen,
744 1731 830 1814 quod
861 1733 1016 1795 memoria

58 1818 223 1901 tenebam,
250 1817 427 1882 cuiusmodi
455 1819 495 1882 ad
518 1840 569 1882 me
591 1819 715 1883 litteras
743 1823 839 1882 antea
866 1820 1016 1901 misisses

60 1906 229 1971 nonsatis
253 1906 371 1969 credidi
393 1906 519 1971 homini
540 1906 704 1989 prudenti,
731 1910 800 1969 tam
826 1906 919 1969 valde
947 1927 1015 1970 esse

60 1997 219 2057 mutatam
254 1993 455 2056 voluntatem
491 1996 595 2075 tuam,
633 1992 702 2076 sed,
737 1996 948 2076 posteaquam
985 1998 1017 2057 et

61 2079 212 2146 Cornelia
243 2083 300 2143 tua
328 2079 512 2144 Terentiam
545 2080 696 2144 convenit
723 2083 756 2144 et
787 2101 848 2166 ego
876 2102 948 2145 oum
981 2081 1016 2157 Q.

61 2167 212 2234 Cornelio
236 2167 363 2232 locutus
387 2189 466 2251 sum,
490 2168 622 2232 adhibui
645 2169 855 2254 diligentiam,
878 2170 1016 2253 quoties-

61 2277 197 2340 cumque
222 2260 352 2320 senatus
374 2256 450 2339 fuit,
477 2261 514 2320 ut
537 2258 694 2341 adessem,
723 2257 959 2341 plurimumque
982 2259 1017 2321 in

62 2367 99 2410 00
123 2344 246 2430 negotii
269 2344 377 2428 habui,
400 2349 437 2409 ut
459 2344 495 2420 Q.
508 2343 638 2410 Fufium
658 2346 824 2411 tribunum
847 2347 890 2430 pl.
913 2350 946 2410 et
968 2367 1017 2409 ce·

61 2438 158 2516 10100,
181 2434 222 2497 ad
245 2455 325 2516 quos
352 2437 389 2497 tu
413 2433 600 2517 scripseras,
628 2453 775 2518 cogerem
802 2434 882 2498 mihi
909 2434 1017 2517 potius

63 2522 190 2586 credere
223 2543 319 2604 quam
350 2521 415 2586 tuis
447 2523 572 2587 litteris.
626 2519 767 2586 Omnino
798 2543 849 2586 res
881 2525 951 2586 tota
982 2523 1018 2585 111

62 2631 205 2674 mensem
228 2609 414 2674 Ianuarium
440 2611 558 2675 reiecta
581 2613 663 2693 erat,
690 2609 746 2674 sed
772 2609 866 2674 facile
894 2611 1017 2674 obtine-

62 2699 166 2763 batur.
211 2696 284 2784 Ego
312 2702 369 2763 tua
399 2699 616 2783 gratulatione
643 2702 836 2780 commotus,
864 2697 949 2780 quod
977 2697 1052 2763 ada

63 2808 114 2850 me
141 2786 266 2870 pridem
294 2787 467 2871 scripseras
493 2788 631 2852 vellete
658 2787 741 2851 benc
764 2784 906 2869 evenire,
932 2787 1017 2869 quod

64 2874 102 2936 de
122 2872 237 2939 Crasso
257 2874 387 2939 domum
406 2875 562 2959 emissem,
585 2875 649 2941 emi
671 2896 742 2939 eam
765 2874 869 2957 ipsam
888 2874 1018 2938 domum

64 2959 129 3024 HS.
161 2961 296 3026 XXXV.
329 2963 494 3045 aliquanto
526 2968 601 3047 post
632 2967 723 3028 tuam
755 2962 1018 3047 gratulationem

64 3049 172 3130 itaque
204 3070 290 3113 nunc
321 3070 372 3112 me
400 3049 481 3114 scito
503 3053 632 3115 tantum
658 3051 777 3114 habere
807 3051 889 3114 aeris
913 3049 1018 3130 alieni,

65 3139 102 3198 ut
126 3135 252 3217 cupiam
275 3137 452 3220 coniurare,
475 3138 502 3201 si
521 3138 690 3222 quisquam
707 3137 850 3221 recipiat,
873 3138 928 3201 sed
946 3157 1018 3219 par·

64 3223 124 3286 tim
148 3222 221 3287 odio
244 3223 367 3288 inducti
389 3246 440 3289 me
463 3226 636 3296 excludunt
663 3229 696 3290 et
720 3230 833 3310 aperte
860 3224 1019 3290 vindicem

134 3431 186 3503 Eo·
207 3438 231 3501 1,
246 3439 271 3488 3.
307 3434 360 3489 tibi
376 3435 433 3503 011
449 3436 501 3491 aa.
522 3434 678 3503 maa-n).
707 3395 911 3501 1111010110.
931 3429 1018 3498 1111.

63 3502 113 3572 Ep.
135 3510 159 3571 6,
175 3510 198 3558 2.
235 3507 354 3560 sestertio
371 3506 462 3561 tricies
480 3505 623 3575 quinquies
642 3505 709 3574 (W.)
