2370 3878
129 209 194 272 4Ἱο
410 211 447 264 Μ.
467 210 590 266 TULLII
609 211 799 269 CICERONIS

128 357 256 417 tantum
279 357 319 416 61.
333 354 430 417 talem
454 355 684 439 calamitosum,
707 358 847 442 aliquem
871 361 1017 427 afferant
1040 387 1091 429 cu·

128 442 250 504 mulum
273 462 362 504 meae
385 442 524 524 litterae,
552 466 614 527 quo
643 445 816 512 studiosius
840 469 927 532 eum,
959 452 1090 533 quibus·

92 541 109 587 2
129 549 263 612 cumque
286 530 380 592 rebus
398 530 512 612 possis,
530 531 627 596 iuves
665 531 756 607 Quod
777 535 804 598 si
818 533 943 600 Romae
963 539 1088 622 fuisses,

128 617 225 679 etiam
248 618 384 679 salutem
406 616 444 680 A.
469 616 633 703 Caecinae,
647 642 798 706 essemus,
820 627 856 686 ut
880 625 994 717 opinio
1018 650 1088 692 inea

126 703 198 785 fert,
221 707 332 786 perte
356 707 525 788 conscenti,
550 706 588 770 de
612 730 675 790 qua
693 711 802 773 tamen
820 732 978 796 magnam
998 737 1087 798 spem

126 790 295 873 habemus,
322 791 396 856 freti
419 794 587 857 elementia
610 797 751 881 collegae
778 799 840 861 tui:
873 821 976 883 nunc,
1010 825 1085 886 quo-

127 879 215 942 niam
243 883 332 943 tuam
360 881 515 945 iustitiam
544 887 670 947 secutus
697 885 896 950 tutissimum
925 889 989 952 sibi
1013 913 1084 972 por·

127 970 196 1030 tum
214 968 411 1050 provinciam
430 970 526 1033 istam
544 970 635 1034 duxit
653 993 730 1054 esse,
753 974 850 1037 etiam
869 979 968 1060 atque
988 979 1084 1042 etiam

126 1066 158 1117 te
182 1077 261 1140 rogo
291 1060 385 1140 atquc
415 1079 483 1136 oro,
510 1061 547 1120 ut
574 1080 645 1122 eum
673 1063 706 1123 et
731 1061 766 1124 in
792 1062 937 1146 reliquiis
966 1067 1083 1129 veteris

126 1145 355 1227 negotiationis
374 1146 560 1230 colligendis
583 1146 672 1211 iuves
695 1151 727 1212 61
745 1150 857 1214 ceteris
875 1151 974 1216 rebus
993 1157 1083 1238 tegas

127 1235 223 1316 atque
245 1236 368 1297 tueare:
392 1233 453 1297 hoo
475 1234 554 1297 mihi
577 1237 699 1318 gratius
723 1236 826 1301 facere
848 1238 931 1302 nihil
954 1245 1058 1323 potes.

535 1409 666 1474 LXVII.

405 1510 460 1567 Ser.
480 1512 585 1568 Romae
604 1530 628 1567 a.
648 1533 675 1568 u.
694 1531 716 1569 o.
738 1520 795 1569 708.

267 1625 305 1679 M.
325 1624 453 1680 CICERO
472 1626 502 1680 P.
523 1627 689 1683 SERVILIO
708 1628 838 1686 PROPR.
858 1627 937 1685 SAL.

94 1738 107 1786 1
194 1724 245 1790 Ex
266 1725 431 1809 provincia
453 1748 525 1791 mea
543 1726 713 1810 Ciliciensi,
736 1729 787 1792 oui
810 1728 871 1793 seis
890 1741 980 1811 τρεῖς
1000 1733 1081 1796 διοι-

128 1811 239 1898 κήσεις
260 1815 419 1878 Asiaticas
444 1816 615 1880 attributas
642 1816 754 1898 fuisse,
781 1818 870 1882 nullo
894 1840 968 1883 sum
991 1820 1080 1884 fami-

128 1905 238 1970 liarius
260 1926 337 1968 usus
362 1925 457 1988 quam
476 1903 638 1985 Androne,
660 1904 844 1968 Artemonis
867 1905 943 1989 filio,
967 1907 1081 1973 Laodi·

129 1994 224 2075 censi,
248 2014 381 2077 cumque
404 1992 503 2055 habui
525 1993 560 2055 in
583 2013 620 2055 ea
643 1992 770 2056 civitate
791 2014 888 2076 quum
911 1995 1081 2078 hospitem,

128 2086 198 2144 tum
224 2082 428 2145 vehementer
456 2078 495 2143 ad
527 2101 615 2143 meae
647 2081 731 2143 vitae
762 2081 919 2145 rationem
948 2087 982 2147 et
1008 2105 1081 2148 con-

130 2170 328 2233 suetudinem
361 2168 647 2250 aceommodatum,
685 2190 778 2252 quem
815 2169 943 2252 quidem
980 2173 1081 2235 multo

130 2258 227 2320 etiam
244 2258 354 2340 pluris,
372 2260 580 2340 posteaquam
600 2256 728 2338 decessi,
746 2256 848 2320 facere
872 2258 973 2341 coepi,
997 2259 1082 2344 quod

129 2345 238 2409 multis
256 2346 351 2408 rebus
369 2348 517 2427 expertus
536 2367 606 2408 sum
629 2347 757 2428 gratum
774 2345 937 2409 hominem
956 2347 1082 2430 meique

129 2454 311 2498 memorem.
364 2432 477 2515 Itaque
505 2454 577 2496 eum
604 2431 726 2497 Romae
757 2432 969 2497 libentissime
1002 2435 1081 2515 vidi3

130 2544 197 2586 non
218 2525 250 2585 te
278 2520 363 2584 enim
390 2519 485 2603 fugit,
514 2520 568 2602 qui
594 2521 739 2602 plurimis
766 2521 801 2584 in
828 2521 891 2584 ista
917 2523 1083 2605 provincia

95 2623 111 2671 2
130 2611 269 2695 benigne
287 2608 399 2688 fecisti,
419 2629 515 2690 quam
533 2608 626 2671 multi
645 2609 729 2692 grati
747 2607 956 2691 reperiantur.
994 2609 1083 2673 Haec

130 2704 300 2783 propterea
323 2696 443 2778 scripsi,
467 2699 503 2759 ut
525 2699 557 2758 et
574 2716 625 2758 me
643 2717 710 2759 non
729 2697 796 2760 sine
820 2718 916 2761 causa
935 2698 1083 2762 laborare

130 2787 326 2870 intelligeres
358 2788 390 2847 ct
420 2787 456 2847 tu
488 2784 556 2866 ipse
589 2805 661 2847 eum
694 2785 826 2869 dignum
857 2785 1000 2868 hospitio
1027 2790 1083 2850 tuo

66 2928 69 2934 .
131 2875 296 2938 iudicares.
345 2871 470 2937 Feceris
497 2873 596 2957 igitur
622 2872 701 2936 mihi
733 2873 966 2957 gratissimum,
1000 2875 1029 2938 si
1055 2875 1085 2937 ei

132 2961 310 3043 declararis,
334 2961 446 3044 quanti
464 2982 514 3024 me
533 2961 640 3044 facias,
663 2960 771 3045 idest,
791 2960 818 3025 si
835 2963 992 3044 receperis
1012 2983 1086 3026 eum

131 3053 166 3116 in
188 3051 283 3115 fidem
305 3053 395 3113 tuam
418 3052 462 3131 et,
490 3050 740 3132 quibuscumque
767 3049 862 3112 rebus
884 3049 1019 3114 honeste
1049 3071 1086 3113 ac

133 3141 201 3205 sine
229 3137 377 3203 molestia
402 3141 459 3200 tua
480 3138 614 3220 poteris,
637 3136 809 3201 adiuveris:
836 3137 898 3201 hoe
921 3137 1002 3202 mihi
1025 3138 1087 3202 erit

131 3229 334 3292 vehementer
356 3229 492 3310 gratum,
514 3225 608 3308 idque
631 3228 668 3289 ut
689 3225 788 3288 facias
811 3228 843 3288 te
866 3224 964 3290 etiam
989 3229 1086 3311 atque

132 3317 230 3380 etiam
251 3335 339 3398 regu.

201 3471 253 3542 Ep.
278 3476 364 3540 66,1.
401 3469 587 3524 0010101106001
609 3467 655 3537 Μ,
675 3468 768 3538 vulgo.
818 3469 894 3540 [cat]
920 3468 1035 3539 Kleyn.‚
1055 3471 1087 3526 B.

116 3543 278 3616 Ep,67,1.
317 3541 503 3602 Laodiceensi
550 3539 635 3612 qur
