<?xml version="1.0" encoding="UTF-8"?>
<!DOCTYPE html PUBLIC "-//W3C//DTD XHTML 1.0 Transitional//EN"
    "http://www.w3.org/TR/xhtml1/DTD/xhtml1-transitional.dtd">
<html xmlns="http://www.w3.org/1999/xhtml" xml:lang="en" lang="en">
 <head>
  <title>
</title>
<meta http-equiv="Content-Type" content="text/html;charset=utf-8" />
  <meta name='ocr-system' content='tesseract 3.04.00' />
  <meta name='ocr-capabilities' content='ocr_page ocr_carea ocr_par ocr_line ocrx_word'/>
</head>
<body>
  <div class='ocr_page' id='page_1' title='image "./epistolae00cicegoog_0019.png"; bbox 0 0 2370 3878; ppageno 0'>
   <div class='ocr_carea' id='block_1_1' title="bbox 13 135 814 237">
    <p class='ocr_par' dir='ltr' id='par_1_1' title="bbox 13 135 814 237">
     <span class='ocr_line' id='line_1_1' title="bbox 13 135 814 237; baseline 0.005 -17"><span class='ocrx_word' id='word_1_1' title='bbox 13 135 27 162; x_wconf 73' lang='lat'><em>¹</em></span> <span class='ocrx_word' id='word_1_2' title='bbox 141 169 161 234; x_wconf 89' lang='lat'><em>8</em></span> <span class='ocrx_word' id='word_1_3' title='bbox 428 168 466 222; x_wconf 86' lang='lat' dir='ltr'>n.</span> <span class='ocrx_word' id='word_1_4' title='bbox 481 167 604 224; x_wconf 80' lang='lat' dir='ltr'>runnu</span> <span class='ocrx_word' id='word_1_5' title='bbox 623 167 814 237; x_wconf 77' lang='lat' dir='ltr'>oronaoms</span> 
     </span>
    </p>
   </div>
   <div class='ocr_carea' id='block_1_2' title="bbox 113 311 1096 749">
    <p class='ocr_par' dir='ltr' id='par_1_2' title="bbox 140 311 1096 395">
     <span class='ocr_line' id='line_1_2' title="bbox 140 311 1096 395; baseline 0.005 -18"><span class='ocrx_word' id='word_1_6' title='bbox 140 313 205 377; x_wconf 88' lang='lat' dir='ltr'>illis</span> <span class='ocrx_word' id='word_1_7' title='bbox 227 311 334 377; x_wconf 87' lang='lat' dir='ltr'>fraudi</span> <span class='ocrx_word' id='word_1_8' title='bbox 358 333 454 395; x_wconf 87' lang='lat' dir='ltr'>quam</span> <span class='ocrx_word' id='word_1_9' title='bbox 475 312 536 381; x_wconf 90' lang='lat' dir='ltr'>tibi</span> <span class='ocrx_word' id='word_1_10' title='bbox 557 313 712 377; x_wconf 85' lang='lat' dir='ltr'>futurum.</span> <span class='ocrx_word' id='word_1_11' title='bbox 747 312 778 378; x_wconf 83' lang='lat' dir='ltr'>A</span> <span class='ocrx_word' id='word_1_12' title='bbox 801 336 852 378; x_wconf 89' lang='lat' dir='ltr'>me</span> <span class='ocrx_word' id='word_1_13' title='bbox 874 316 1000 380; x_wconf 91' lang='lat' dir='ltr'>nullum</span> <span class='ocrx_word' id='word_1_14' title='bbox 1017 320 1096 382; x_wconf 87' lang='lat' dir='ltr'>tem-</span> 
     </span>
    </p>

    <p class='ocr_par' dir='ltr' id='par_1_3' title="bbox 140 400 1095 490">
     <span class='ocr_line' id='line_1_3' title="bbox 140 400 1095 490; baseline 0.005 -26"><span class='ocrx_word' id='word_1_15' title='bbox 140 423 202 487; x_wconf 92' lang='lat' dir='ltr'>pus</span> <span class='ocrx_word' id='word_1_16' title='bbox 224 401 492 486; x_wconf 74' lang='lat' dir='ltr'>praetermittitur</span> <span class='ocrx_word' id='word_1_17' title='bbox 514 400 553 464; x_wconf 89' lang='lat' dir='ltr'>de</span> <span class='ocrx_word' id='word_1_18' title='bbox 573 402 638 465; x_wconf 88' lang='lat' dir='ltr'>tuis</span> <span class='ocrx_word' id='word_1_19' title='bbox 656 401 752 466; x_wconf 89' lang='lat' dir='ltr'>rebus</span> <span class='ocrx_word' id='word_1_20' title='bbox 770 405 804 466; x_wconf 88' lang='lat' dir='ltr'>et</span> <span class='ocrx_word' id='word_1_21' title='bbox 821 404 939 488; x_wconf 87' lang='lat' dir='ltr'>agendi</span> <span class='ocrx_word' id='word_1_22' title='bbox 957 407 990 468; x_wconf 89' lang='lat' dir='ltr'>et</span> <span class='ocrx_word' id='word_1_23' title='bbox 1010 406 1095 490; x_wconf 86' lang='lat' dir='ltr'>cogi·</span> 
     </span>
    </p>

    <p class='ocr_par' dir='ltr' id='par_1_4' title="bbox 140 488 1096 577">
     <span class='ocr_line' id='line_1_4' title="bbox 140 488 1096 577; baseline 0.003 -23"><span class='ocrx_word' id='word_1_24' title='bbox 140 489 245 572; x_wconf 82' lang='lat' dir='ltr'>tandi3</span> <span class='ocrx_word' id='word_1_25' title='bbox 267 493 343 554; x_wconf 89' lang='lat' dir='ltr'>utor</span> <span class='ocrx_word' id='word_1_26' title='bbox 365 488 406 552; x_wconf 88' lang='lat' dir='ltr'>ad</span> <span class='ocrx_word' id='word_1_27' title='bbox 429 490 538 554; x_wconf 92' lang='lat' dir='ltr'>omnia</span> <span class='ocrx_word' id='word_1_28' title='bbox 560 488 596 565; x_wconf 80' lang='lat' dir='ltr'>Q.</span> <span class='ocrx_word' id='word_1_29' title='bbox 620 488 751 575; x_wconf 76' lang='lat' dir='ltr'>Selicio,</span> <span class='ocrx_word' id='word_1_30' title='bbox 777 512 882 574; x_wconf 89' lang='lat' dir='ltr'>neque</span> <span class='ocrx_word' id='word_1_31' title='bbox 909 493 996 556; x_wconf 88' lang='lat' dir='ltr'>enim</span> <span class='ocrx_word' id='word_1_32' title='bbox 1022 516 1096 577; x_wconf 90' lang='lat' dir='ltr'>pru-</span> 
     </span>
    </p>

    <p class='ocr_par' dir='ltr' id='par_1_5' title="bbox 113 577 1096 749">
     <span class='ocr_line' id='line_1_5' title="bbox 141 577 1096 665; baseline 0.004 -24"><span class='ocrx_word' id='word_1_33' title='bbox 141 577 320 642; x_wconf 88' lang='lat' dir='ltr'>dentiorem</span> <span class='ocrx_word' id='word_1_34' title='bbox 338 599 531 661; x_wconf 91' lang='lat' dir='ltr'>quemquam</span> <span class='ocrx_word' id='word_1_35' title='bbox 549 598 587 641; x_wconf 83' lang='lat' dir='ltr'>ex</span> <span class='ocrx_word' id='word_1_36' title='bbox 605 579 669 643; x_wconf 89' lang='lat' dir='ltr'>tuis</span> <span class='ocrx_word' id='word_1_37' title='bbox 687 600 791 665; x_wconf 88' lang='lat' dir='ltr'>neque</span> <span class='ocrx_word' id='word_1_38' title='bbox 808 579 871 645; x_wconf 90' lang='lat' dir='ltr'>fide</span> <span class='ocrx_word' id='word_1_39' title='bbox 892 581 1013 646; x_wconf 87' lang='lat' dir='ltr'>maiore</span> <span class='ocrx_word' id='word_1_40' title='bbox 1027 603 1096 647; x_wconf 82' lang='lat' dir='ltr'>esse</span> 
     </span>
     <span class='ocr_line' id='line_1_6' title="bbox 113 665 690 749; baseline 0.005 -20"><span class='ocrx_word' id='word_1_41' title='bbox 113 702 115 706; x_wconf 33' lang='grc' dir='ltr'><em>ν</em></span> <span class='ocrx_word' id='word_1_42' title='bbox 140 666 246 731; x_wconf 89' lang='lat' dir='ltr'>iudico</span> <span class='ocrx_word' id='word_1_43' title='bbox 270 686 374 749; x_wconf 91' lang='lat' dir='ltr'>neque</span> <span class='ocrx_word' id='word_1_44' title='bbox 398 665 610 730; x_wconf 88' lang='lat' dir='ltr'>amantiorem</span> <span class='ocrx_word' id='word_1_45' title='bbox 632 667 690 732; x_wconf 89' lang='lat' dir='ltr'>tui.</span> 
     </span>
    </p>
   </div>
   <div class='ocr_carea' id='block_1_3' title="bbox 172 859 1059 1042">
    <p class='ocr_par' dir='ltr' id='par_1_6' title="bbox 172 859 1059 1042">
     <span class='ocr_line' id='line_1_7' title="bbox 569 859 663 926; baseline -0.011 0"><span class='ocrx_word' id='word_1_46' title='bbox 569 859 611 926; x_wconf 89' lang='lat' dir='ltr'>V.</span> <span class='ocrx_word' id='word_1_47' title='bbox 632 860 663 925; x_wconf 93' lang='lat' dir='ltr'>b.</span> 
     </span>
     <span class='ocr_line' id='line_1_8' title="bbox 172 969 1059 1042; baseline 0.001 -16"><span class='ocrx_word' id='word_1_48' title='bbox 172 969 229 1026; x_wconf 81' lang='lat' dir='ltr'>Ser.</span> <span class='ocrx_word' id='word_1_49' title='bbox 243 971 348 1028; x_wconf 86' lang='lat' dir='ltr'>Romae</span> <span class='ocrx_word' id='word_1_50' title='bbox 361 988 456 1028; x_wconf 88' lang='lat' dir='ltr'>mense</span> <span class='ocrx_word' id='word_1_51' title='bbox 470 971 623 1028; x_wconf 75' lang='lat' dir='ltr'>Februario</span> <span class='ocrx_word' id='word_1_52' title='bbox 638 973 715 1042; x_wconf 88' lang='lat' dir='ltr'>(post</span> <span class='ocrx_word' id='word_1_53' title='bbox 726 970 774 1026; x_wconf 89' lang='lat' dir='ltr'>VI.</span> <span class='ocrx_word' id='word_1_54' title='bbox 788 972 865 1042; x_wconf 85' lang='lat' dir='ltr'>Idus)</span> <span class='ocrx_word' id='word_1_55' title='bbox 879 989 904 1027; x_wconf 91' lang='lat' dir='ltr'>a.</span> <span class='ocrx_word' id='word_1_56' title='bbox 918 990 946 1028; x_wconf 89' lang='lat' dir='ltr'>u.</span> <span class='ocrx_word' id='word_1_57' title='bbox 961 990 984 1028; x_wconf 90' lang='lat' dir='ltr'>c.</span> <span class='ocrx_word' id='word_1_58' title='bbox 999 979 1059 1030; x_wconf 86' lang='grc'><strong>698.</strong></span> 
     </span>
    </p>
   </div>
   <div class='ocr_carea' id='block_1_4' title="bbox 281 1094 953 1152">
    <p class='ocr_par' dir='ltr' id='par_1_7' title="bbox 281 1094 953 1152">
     <span class='ocr_line' id='line_1_9' title="bbox 281 1094 953 1152; baseline 0.001 -3"><span class='ocrx_word' id='word_1_59' title='bbox 281 1095 318 1149; x_wconf 87' lang='grc' dir='ltr'>Μ.</span> <span class='ocrx_word' id='word_1_60' title='bbox 333 1095 461 1150; x_wconf 78' lang='lat' dir='ltr'>CICERO</span> <span class='ocrx_word' id='word_1_61' title='bbox 481 1094 508 1150; x_wconf 84' lang='lat' dir='ltr'>S.</span> <span class='ocrx_word' id='word_1_62' title='bbox 522 1095 556 1149; x_wconf 90' lang='lat' dir='ltr'>D.</span> <span class='ocrx_word' id='word_1_63' title='bbox 570 1095 600 1149; x_wconf 90' lang='lat' dir='ltr'>P.</span> <span class='ocrx_word' id='word_1_64' title='bbox 615 1094 787 1151; x_wconf 79' lang='lat' dir='ltr'>LENTULO</span> <span class='ocrx_word' id='word_1_65' title='bbox 806 1095 953 1152; x_wconf 77' lang='lat' dir='ltr'>Paucos</span> 
     </span>
    </p>
   </div>
   <div class='ocr_carea' id='block_1_5' title="bbox 19 1193 1130 3306">
    <p class='ocr_par' dir='ltr' id='par_1_8' title="bbox 105 1193 1096 1983">
     <span class='ocr_line' id='line_1_10' title="bbox 105 1193 1096 1282; baseline 0.006 -28"><span class='ocrx_word' id='word_1_66' title='bbox 105 1208 120 1254; x_wconf 92' lang='lat'>1</span> <span class='ocrx_word' id='word_1_67' title='bbox 206 1194 269 1260; x_wconf 86' lang='lat' dir='ltr'>Hic</span> <span class='ocrx_word' id='word_1_68' title='bbox 293 1216 374 1280; x_wconf 88' lang='lat' dir='ltr'>quae</span> <span class='ocrx_word' id='word_1_69' title='bbox 398 1197 538 1279; x_wconf 88' lang='lat' dir='ltr'>agantur</span> <span class='ocrx_word' id='word_1_70' title='bbox 560 1216 704 1279; x_wconf 88' lang='lat' dir='ltr'>quaeque</span> <span class='ocrx_word' id='word_1_71' title='bbox 727 1199 801 1259; x_wconf 88' lang='lat' dir='ltr'>aeta</span> <span class='ocrx_word' id='word_1_72' title='bbox 823 1196 897 1280; x_wconf 91' lang='lat' dir='ltr'>sint,</span> <span class='ocrx_word' id='word_1_73' title='bbox 921 1193 983 1282; x_wconf 80' lang='lat' dir='ltr'>[ea]</span> <span class='ocrx_word' id='word_1_74' title='bbox 1005 1199 1039 1260; x_wconf 90' lang='lat' dir='ltr'>te</span> <span class='ocrx_word' id='word_1_75' title='bbox 1062 1200 1096 1260; x_wconf 86' lang='lat' dir='ltr'>et</span> 
     </span>
     <span class='ocr_line' id='line_1_11' title="bbox 138 1282 1096 1368; baseline 0.002 -22"><span class='ocrx_word' id='word_1_76' title='bbox 138 1282 255 1347; x_wconf 89' lang='lat' dir='ltr'>litteris</span> <span class='ocrx_word' id='word_1_77' title='bbox 278 1284 453 1346; x_wconf 89' lang='lat' dir='ltr'>multorum</span> <span class='ocrx_word' id='word_1_78' title='bbox 471 1286 505 1345; x_wconf 90' lang='lat' dir='ltr'>et</span> <span class='ocrx_word' id='word_1_79' title='bbox 522 1283 645 1346; x_wconf 87' lang='lat' dir='ltr'>nuntiis</span> <span class='ocrx_word' id='word_1_80' title='bbox 663 1303 819 1368; x_wconf 80' lang='lat' dir='ltr'>cognosse</span> <span class='ocrx_word' id='word_1_81' title='bbox 837 1284 990 1366; x_wconf 81' lang='lat' dir='ltr'>arbitror3</span> <span class='ocrx_word' id='word_1_82' title='bbox 1012 1305 1096 1368; x_wconf 85' lang='lat' dir='ltr'>quae</span> 
     </span>
     <span class='ocr_line' id='line_1_12' title="bbox 140 1369 1096 1456; baseline 0.002 -22"><span class='ocrx_word' id='word_1_83' title='bbox 140 1375 248 1435; x_wconf 89' lang='lat' dir='ltr'>autem</span> <span class='ocrx_word' id='word_1_84' title='bbox 270 1371 377 1454; x_wconf 88' lang='lat' dir='ltr'>posita</span> <span class='ocrx_word' id='word_1_85' title='bbox 404 1369 541 1434; x_wconf 86' lang='lat' dir='ltr'>suntin</span> <span class='ocrx_word' id='word_1_86' title='bbox 564 1370 748 1434; x_wconf 89' lang='lat' dir='ltr'>coniectura</span> <span class='ocrx_word' id='word_1_87' title='bbox 774 1393 918 1456; x_wconf 88' lang='lat' dir='ltr'>quaeque</span> <span class='ocrx_word' id='word_1_88' title='bbox 945 1372 1096 1437; x_wconf 87' lang='lat' dir='ltr'>videntur</span> 
     </span>
     <span class='ocr_line' id='line_1_13' title="bbox 138 1458 1094 1544; baseline 0.002 -22"><span class='ocrx_word' id='word_1_89' title='bbox 138 1459 222 1541; x_wconf 87' lang='lat' dir='ltr'>fore,</span> <span class='ocrx_word' id='word_1_90' title='bbox 250 1480 289 1522; x_wconf 89' lang='lat' dir='ltr'>ea</span> <span class='ocrx_word' id='word_1_91' title='bbox 315 1461 395 1544; x_wconf 91' lang='lat' dir='ltr'>puto</span> <span class='ocrx_word' id='word_1_92' title='bbox 422 1458 482 1521; x_wconf 92' lang='lat' dir='ltr'>tibi</span> <span class='ocrx_word' id='word_1_93' title='bbox 510 1479 530 1520; x_wconf 89' lang='lat' dir='ltr'>a</span> <span class='ocrx_word' id='word_1_94' title='bbox 556 1478 608 1520; x_wconf 88' lang='lat' dir='ltr'>me</span> <span class='ocrx_word' id='word_1_95' title='bbox 635 1459 731 1522; x_wconf 84' lang='lat' dir='ltr'>scribi</span> <span class='ocrx_word' id='word_1_96' title='bbox 759 1464 915 1543; x_wconf 75' lang='lat' dir='ltr'>oportere.</span> <span class='ocrx_word' id='word_1_97' title='bbox 963 1460 1094 1524; x_wconf 89' lang='lat' dir='ltr'>Postea·</span> 
     </span>
     <span class='ocr_line' id='line_1_14' title="bbox 140 1545 1095 1632; baseline 0.002 -22"><span class='ocrx_word' id='word_1_98' title='bbox 140 1569 237 1630; x_wconf 89' lang='lat' dir='ltr'>quam</span> <span class='ocrx_word' id='word_1_99' title='bbox 259 1546 431 1630; x_wconf 89' lang='lat' dir='ltr'>Pompeius</span> <span class='ocrx_word' id='word_1_100' title='bbox 454 1547 487 1609; x_wconf 90' lang='lat' dir='ltr'>et</span> <span class='ocrx_word' id='word_1_101' title='bbox 502 1545 595 1632; x_wconf 21' lang='lat' dir='ltr'>&#39;apud</span> <span class='ocrx_word' id='word_1_102' title='bbox 622 1547 777 1629; x_wconf 91' lang='lat' dir='ltr'>populum</span> <span class='ocrx_word' id='word_1_103' title='bbox 800 1569 828 1611; x_wconf 88' lang='lat' dir='ltr'>a.</span> <span class='ocrx_word' id='word_1_104' title='bbox 851 1546 880 1610; x_wconf 93' lang='lat' dir='ltr'>d.</span> <span class='ocrx_word' id='word_1_105' title='bbox 904 1546 995 1612; x_wconf 86' lang='lat' dir='ltr'><strong>VIII.</strong></span> <span class='ocrx_word' id='word_1_106' title='bbox 1017 1547 1095 1612; x_wconf 90' lang='lat' dir='ltr'>Idus</span> 
     </span>
     <span class='ocr_line' id='line_1_15' title="bbox 139 1633 1093 1718; baseline 0 -19"><span class='ocrx_word' id='word_1_107' title='bbox 139 1634 340 1718; x_wconf 86' lang='lat' dir='ltr'>Februarias,</span> <span class='ocrx_word' id='word_1_108' title='bbox 363 1656 461 1718; x_wconf 92' lang='lat' dir='ltr'>quum</span> <span class='ocrx_word' id='word_1_109' title='bbox 484 1655 543 1717; x_wconf 91' lang='lat' dir='ltr'>pro</span> <span class='ocrx_word' id='word_1_110' title='bbox 562 1633 683 1698; x_wconf 87' lang='lat' dir='ltr'>Milone</span> <span class='ocrx_word' id='word_1_111' title='bbox 707 1634 834 1718; x_wconf 91' lang='lat' dir='ltr'>diceret,</span> <span class='ocrx_word' id='word_1_112' title='bbox 857 1635 995 1700; x_wconf 87' lang='lat' dir='ltr'>elamore</span> <span class='ocrx_word' id='word_1_113' title='bbox 1019 1657 1093 1701; x_wconf 89' lang='lat' dir='ltr'>con-</span> 
     </span>
     <span class='ocr_line' id='line_1_16' title="bbox 139 1720 1093 1807; baseline 0 -20"><span class='ocrx_word' id='word_1_114' title='bbox 139 1723 286 1806; x_wconf 85' lang='lat' dir='ltr'>vicioque</span> <span class='ocrx_word' id='word_1_115' title='bbox 308 1723 447 1786; x_wconf 86' lang='lat' dir='ltr'>iactatus</span> <span class='ocrx_word' id='word_1_116' title='bbox 470 1722 574 1785; x_wconf 88' lang='lat' dir='ltr'>estin</span> <span class='ocrx_word' id='word_1_117' title='bbox 597 1726 774 1804; x_wconf 81' lang='lat' dir='ltr'>senatuque</span> <span class='ocrx_word' id='word_1_118' title='bbox 794 1745 813 1786; x_wconf 90' lang='lat' dir='ltr'>a</span> <span class='ocrx_word' id='word_1_119' title='bbox 836 1720 958 1787; x_wconf 82' lang='lat' dir='ltr'>Catone</span> <span class='ocrx_word' id='word_1_120' title='bbox 982 1744 1093 1807; x_wconf 86' lang='lat' dir='ltr'>aspere</span> 
     </span>
     <span class='ocr_line' id='line_1_17' title="bbox 141 1810 1095 1895; baseline 0.001 -21"><span class='ocrx_word' id='word_1_121' title='bbox 141 1814 174 1874; x_wconf 92' lang='lat' dir='ltr'>et</span> <span class='ocrx_word' id='word_1_122' title='bbox 205 1811 317 1875; x_wconf 87' lang='lat' dir='ltr'>acerbe</span> <span class='ocrx_word' id='word_1_123' title='bbox 348 1811 484 1874; x_wconf 92' lang='lat' dir='ltr'>nimium</span> <span class='ocrx_word' id='word_1_124' title='bbox 515 1830 635 1894; x_wconf 88' lang='lat' dir='ltr'>magno</span> <span class='ocrx_word' id='word_1_125' title='bbox 672 1810 800 1876; x_wconf 92' lang='lat' dir='ltr'>silentio</span> <span class='ocrx_word' id='word_1_126' title='bbox 837 1815 886 1874; x_wconf 89' lang='lat' dir='ltr'>est</span> <span class='ocrx_word' id='word_1_127' title='bbox 918 1817 1095 1895; x_wconf 87' lang='lat' dir='ltr'>accusatus,</span> 
     </span>
     <span class='ocr_line' id='line_1_18' title="bbox 140 1899 1093 1983; baseline -0.001 -20"><span class='ocrx_word' id='word_1_128' title='bbox 140 1899 228 1963; x_wconf 86' lang='lat' dir='ltr'>visus</span> <span class='ocrx_word' id='word_1_129' title='bbox 251 1903 301 1964; x_wconf 91' lang='lat' dir='ltr'>est</span> <span class='ocrx_word' id='word_1_130' title='bbox 322 1899 402 1963; x_wconf 90' lang='lat' dir='ltr'>mihi</span> <span class='ocrx_word' id='word_1_131' title='bbox 424 1899 630 1964; x_wconf 77' lang='lat' dir='ltr'>vehementeu</span> <span class='ocrx_word' id='word_1_132' title='bbox 652 1919 721 1963; x_wconf 89' lang='lat' dir='ltr'>esse</span> <span class='ocrx_word' id='word_1_133' title='bbox 743 1899 963 1983; x_wconf 71' lang='lat' dir='ltr'>perturbatus,</span> <span class='ocrx_word' id='word_1_134' title='bbox 985 1900 1093 1983; x_wconf 90' lang='lat' dir='ltr'>itaque</span> 
     </span>
    </p>

    <p class='ocr_par' dir='ltr' id='par_1_9' title="bbox 118 1986 1095 2160">
     <span class='ocr_line' id='line_1_19' title="bbox 118 1986 1095 2072; baseline 0 -21"><span class='ocrx_word' id='word_1_135' title='bbox 118 1986 360 2052; x_wconf 83' lang='lat' dir='ltr'>·Alexandrina</span> <span class='ocrx_word' id='word_1_136' title='bbox 387 2009 497 2070; x_wconf 89' lang='lat' dir='ltr'>causa,</span> <span class='ocrx_word' id='word_1_137' title='bbox 528 2008 609 2070; x_wconf 88' lang='lat' dir='ltr'>quae</span> <span class='ocrx_word' id='word_1_138' title='bbox 636 1987 731 2052; x_wconf 91' lang='lat' dir='ltr'>nobis</span> <span class='ocrx_word' id='word_1_139' title='bbox 759 1987 863 2052; x_wconf 87' lang='lat' dir='ltr'>adhue</span> <span class='ocrx_word' id='word_1_140' title='bbox 890 1987 1018 2072; x_wconf 87' lang='lat' dir='ltr'>integra</span> <span class='ocrx_word' id='word_1_141' title='bbox 1046 1991 1095 2051; x_wconf 88' lang='lat' dir='ltr'>est</span> 
     </span>
     <span class='ocr_line' id='line_1_20' title="bbox 141 2075 1094 2160; baseline -0.001 -21"><span class='ocrx_word' id='word_1_142' title='bbox 141 2111 183 2121; x_wconf 93' lang='lat'>-</span> <span class='ocrx_word' id='word_1_143' title='bbox 206 2075 289 2139; x_wconf 85' lang='lat' dir='ltr'>nihil</span> <span class='ocrx_word' id='word_1_144' title='bbox 316 2076 402 2140; x_wconf 88' lang='lat' dir='ltr'>enim</span> <span class='ocrx_word' id='word_1_145' title='bbox 429 2076 489 2140; x_wconf 94' lang='lat' dir='ltr'>tibi</span> <span class='ocrx_word' id='word_1_146' title='bbox 516 2075 655 2139; x_wconf 81' lang='lat' dir='ltr'>detraxit</span> <span class='ocrx_word' id='word_1_147' title='bbox 682 2079 812 2141; x_wconf 90' lang='lat' dir='ltr'>senatus</span> <span class='ocrx_word' id='word_1_148' title='bbox 840 2076 903 2140; x_wconf 89' lang='lat' dir='ltr'>nisi</span> <span class='ocrx_word' id='word_1_149' title='bbox 930 2076 976 2158; x_wconf 90' lang='lat' dir='ltr'>id,</span> <span class='ocrx_word' id='word_1_150' title='bbox 1009 2075 1094 2160; x_wconf 92' lang='lat' dir='ltr'>quod</span> 
     </span>
    </p>

    <p class='ocr_par' dir='ltr' id='par_1_10' title="bbox 19 2162 1096 2247">
     <span class='ocr_line' id='line_1_21' title="bbox 19 2162 1096 2247; baseline -0.001 -20"><span class='ocrx_word' id='word_1_151' title='bbox 19 2162 23 2169; x_wconf 83' lang='lat'>&#39;</span> <span class='ocrx_word' id='word_1_152' title='bbox 140 2184 198 2247; x_wconf 87' lang='lat' dir='ltr'>per</span> <span class='ocrx_word' id='word_1_153' title='bbox 225 2163 359 2227; x_wconf 89' lang='lat' dir='ltr'>eandem</span> <span class='ocrx_word' id='word_1_154' title='bbox 385 2163 575 2246; x_wconf 81' lang='lat' dir='ltr'>religionem</span> <span class='ocrx_word' id='word_1_155' title='bbox 602 2164 672 2227; x_wconf 88' lang='lat' dir='ltr'>dari</span> <span class='ocrx_word' id='word_1_156' title='bbox 699 2164 791 2228; x_wconf 89' lang='lat' dir='ltr'>alteri</span> <span class='ocrx_word' id='word_1_157' title='bbox 817 2185 885 2228; x_wconf 92' lang='lat' dir='ltr'>non</span> <span class='ocrx_word' id='word_1_158' title='bbox 912 2167 1020 2245; x_wconf 89' lang='lat' dir='ltr'>potest</span> <span class='ocrx_word' id='word_1_159' title='bbox 1042 2199 1096 2246; x_wconf 90' lang='lat'>—,</span> 
     </span>
    </p>

    <p class='ocr_par' dir='ltr' id='par_1_11' title="bbox 104 2249 1094 2334">
     <span class='ocr_line' id='line_1_22' title="bbox 104 2249 1094 2334; baseline 0.003 -25"><span class='ocrx_word' id='word_1_160' title='bbox 104 2264 121 2309; x_wconf 79' lang='lat'><strong>2</strong></span> <span class='ocrx_word' id='word_1_161' title='bbox 140 2250 266 2315; x_wconf 84' lang='lat' dir='ltr'>videtur</span> <span class='ocrx_word' id='word_1_162' title='bbox 289 2251 329 2315; x_wconf 91' lang='lat' dir='ltr'>ab</span> <span class='ocrx_word' id='word_1_163' title='bbox 352 2251 408 2315; x_wconf 94' lang='lat' dir='ltr'>illo</span> <span class='ocrx_word' id='word_1_164' title='bbox 432 2251 527 2334; x_wconf 89' lang='lat' dir='ltr'>plane</span> <span class='ocrx_word' id='word_1_165' title='bbox 555 2271 624 2315; x_wconf 87' lang='lat' dir='ltr'>esse</span> <span class='ocrx_word' id='word_1_166' title='bbox 652 2251 806 2334; x_wconf 89' lang='lat' dir='ltr'>deposita.</span> <span class='ocrx_word' id='word_1_167' title='bbox 850 2249 947 2314; x_wconf 91' lang='lat' dir='ltr'>Nunc</span> <span class='ocrx_word' id='word_1_168' title='bbox 968 2249 1002 2313; x_wconf 90' lang='lat' dir='ltr'>id</span> <span class='ocrx_word' id='word_1_169' title='bbox 1025 2271 1094 2334; x_wconf 90' lang='lat' dir='ltr'>spe-</span> 
     </span>
    </p>

    <p class='ocr_par' dir='ltr' id='par_1_12' title="bbox 41 2337 1096 2423">
     <span class='ocr_line' id='line_1_23' title="bbox 41 2337 1096 2423; baseline -0.002 -19"><span class='ocrx_word' id='word_1_170' title='bbox 41 2358 45 2365; x_wconf 89' lang='lat'>·</span> <span class='ocrx_word' id='word_1_171' title='bbox 140 2362 249 2404; x_wconf 86' lang='lat' dir='ltr'>ramus</span> <span class='ocrx_word' id='word_1_172' title='bbox 271 2339 367 2423; x_wconf 90' lang='lat' dir='ltr'>idque</span> <span class='ocrx_word' id='word_1_173' title='bbox 390 2339 549 2421; x_wconf 85' lang='lat' dir='ltr'>molimur,</span> <span class='ocrx_word' id='word_1_174' title='bbox 570 2341 608 2402; x_wconf 89' lang='lat' dir='ltr'>ut</span> <span class='ocrx_word' id='word_1_175' title='bbox 626 2359 693 2420; x_wconf 88' lang='lat' dir='ltr'>rex,</span> <span class='ocrx_word' id='word_1_176' title='bbox 721 2360 819 2422; x_wconf 88' lang='lat' dir='ltr'>quum</span> <span class='ocrx_word' id='word_1_177' title='bbox 837 2337 999 2422; x_wconf 89' lang='lat' dir='ltr'>intelligat</span> <span class='ocrx_word' id='word_1_178' title='bbox 1017 2359 1096 2421; x_wconf 85' lang='lat' dir='ltr'>sese,</span> 
     </span>
    </p>

    <p class='ocr_par' dir='ltr' id='par_1_13' title="bbox 142 2425 1130 2513">
     <span class='ocr_line' id='line_1_24' title="bbox 142 2425 1130 2513; baseline -0.001 -22"><span class='ocrx_word' id='word_1_179' title='bbox 142 2428 228 2512; x_wconf 88' lang='lat' dir='ltr'>quod</span> <span class='ocrx_word' id='word_1_180' title='bbox 255 2427 432 2513; x_wconf 80' lang='lat' dir='ltr'>cogitabat,</span> <span class='ocrx_word' id='word_1_181' title='bbox 463 2431 501 2490; x_wconf 90' lang='lat' dir='ltr'>ut</span> <span class='ocrx_word' id='word_1_182' title='bbox 527 2448 546 2490; x_wconf 90' lang='lat' dir='ltr'>a</span> <span class='ocrx_word' id='word_1_183' title='bbox 572 2425 726 2509; x_wconf 90' lang='lat' dir='ltr'>Pompeio</span> <span class='ocrx_word' id='word_1_184' title='bbox 753 2425 937 2509; x_wconf 88' lang='lat' dir='ltr'>reducatur,</span> <span class='ocrx_word' id='word_1_185' title='bbox 968 2427 1095 2510; x_wconf 88' lang='lat' dir='ltr'>assequi</span> <span class='ocrx_word' id='word_1_186' title='bbox 1125 2495 1130 2504; x_wconf 65' lang='grc'>,</span> 
     </span>
    </p>

    <p class='ocr_par' dir='ltr' id='par_1_14' title="bbox 141 2513 1094 2600">
     <span class='ocr_line' id='line_1_25' title="bbox 141 2513 1094 2600; baseline -0.003 -19"><span class='ocrx_word' id='word_1_187' title='bbox 141 2538 209 2581; x_wconf 91' lang='lat' dir='ltr'>non</span> <span class='ocrx_word' id='word_1_188' title='bbox 231 2538 326 2600; x_wconf 89' lang='lat' dir='ltr'>posse</span> <span class='ocrx_word' id='word_1_189' title='bbox 349 2518 390 2599; x_wconf 89' lang='lat' dir='ltr'>et,</span> <span class='ocrx_word' id='word_1_190' title='bbox 412 2516 475 2579; x_wconf 91' lang='lat' dir='ltr'>nisi</span> <span class='ocrx_word' id='word_1_191' title='bbox 493 2536 551 2599; x_wconf 89' lang='lat' dir='ltr'>per</span> <span class='ocrx_word' id='word_1_192' title='bbox 567 2517 600 2577; x_wconf 90' lang='lat' dir='ltr'>te</span> <span class='ocrx_word' id='word_1_193' title='bbox 620 2515 662 2577; x_wconf 90' lang='lat' dir='ltr'>sit</span> <span class='ocrx_word' id='word_1_194' title='bbox 683 2515 860 2598; x_wconf 88' lang='lat' dir='ltr'>restitutus,</span> <span class='ocrx_word' id='word_1_195' title='bbox 882 2513 1043 2578; x_wconf 87' lang='lat' dir='ltr'>desertum</span> <span class='ocrx_word' id='word_1_196' title='bbox 1060 2535 1094 2578; x_wconf 87' lang='lat' dir='ltr'>se</span> 
     </span>
    </p>

    <p class='ocr_par' dir='ltr' id='par_1_15' title="bbox 140 2601 1099 3306">
     <span class='ocr_line' id='line_1_26' title="bbox 142 2601 1095 2688; baseline -0.003 -20"><span class='ocrx_word' id='word_1_197' title='bbox 142 2608 238 2688; x_wconf 91' lang='lat' dir='ltr'>atque</span> <span class='ocrx_word' id='word_1_198' title='bbox 261 2605 421 2668; x_wconf 88' lang='lat' dir='ltr'>abiectum</span> <span class='ocrx_word' id='word_1_199' title='bbox 443 2603 523 2686; x_wconf 88' lang='lat' dir='ltr'>fore,</span> <span class='ocrx_word' id='word_1_200' title='bbox 543 2601 766 2685; x_wconf 87' lang='lat' dir='ltr'>proficiscatur</span> <span class='ocrx_word' id='word_1_201' title='bbox 784 2602 825 2667; x_wconf 89' lang='lat' dir='ltr'>ad</span> <span class='ocrx_word' id='word_1_202' title='bbox 846 2606 892 2666; x_wconf 87' lang='lat' dir='ltr'>tc:</span> <span class='ocrx_word' id='word_1_203' title='bbox 917 2603 1003 2686; x_wconf 88' lang='lat' dir='ltr'>quod</span> <span class='ocrx_word' id='word_1_204' title='bbox 1025 2603 1095 2666; x_wconf 86' lang='lat' dir='ltr'>sine</span> 
     </span>
     <span class='ocr_line' id='line_1_27' title="bbox 140 2690 1094 2776; baseline -0.004 -19"><span class='ocrx_word' id='word_1_205' title='bbox 140 2693 208 2757; x_wconf 90' lang='lat' dir='ltr'>ulla</span> <span class='ocrx_word' id='word_1_206' title='bbox 231 2693 441 2776; x_wconf 88' lang='lat' dir='ltr'>dubitatione,</span> <span class='ocrx_word' id='word_1_207' title='bbox 463 2692 491 2756; x_wconf 89' lang='lat' dir='ltr'>si</span> <span class='ocrx_word' id='word_1_208' title='bbox 510 2690 683 2773; x_wconf 87' lang='lat' dir='ltr'>Pompeius</span> <span class='ocrx_word' id='word_1_209' title='bbox 705 2691 850 2774; x_wconf 88' lang='lat' dir='ltr'>paullum</span> <span class='ocrx_word' id='word_1_210' title='bbox 870 2691 965 2756; x_wconf 89' lang='lat' dir='ltr'>modo</span> <span class='ocrx_word' id='word_1_211' title='bbox 989 2693 1094 2754; x_wconf 87' lang='lat' dir='ltr'>osten-</span> 
     </span>
     <span class='ocr_line' id='line_1_28' title="bbox 142 2778 1096 2864; baseline -0.004 -19"><span class='ocrx_word' id='word_1_212' title='bbox 142 2780 225 2845; x_wconf 88' lang='lat' dir='ltr'>derit</span> <span class='ocrx_word' id='word_1_213' title='bbox 247 2781 309 2844; x_wconf 90' lang='lat' dir='ltr'>sibi</span> <span class='ocrx_word' id='word_1_214' title='bbox 330 2780 466 2864; x_wconf 87' lang='lat' dir='ltr'>placere,</span> <span class='ocrx_word' id='word_1_215' title='bbox 486 2779 593 2862; x_wconf 87' lang='lat' dir='ltr'>faciet,</span> <span class='ocrx_word' id='word_1_216' title='bbox 616 2779 672 2842; x_wconf 88' lang='lat' dir='ltr'>sed</span> <span class='ocrx_word' id='word_1_217' title='bbox 694 2779 781 2844; x_wconf 89' lang='lat' dir='ltr'>nosti</span> <span class='ocrx_word' id='word_1_218' title='bbox 799 2778 939 2843; x_wconf 91' lang='lat' dir='ltr'>hominis</span> <span class='ocrx_word' id='word_1_219' title='bbox 962 2779 1096 2842; x_wconf 89' lang='lat' dir='ltr'>tardita-</span> 
     </span>
     <span class='ocr_line' id='line_1_29' title="bbox 141 2867 1096 2951; baseline -0.002 -19"><span class='ocrx_word' id='word_1_220' title='bbox 141 2872 208 2932; x_wconf 88' lang='lat' dir='ltr'>tem</span> <span class='ocrx_word' id='word_1_221' title='bbox 221 2872 255 2933; x_wconf 90' lang='lat' dir='ltr'>et</span> <span class='ocrx_word' id='word_1_222' title='bbox 267 2869 535 2949; x_wconf 64' lang='lat' dir='ltr'>taciturnitatem</span> <span class='ocrx_word' id='word_1_223' title='bbox 558 2888 618 2931; x_wconf 93' lang='lat' dir='ltr'>nos</span> <span class='ocrx_word' id='word_1_224' title='bbox 631 2870 742 2932; x_wconf 91' lang='lat' dir='ltr'>tamen</span> <span class='ocrx_word' id='word_1_225' title='bbox 758 2868 850 2951; x_wconf 91' lang='lat' dir='ltr'>nihil,</span> <span class='ocrx_word' id='word_1_226' title='bbox 868 2867 954 2950; x_wconf 88' lang='lat' dir='ltr'>qnod</span> <span class='ocrx_word' id='word_1_227' title='bbox 970 2867 1010 2931; x_wconf 87' lang='lat' dir='ltr'>ad</span> <span class='ocrx_word' id='word_1_228' title='bbox 1024 2887 1096 2930; x_wconf 90' lang='lat' dir='ltr'>eam</span> 
     </span>
     <span class='ocr_line' id='line_1_30' title="bbox 141 2953 1096 3040; baseline -0.003 -20"><span class='ocrx_word' id='word_1_229' title='bbox 141 2978 210 3021; x_wconf 86' lang='lat' dir='ltr'>rem</span> <span class='ocrx_word' id='word_1_230' title='bbox 223 2957 393 3040; x_wconf 88' lang='lat' dir='ltr'>pertineat,</span> <span class='ocrx_word' id='word_1_231' title='bbox 405 2955 699 3040; x_wconf 82' lang='lat' dir='ltr'>praetermittimus</span> <span class='ocrx_word' id='word_1_232' title='bbox 731 2953 852 3020; x_wconf 81' lang='lat' dir='ltr'>Ceteris</span> <span class='ocrx_word' id='word_1_233' title='bbox 866 2955 1001 3038; x_wconf 90' lang='lat' dir='ltr'>iniuriis,</span> <span class='ocrx_word' id='word_1_234' title='bbox 1013 2975 1096 3038; x_wconf 85' lang='lat' dir='ltr'>quae</span> 
     </span>
     <span class='ocr_line' id='line_1_31' title="bbox 142 3041 1097 3131; baseline -0.003 -22"><span class='ocrx_word' id='word_1_235' title='bbox 142 3045 326 3131; x_wconf 85' lang='lat' dir='ltr'>propositae</span> <span class='ocrx_word' id='word_1_236' title='bbox 349 3049 426 3108; x_wconf 90' lang='lat' dir='ltr'>sunt</span> <span class='ocrx_word' id='word_1_237' title='bbox 448 3066 468 3108; x_wconf 86' lang='lat' dir='ltr'>a</span> <span class='ocrx_word' id='word_1_238' title='bbox 490 3041 627 3125; x_wconf 82' lang='lat' dir='ltr'>Catone,</span> <span class='ocrx_word' id='word_1_239' title='bbox 648 3044 756 3128; x_wconf 88' lang='lat' dir='ltr'>facile,</span> <span class='ocrx_word' id='word_1_240' title='bbox 782 3047 820 3106; x_wconf 92' lang='lat' dir='ltr'>ut</span> <span class='ocrx_word' id='word_1_241' title='bbox 842 3064 950 3126; x_wconf 89' lang='lat' dir='ltr'>spero,</span> <span class='ocrx_word' id='word_1_242' title='bbox 970 3043 1097 3107; x_wconf 87' lang='lat' dir='ltr'>resiste·</span> 
     </span>
     <span class='ocr_line' id='line_1_32' title="bbox 142 3131 1097 3198; baseline -0.004 0"><span class='ocrx_word' id='word_1_243' title='bbox 142 3137 241 3198; x_wconf 80' lang='lat' dir='ltr'>mus&#39;</span> <span class='ocrx_word' id='word_1_244' title='bbox 267 3131 416 3197; x_wconf 83' lang='lat' dir='ltr'>Amicum</span> <span class='ocrx_word' id='word_1_245' title='bbox 443 3154 482 3196; x_wconf 88' lang='lat' dir='ltr'>ex</span> <span class='ocrx_word' id='word_1_246' title='bbox 508 3132 730 3197; x_wconf 87' lang='lat' dir='ltr'>consularibus</span> <span class='ocrx_word' id='word_1_247' title='bbox 757 3132 918 3195; x_wconf 92' lang='lat' dir='ltr'>neminem</span> <span class='ocrx_word' id='word_1_248' title='bbox 945 3131 1005 3195; x_wconf 88' lang='lat' dir='ltr'>tibi</span> <span class='ocrx_word' id='word_1_249' title='bbox 1028 3151 1097 3195; x_wconf 90' lang='lat' dir='ltr'>esse</span> 
     </span>
     <span class='ocr_line' id='line_1_33' title="bbox 142 3219 1099 3306; baseline -0.003 -21"><span class='ocrx_word' id='word_1_250' title='bbox 142 3221 234 3287; x_wconf 88' lang='lat' dir='ltr'>video</span> <span class='ocrx_word' id='word_1_251' title='bbox 258 3224 386 3306; x_wconf 89' lang='lat' dir='ltr'>praeter</span> <span class='ocrx_word' id='word_1_252' title='bbox 407 3219 618 3285; x_wconf 90' lang='lat' dir='ltr'>Hortensium</span> <span class='ocrx_word' id='word_1_253' title='bbox 641 3224 674 3285; x_wconf 90' lang='lat' dir='ltr'>et</span> <span class='ocrx_word' id='word_1_254' title='bbox 696 3219 879 3301; x_wconf 83' lang='lat' dir='ltr'>Lucullum3</span> <span class='ocrx_word' id='word_1_255' title='bbox 901 3219 999 3283; x_wconf 89' lang='lat' dir='ltr'>ceteri</span> <span class='ocrx_word' id='word_1_256' title='bbox 1021 3220 1099 3283; x_wconf 91' lang='lat' dir='ltr'>sunt</span> 
     </span>
    </p>
   </div>
   <div class='ocr_carea' id='block_1_6' title="bbox 203 3426 1100 3569">
    <p class='ocr_par' dir='ltr' id='par_1_16' title="bbox 139 3426 1100 3569">
     <span class='ocr_line' id='line_1_34' title="bbox 213 3426 1100 3498; baseline -0.002 -16"><span class='ocrx_word' id='word_1_257' title='bbox 213 3429 264 3498; x_wconf 88' lang='lat' dir='ltr'>Ep.</span> <span class='ocrx_word' id='word_1_258' title='bbox 285 3434 308 3483; x_wconf 87' lang='lat'>5.</span> <span class='ocrx_word' id='word_1_259' title='bbox 323 3429 351 3484; x_wconf 89' lang='lat' dir='ltr'>b.</span> <span class='ocrx_word' id='word_1_260' title='bbox 371 3435 395 3484; x_wconf 91' lang='lat'>1.</span> <span class='ocrx_word' id='word_1_261' title='bbox 430 3430 496 3495; x_wconf 82' lang='lat' dir='ltr'>aiut,</span> <span class='ocrx_word' id='word_1_262' title='bbox 515 3429 567 3498; x_wconf 88' lang='lat' dir='ltr'>[ea]</span> <span class='ocrx_word' id='word_1_263' title='bbox 586 3433 612 3482; x_wconf 86' lang='lat' dir='ltr'>tc</span> <span class='ocrx_word' id='word_1_264' title='bbox 630 3428 705 3495; x_wconf 81' lang='lat' dir='ltr'><strong>(W.).</strong></span> <span class='ocrx_word' id='word_1_265' title='bbox 741 3442 773 3493; x_wconf 78' lang='lat' dir='ltr'>a,</span> <span class='ocrx_word' id='word_1_266' title='bbox 791 3442 823 3480; x_wconf 85' lang='lat' dir='ltr'>ea</span> <span class='ocrx_word' id='word_1_267' title='bbox 840 3431 865 3480; x_wconf 87' lang='lat' dir='ltr'>te</span> <span class='ocrx_word' id='word_1_268' title='bbox 882 3426 947 3481; x_wconf 88' lang='grc' dir='ltr'>ΜΒ.</span> <span class='ocrx_word' id='word_1_269' title='bbox 976 3430 1100 3495; x_wconf 71' lang='lat' dir='ltr'>equatur</span> 
     </span>
     <span class='ocr_line' id='line_1_35' title="bbox 203 3495 868 3569; baseline -0.003 -17.176"><span class='ocrx_word' id='word_1_270' title='bbox 203 3504 277 3566; x_wconf 73' lang='lat' dir='ltr'>sunt,</span> <span class='ocrx_word' id='word_1_271' title='bbox 296 3516 328 3554; x_wconf 88' lang='lat' dir='ltr'>ea</span> <span class='ocrx_word' id='word_1_272' title='bbox 346 3499 431 3563; x_wconf 63' lang='lat' dir='ltr'>(Wlt</span> <span class='ocrx_word' id='word_1_273' title='bbox 450 3529 486 3539; x_wconf 92' lang='lat'><em>-</em></span> <span class='ocrx_word' id='word_1_274' title='bbox 504 3514 660 3569; x_wconf 67' lang='lat' dir='ltr'>cognoscere</span> <span class='ocrx_word' id='word_1_275' title='bbox 678 3495 751 3565; x_wconf 82' lang='lat' dir='ltr'>(edd.</span> <span class='ocrx_word' id='word_1_276' title='bbox 769 3499 868 3566; x_wconf 81' lang='lat' dir='ltr'>vett.)?</span> 
     </span>
    </p>
   </div>
   <div class='ocr_carea' id='block_1_7' title="bbox 0 0 1194 3878">
    <p class='ocr_par' dir='ltr' id='par_1_17' title="bbox 0 0 1194 3878">
     <span class='ocr_line' id='line_1_36' title="bbox 0 0 1194 3878; baseline 0 0"><span class='ocrx_word' id='word_1_277' title='bbox 0 0 1194 3878; x_wconf 95' lang='lat' dir='ltr'> </span> 
     </span>
    </p>
   </div>
  </div>
 </body>
</html>
