2370 3878
130 147 170 208 16
361 183 363 188 =
409 153 446 199 nl.
466 145 589 200 TULLII
608 145 799 201 CICERONIS

128 291 303 367 amicitiam
325 290 448 373 licebit3
471 312 552 373 quae
576 291 662 355 enim
684 293 851 375 proposita
873 293 1004 357 fuerant
1025 317 1082 359 no·

127 379 190 462 bis,
223 400 321 462 quum
348 382 381 443 et
411 379 590 445 honoribus
621 379 826 463 amplissimis
859 384 892 444 et
918 382 1082 446 laboribus

127 467 274 531 maximis
301 467 463 551 perfuncti
494 489 648 549 essemus,
680 467 821 553 dignitas
848 469 884 532 in
914 471 1083 536 sententiis

128 556 279 640 dicendis,
301 556 433 620 libertas
455 557 491 619 in
513 578 547 621 re
570 554 699 640 publica
721 556 925 640 capessenda,
949 580 987 622 ea
1010 560 1082 625 sub-

127 645 194 708 lata
211 648 283 709 tota
303 649 387 726 sunt,
405 666 464 709 nec
482 645 562 709 mihi
580 645 684 730 magis
704 667 800 729 quam
821 645 984 730 omnibus,
1006 669 1083 712 nam

128 736 185 796 aut
211 733 450 797 assentiendum
478 736 527 797 est
557 734 649 797 nulla
676 755 749 797 oum
780 735 939 818 gravitate
971 737 1082 818 paucis

93 833 109 879 4
128 824 185 885 aut
206 821 327 885 frustra
345 821 606 886 dissentiendum.
642 820 732 886 Haec
755 842 816 907 ego
839 822 880 886 ad
898 825 931 887 te
950 822 991 888 ob
1012 846 1082 888 eam

127 931 256 974 causam
278 910 416 974 maxime
439 910 557 993 scribo,
586 914 623 974 ut
634 910 710 991 ,iam
733 909 771 974 de
798 914 856 974 tua
883 933 1010 995 quoquc
1032 935 1082 977 ra·

126 998 215 1063 tione
237 998 398 1062 meditere.
443 996 649 1063 commutata
670 1002 741 1063 tota
763 1000 846 1064 ratio
869 1003 920 1064 est
942 1004 1082 1084 senatus,

125 1086 325 1170 iudiciorum,
342 1087 390 1150 rei
405 1087 507 1151 totius
520 1087 680 1171 publicae:
700 1088 801 1151 otium
815 1088 909 1153 nobis
927 1091 1081 1172 exoptan-

126 1174 202 1238 dum
225 1179 287 1258 est,
310 1175 396 1259 quod
417 1175 454 1257 ii,
478 1175 532 1260 qui
554 1177 723 1258 potiuntur
745 1197 865 1258 rerum,
887 1178 1081 1259 praestaturi

126 1262 288 1347 videntur,
316 1264 343 1327 si
366 1263 495 1347 quidam
518 1263 665 1329 homines
687 1264 862 1347 patientius
891 1285 1003 1328 eorum
1024 1288 1081 1348 po·

125 1352 262 1414 tentiam
288 1351 372 1415 ferre
399 1352 577 1435 potuerint3
609 1351 800 1437 dignitatern
832 1353 960 1435 quidem
991 1353 1082 1418 illam

126 1440 327 1503 consularem
353 1440 447 1505 fortis
474 1444 508 1504 et
533 1441 713 1504 constantis
741 1441 899 1504 senatoris
926 1441 1009 1504 nihil
1031 1446 1081 1505 est

126 1528 212 1610 quod
235 1529 425 1613 cogitemus:
449 1529 567 1592 amissa
590 1530 685 1610 culpa
707 1532 757 1591 est
770 1548 889 1608 eorum,
913 1528 968 1609 qui
991 1549 1011 1592 a
1033 1550 1080 1593 se·

125 1619 205 1680 natu
228 1619 261 1680 et
284 1617 428 1681 ordinem
452 1616 749 1681 coniunctissimum
772 1619 805 1678 et
830 1614 995 1679 hominem
1017 1617 1080 1681 cla·

91 1704 286 1768 5rissimum
314 1706 547 1768 abalienarunt.
596 1701 672 1783 Sed,
698 1707 736 1765 ut
758 1703 799 1766 ad
822 1723 873 1785 ea,
901 1725 982 1787 quae
1006 1727 1079 1769 con-

126 1792 285 1856 iunctiora
307 1792 402 1857 rebus
424 1792 489 1856 tuis
512 1793 600 1873 sunt,
626 1794 781 1871 revertar,
803 1789 993 1874 Pompeium
1020 1793 1080 1856 tibi

126 1881 218 1945 valde
241 1881 379 1945 amicum
402 1901 470 1945 esse
489 1879 627 1963 cognovi
650 1881 682 1942 et
705 1900 742 1944 eo
761 1882 798 1942 tu
817 1880 957 1961 consule,
979 1902 1079 1963 quan-

125 1973 196 2032 tum
223 1990 283 2052 ego
311 1968 483 2052 perspicio,
515 1968 636 2047 omnia,
663 1989 745 2051 qnae
777 1969 878 2050 voles,
910 1968 1080 2052 obtinebis,

127 2055 242 2139 quibus
265 2056 300 2119 in
322 2057 418 2120 rebus
440 2077 491 2121 me
515 2055 576 2119 sibi
598 2058 651 2120 ille
675 2057 807 2121 affixum
824 2055 958 2120 habebit
976 2079 1080 2141 neque

127 2166 147 2208 a
168 2166 219 2207 me
242 2145 309 2208 ulla
330 2166 391 2227 res,
413 2165 495 2227 quae
514 2145 555 2208 ad
573 2147 605 2208 te
623 2146 793 2228 pertineat,
815 2144 1007 2227 negligetur,
1025 2167 1079 2207 ne·

127 2253 188 2317 que
211 2233 298 2309 enim
320 2233 466 2315 verebor,
493 2254 534 2296 ne
562 2233 622 2296 sim
645 2233 674 2295 ei
696 2233 864 2313 molestus,
891 2231 943 2294 cui
969 2231 1079 2295 iucun-

127 2321 203 2384 dum
233 2320 294 2385 erit
321 2322 418 2385 etiam
444 2323 576 2404 propter
604 2342 637 2384 se
665 2320 784 2402 ipsum,
811 2340 910 2402 quum
937 2341 988 2382 me
1011 2340 1080 2383 esse

93 2429 108 2477 6
127 2412 256 2493 gratum
275 2409 408 2473 'videbit
445 2409 494 2473 Tu
517 2409 612 2473 velim
634 2408 694 2471 tibi
717 2408 763 2471 ita
785 2407 988 2491 persuadeas,
1009 2409 1080 2472 nul-

127 2499 193 2561 lam
215 2519 283 2561 rem
306 2519 374 2562 csse
397 2498 572 2578 minimam,
594 2516 676 2581 quae
699 2495 740 2559 ad
756 2499 789 2558 te
808 2495 977 2579 pertineat,
999 2517 1080 2578 quae

127 2586 208 2650 mihi
230 2608 298 2650 non
320 2587 424 2651 carior
446 2586 489 2650 sit
515 2607 612 2668 quam
639 2605 729 2648 meac
756 2605 807 2648 res
834 2605 959 2666 omnes,
985 2584 1080 2667 idque

129 2696 228 2756 quum
255 2676 405 2755 sentiam,
433 2673 601 2738 sedulitate
628 2673 775 2736 mihimet
800 2673 868 2756 ipse
897 2672 1081 2736 satisfacere

127 2784 272 2846 possum,
298 2784 333 2826 rc
361 2762 489 2846 quidem
515 2763 587 2845 ipsa
613 2762 685 2826 ideo
712 2761 791 2825 mihi
814 2783 882 2825 non
909 2761 1082 2845 satisfacio,

129 2851 214 2934 quod
238 2851 360 2914 nullam
382 2853 508 2934 partem
529 2854 659 2914 tuorum
682 2851 869 2914 meritorum
895 2871 964 2913 non
985 2848 1081 2913 modo

127 2938 309 3020 referenda,
338 2939 393 3002 sed
421 2960 462 3004 ne
490 2939 662 3023 cogitanda
689 2939 817 3021 quidem
844 2938 950 3020 gratia
972 2958 1082 3001 conse-

95 3027 185 3110 7qui
212 3048 352 3110 possum.
401 3026 482 3091 Rem
513 3030 546 3090 te
573 3027 666 3090 valde
698 3026 778 3090 bene
809 3026 946 3110 gessisse
973 3047 1083 3090 rumor

129 3120 210 3197 erat,
233 3114 501 3199 exspectabantur
517 3116 643 3180 litterae
662 3120 746 3197 tuae,
764 3114 803 3178 de
822 3115 938 3197 quibus
957 3135 1083 3178 eramus

128 3202 194 3265 iam
226 3224 298 3267 cum
329 3202 482 3287 Pompeio
514 3205 627 3284 locuti,
658 3222 740 3287 quae
772 3203 800 3266 si
832 3206 927 3266 erunt
957 3203 1083 3286 allatae,

129 3294 276 3355 nostrum
299 3292 441 3356 studium
463 3292 601 3356 exstabit
618 3292 654 3356 in
672 3291 899 3357 conveniendis
915 3293 1083 3376 magistra·

193 3482 247 3552 Ep.
268 3490 292 3553 8,
313 3490 337 3538 3.
369 3485 517 3555 proposita
535 3485 673 3551 fueruat(
712 3485 748 3552 .)?
