2370 3878
385 153 643 213 umsrounuuu
660 153 693 206 x.
714 158 828 208 ae-ae.
1016 149 1077 213 331

123 303 177 386 sis,
195 302 328 365 moleste
347 300 408 365 tuli
425 303 457 364 te
478 299 604 363 senatui
623 298 744 383 gratias
762 319 829 361 non
848 295 961 381 egisse,
982 316 1080 379 quum

124 410 208 453 esses
223 391 263 453 ab
278 411 316 453 eo
331 389 442 453 ordine
461 392 595 452 ornatus
614 385 745 450 summis
763 385 950 449 honoribus.
987 382 1079 447 Pacis
1143 400 1147 409 ’

123 477 208 541 inter
239 477 324 542 cives
356 476 575 541 conciliandae
610 477 643 538 te
675 473 826 558 cupidum
863 493 932 537 esse
963 472 1079 535 laetor:

123 587 195 629 eam
217 565 245 629 si
269 588 288 628 a
311 566 464 630 servitute
488 564 652 648 emungas,
681 563 828 629 consules
852 566 885 625 et
907 561 953 624 rei
975 559 1079 643 publi-

123 675 178 717 cae
203 657 236 717 et
259 652 411 737 dignitati
432 656 521 734 tuae3
550 652 601 715 sin
623 651 686 716 ista
708 672 772 733 pax
794 649 955 734 perditum
978 648 1080 712 homi-

123 763 198 805 nem
212 742 248 805 in
260 742 498 825 possessionem
511 738 773 824 impotentissimi
787 738 971 802 dominatus
989 737 1079 800 resti·

123 833 234 893 tutura
257 833 319 912 est,
345 830 408 894 hoc
435 829 543 893 animo
572 828 652 892 scito
676 848 787 892 omnes
814 848 883 891 esse
906 847 1016 908 sanos,
1043 828 1081 888 ut

123 920 260 982 mortem
276 917 424 986 servituti
442 920 652 1000 anteponant.
689 914 801 999 ltaque
817 914 993 997 sapientius
1007 934 1079 978 meo
1099 921 1114 970 2

124 1005 251 1088 quidem
274 1005 392 1070 iudicio
416 1006 525 1087 facies,
548 1006 575 1069 si
597 1008 629 1069 te
652 1004 688 1068 in
709 1004 805 1067 istam
824 1002 1080 1086 pacificationem

123 1115 191 1157 non
218 1095 419 1177 interpones‚
447 1115 528 1178 quae
551 1114 655 1176 neque
679 1093 806 1156 senatui
833 1112 937 1173 neque
959 1090 1079 1174 populo

123 1202 183 1245 neo
206 1182 356 1264 cuiquam
384 1183 469 1246 bono
497 1182 663 1266 probatur.
712 1178 775 1244 Sed
802 1180 881 1244 haec
909 1177 1019 1242 audies
1042 1199 1082 1241 ex

124 1269 195 1332 aliis
220 1274 276 1333 aut
299 1270 416 1334 certior
438 1270 495 1334 fies
518 1269 647 1334 litteris:
675 1273 712 1333 tu
739 1290 797 1352 pro
820 1272 878 1332 tua
900 1266 1081 1350 prudentia,

125 1357 202 1438 quid
226 1357 382 1440 optimum
404 1359 493 1423 factu
517 1359 567 1441 sit,
591 1358 720 1422 videbis.

524 1552 678 1617 XXVIII.

262 1663 318 1718 Ser.
338 1665 442 1718 Itomae
462 1681 556 1720 mense
576 1663 728 1719 Februario
748 1679 772 1716 a.
793 1678 819 1714 u.
839 1679 862 1715 c.
882 1667 943 1715 711.

384 1787 512 1842 CICERO
533 1786 718 1840 TREBONIO
739 1785 814 1839 SAL.

192 1885 295 1960 Quam
323 1887 437 1949 vellem
464 1886 505 1947 ad
532 1885 605 1948 illas
633 1884 864 1967 pulcherrimas
892 1885 1002 1967 epulas
1030 1888 1114 1946 mal

125 1972 235 2037 Idibus
258 1973 385 2036 Martiis
407 1973 590 2036 invitasses!
614 1972 822 2054 reliquiarum
843 1972 926 2036 nihil
949 1970 1081 2035 habere-

126 2083 209 2124 mus:
233 2065 267 2124 at
281 2082 367 2124 nuno
381 2082 454 2124 oum
470 2061 511 2124 iis
524 2063 653 2124 tantum
667 2059 790 2145 negotii
809 2063 867 2142 est,
885 2063 922 2124 ut
940 2063 1082 2124 vestrum

125 2148 204 2212 illud
228 2149 372 2213 divinum
394 2149 429 2211 111
451 2148 704 2233 rempublicam
730 2147 921 2214 beneficium
942 2149 1081 2213 nonnul-

124 2237 191 2300 lam
213 2237 333 2300 habeat
351 2237 521 2320 querelam.
557 2235 650 2312 Quod
668 2258 744 2301 vero
764 2259 783 2300 a
800 2241 841 2320 te,
862 2239 929 2302 viro
949 2230 1081 2321 optimo,

126 2325 276 2389 seductus
291 2327 340 2388 est
357 2329 478 2409 tuoque
491 2325 646 2390 beneficio
661 2325 766 2390 adhuc
780 2325 860 2389 vivit
871 2326 952 2391 haec
972 2325 1081 2408 pestis,

125 2413 301 2495 interdum,
333 2414 418 2496 quod
450 2415 530 2478 mihi
557 2415 610 2478 vix
636 2415 686 2478 fas
710 2419 771 2498 est,
798 2414 858 2478 tibi
886 2415 1081 2494 subirascor3

125 2501 205 2564 mihi
228 2501 314 2565 enim
336 2502 460 2586 negotii
481 2504 554 2586 plus
576 2503 734 2588 reliquisti
757 2504 814 2567 uni
837 2524 934 2587 quam
954 2504 1082 2584 praeter

124 2611 175 2652 me
199 2590 362 2674 omnibus3
385 2594 422 2655 ut
444 2592 530 2655 enim
551 2591 692 2675 primum
712 2597 787 2676 post
805 2590 942 2655 Antonii
965 2588 1080 2653 foedis·

125 2678 241 2741 simum
269 2679 445 2744 discessum
472 2684 603 2744 senatus
630 2679 742 2743 haberi
770 2680 868 2742 libere
891 2677 1011 2762 potuit,
1040 2677 1080 2740 ad

124 2766 215 2829 illum
243 2767 387 2831 animum
418 2789 524 2832 meum
556 2769 673 2831 reverti
704 2768 890 2851 pristinum,
922 2787 1017 2851 quem
1044 2769 1081 2829 tu

124 2876 197 2917 cum
220 2855 282 2918 civi
305 2856 469 2938 acerrimo,
491 2859 583 2938 patre
601 2858 668 2937 tuo,
691 2855 725 2918 in
748 2876 802 2919 ore
821 2859 854 2919 et
872 2877 980 2920 amore
999 2875 1081 2918 sem·

124 2963 182 3024 per
200 2941 357 3025 habuisti;
379 2964 464 3025 nam,
484 2964 583 3026 quum
602 2946 749 3007 senatum
768 2965 795 3007 1.
810 2943 839 3007 d.
863 2959 939 3005 xl11.
960 2943 1080 3008 Kalen·
1099 2952 1115 3000 2

124 3029 181 3093 das
203 3028 372 3094 Ianuarias
395 3030 517 3094 tribuni
540 3031 583 3113 pl,
605 3031 808 3096 vocavissent
835 3032 936 3114 deque
959 3031 1023 3095 alia
1046 3050 1080 3092 re

124 3117 290 3200 referrent,
312 3122 414 3183 totam
434 3140 505 3204 *rem
527 3119 690 3202 publicam
712 3142 783 3184 sum
807 3120 991 3202 complexus
1014 3117 1080 3201 egi-

123 3227 185 3289 que
213 3206 366 3271 acerrime
398 3210 609 3290 senatumque
636 3207 701 3271 iam
727 3209 936 3293 languentem
969 3209 1001 3269 et
1028 3205 1080 3269 de·

193 3413 245 3484 Ep.
265 3421 308 3482 27,
325 3421 346 3468 1.
383 3417 505 3486 satrapes
524 3415 632 3484 (Erat.
657 3417 777 3483 seiuaqio
795 3414 841 3482 M.,
860 3412 955 3484 vulgo.
975 3443 1008 3454 ·-
1027 3427 1080 3467 orm

122 3500 169 3538 1111
186 3502 241 3539 esse
256 3501 339 3540 sanos
356 3485 431 3555 (Or).
469 3503 560 3543 oratores
578 3504 600 3543 s.
618 3486 669 3557 n,
686 3486 787 3558 uulgo.
