2370 3878
302 168 560 224 EPISTOLARUM
578 169 638 223 XII.
657 175 769 224 16-18.
948 170 1011 234 401

52 312 154 378 velim
181 313 227 377 sie
255 313 429 397 existimes,
460 335 511 377 me
544 336 641 396 quum
669 313 784 395 amori,
812 335 906 396 quem
929 314 1014 377 iuter

53 423 119 466 nos
142 404 289 466 mutuum
312 422 381 465 esse
399 403 556 486 intelligo,
577 401 750 484 plurimum
771 400 921 484 tribuam,
944 405 1013 465 tum

53 489 98 553 de
122 510 247 554 summo
270 489 402 573 ingenio
426 494 459 554 et
481 490 520 553 de
544 490 657 554 studiis
675 490 741 553 tuis
765 489 895 573 optimis
919 492 952 552 et
974 489 1012 554 de

55 598 115 661 spa
139 577 354 661 amplissimae
373 577 541 663 dignitatis
559 577 606 642 ita
624 578 772 661 iudicare,
795 582 833 641 ut
851 578 1013 642 neminem

55 666 119 729 tibi
141 669 347 749 anteponam,
370 687 553 749 comparem
576 686 705 749 paucos.

475 858 599 924 XVIII.

251 971 308 1025 Sar.
328 971 434 1025 Romae
453 972 504 1025 sub
523 971 606 1024 finem
626 986 650 1024 a.
670 987 697 1023 u.
716 986 739 1022 a.
760 976 819 1024 708.

201 1093 329 1148 CICERO
349 1094 376 1148 S.
395 1094 427 1148 D.
447 1092 654 1149 CORNIFICIO
674 1091 873 1148 COLLEGAE.

127 1192 219 1269 Quod
243 1197 420 1258 extremum
443 1194 506 1257 fuit
527 1194 562 1257 in
585 1215 623 1258 ea
646 1193 798 1276 epistola,
821 1214 918 1276 quam
941 1215 960 1256 a
982 1197 1014 1257 te
1035 1212 1048 1258 1

55 1282 204 1366 proxime
223 1283 340 1365 accepi,
363 1282 454 1346 adid
477 1283 616 1366 primum
634 1281 849 1366 respondebo,
872 1281 1015 1345 animum

57 1369 183 1435 adverti
206 1370 293 1434 enim
315 1370 377 1434 hoa
400 1393 457 1435 vos
480 1391 616 1455 magnos
640 1374 784 1434 oratores
807 1369 912 1434 facere
935 1391 1014 1434 non·

56 1479 248 1542 numquam:
272 1458 425 1543 epistolas
444 1459 579 1542 requiris
598 1480 699 1540 meas3
721 1478 782 1542 ego
802 1462 909 1522 autern
923 1480 1014 1522 nunr-

58 1567 175 1630 quam,
208 1568 306 1630 quum
338 1547 417 1612 mihi
450 1547 675 1611 denuntiatum
706 1551 791 1610 esset
821 1568 841 1611 a
872 1547 937 1611 tuis
969 1547 1014 1610 ire

57 1634 209 1718 aliquem,
231 1656 299 1698 non
321 1634 402 1700 dedi.
449 1634 541 1710 Quod
568 1635 648 1698 mihi
675 1634 785 1700 videor
815 1656 853 1698 ex
875 1635 940 1699 tuis
963 1635 1014 1697 lit-

57 1723 137 1787 teris
160 1723 354 1807 intelligere,
375 1727 408 1787 te
431 1724 513 1787 nihil
536 1723 781 1787 commissurum
804 1743 873 1786 asse
895 1727 1014 1786 temere

47 1815 232 1895 metante,
256 1832 352 1894 quarn
376 1812 503 1894 scisses,
526 1833 589 1894 quo
613 1811 673 1874 iste
696 1811 805 1874 nescio
829 1810 885 1893 qui
908 1808 1014 1875 Caeci·

57 1898 122 1965 lius
144 1897 266 1964 Bassus
294 1903 488 1983 erumperet,
515 1899 690 1982 quidquam
718 1898 797 1962 certi
824 1898 1015 1963 constitutu-

31 1992 35 1999 '
57 2008 145 2071 rum,
171 1987 204 2052 id
232 2006 292 2072 ego
320 1992 354 2051 et
376 2009 540 2071 speraram
566 1986 739 2070 prudentia
769 1990 827 2050 tua
853 1986 955 2050 fretus
984 1990 1016 2050 et

58 2078 97 2139 ut
118 2075 312 2140 confiderem
334 2075 482 2140 fecerunt
503 2079 578 2140 tuae
602 2075 804 2161 gratissimae
829 2074 909 2138 mihi
931 2075 1015 2138 litte-

57 2183 127 2247 rae,
157 2163 252 2246 idque
279 2167 316 2227 ut
347 2163 448 2228 facias
476 2185 572 2247 quam
595 2164 793 2247 saepissime,
820 2166 857 2226 ut
884 2166 917 2226 et
940 2163 1015 2246 quid

59 2256 96 2315 tu
119 2269 198 2335 agas
222 2252 353 2335 etquid
378 2256 493 2336 agatur
516 2253 596 2316 seire
619 2251 740 2334 possim
764 2254 796 2314 et
819 2251 915 2314 etiam
939 2251 1015 2334 quid

60 2342 190 2405 aeturus
213 2341 266 2423 siS,
281 2339 381 2403 'valde
404 2344 436 2403 te
460 2360 549 2424 roge.
585 2338 659 2403 Etsi
681 2339 849 2422 periniquo
870 2339 1016 2422 patiebar

59 2427 168 2491 animo
191 2430 224 2491 te
248 2449 268 2492 a
289 2448 340 2491 me
364 2427 496 2512 digredi,
518 2431 628 2491 tamen
651 2447 689 2491 eo
708 2431 852 2509 tempore
871 2449 922 2490 me
941 2448 1015 2491 eon-

58 2514 202 2598 solabar,
225 2516 311 2598 quod
335 2517 424 2579 etin
448 2536 609 2580 summum
632 2516 735 2579 otium
756 2518 789 2579 te
812 2515 858 2578 ire
882 2515 1015 2577 arbitra-

57 2602 118 2667 bar
141 2605 174 2666 at
196 2603 236 2667 ab
259 2603 519 2688 impendentibus
538 2604 665 2688 magnis
684 2603 823 2689 negotiis
843 2601 1016 2665 discedere:

57 2694 230 2774 utrumque
254 2693 368 2756 eoirtra
390 2692 517 2775 aaaidit3
545 2693 618 2756 istie
641 2692 727 2756 enim
749 2691 869 2754 bellurn
892 2693 941 2753 est
963 2702 1050 2752 err-2

57 2783 176 2863 ortum,
198 2779 251 2844 hie
273 2801 336 2864 pax
359 2784 540 2864 consecuta,
564 2779 619 2844 sed
638 2784 748 2844 tamen
767 2777 922 2843 eiusmodi
944 2798 1016 2861 pax,

57 2867 94 2931 in
117 2889 190 2951 qua,
213 2868 240 2931 si
263 2869 400 2952 adesses,
422 2869 525 2933 multa
547 2871 579 2932 te
598 2889 666 2931 non
684 2867 889 2949 delectarent,
912 2886 950 2930 ea
969 2870 1015 2930 ta-

58 2975 148 3038 men,
176 2976 256 3039 quae
288 2977 329 3020 ne
361 2957 467 3041 ipsum
494 2954 664 3021 Caesarem
686 2955 815 3038 quidem
843 2954 1016 3036 delectant3

57 3042 217 3107 bellorum
244 3044 331 3108 enim
358 3045 499 3109 civilium
525 3044 549 3107 ii
576 3064 702 3127 semper
734 3044 836 3107 exitus
864 3046 952 3123 sunt,
979 3045 1016 3104 ut

56 3152 126 3196 non
153 3153 191 3195 ea
219 3132 323 3197 solum
349 3132 443 3216 fiant,
471 3153 552 3216 quae
580 3131 658 3195 velit
684 3131 800 3214 viator,
826 3128 882 3194 sed
909 3129 1015 3212 etiam,

128 3355 179 3427 Ep.
200 3363 282 3426 1‘1‚a.
319 3359 442 3430 intelligo
466 3358 522 3427 (Dr.
543 3360 587 3427 3.).
633 3357 784 3428 intelligam
801 3355 848 3423 M,
867 3353 961 3422 vulgo.
981 3382 1014 3393 -

54 3427 178 3482 tribuam
197 3429 254 3497 (M,
273 3428 377 3500 vulgo).
414 3430 533 3485 tribuere
551 3428 591 3494 Ia,
609 3428 640 3482 B.
682 3427 732 3497 Ep.
755 3433 796 3491 18,
812 3432 835 3478 1.
871 3424 1017 3479 deviantia·

55 3502 115 3553 tum
133 3503 171 3553 eat
190 3499 275 3567 (W.)?
294 3529 327 3540 ·-
346 3501 507 3570 intelligere,
526 3505 551 3555 te
570 3499 645 3569 (Ν).
682 3500 702 3553 i.
720 3502 746 3552 ta
762 3496 861 3566 uulgu.

104 3584 217 3626 Ciaetonls
231 3588 293 3634 epus,
306 3589 325 3628 L
776 3593 815 3644 κῃ)
886 3600 891 3609 ·
