2370 3878
302 151 562 209 EPISTOLARUM
581 152 627 207 IV.
649 158 760 209 10-12.
949 151 1010 212 lll

53 298 197 365 secunda
218 297 351 362 fortuna
378 296 548 380 quisquam
571 296 676 360 vivere
699 295 815 380 possit:
842 296 950 376 itaque
978 294 1012 357 in

41 388 116 453 ,hoc
149 406 212 471 ego
239 385 319 450 milri
346 385 506 470 gratulor;
536 389 572 449 tu
600 406 675 448 vero
703 388 740 447 ut
766 384 928 467 intelligas
955 382 1012 446 ho-

53 473 352 629 ffloamxlcgigimo
375 478 408 539 te
431 473 582 538 tribuisse
605 472 761 557 officium,
783 493 818 538 re
840 472 900 536 tibi
922 492 1012 554 prae·

199 820 202 826 .
499 752 573 819 XII.

204 865 261 922 Sor.
281 865 399 922 Athenis
417 883 459 937 pr.
478 865 540 920 Kal.
560 866 655 922 Iunias
673 881 698 920 a.
717 883 743 919 u.
764 883 786 920 c.
808 871 867 920 709.

253 989 406 1046 SERVIUS
425 989 596 1045 CICERONI
616 989 691 1043 SAL.
713 989 819 1044 PLUR.

123 1087 198 1156 Etsi
220 1092 286 1156 scio
309 1110 378 1156 non
395 1089 662 1155 iucundissimum
679 1110 730 1154 me
749 1088 899 1152 nuntium
922 1089 1013 1153 vobis
1034 1103 1047 1151 1

56 1180 243 1263 allaturum,
258 1183 377 1262 tamen,
397 1179 551 1263 quoniam
569 1199 663 1242 casus
681 1181 714 1242 et
732 1181 849 1241 natura
867 1177 901 1240 in
919 1176 1014 1240 nobis

58 1267 276 1352 dominantur,
299 1267 404 1331 visum
423 1271 472 1332 est
489 1267 682 1351 faciendum,
704 1270 750 1350 ut,
773 1264 1014 1349 quoquomodo

56 1377 110 1420 res
142 1377 176 1420 se
207 1355 355 1439 haberet,
386 1377 443 1420 vos
476 1356 627 1420 certiores
658 1355 806 1420 facerem.
850 1353 890 1418 Α.
922 1354 951 1418 d.
981 1367 1014 1417 x,

57 1443 131 1508 Kal.
158 1443 243 1528 lun,
271 1466 369 1527 quum
397 1444 438 1508 ab
465 1442 630 1528 Epidauro
658 1443 826 1508 Piraeeum
857 1444 933 1507 navi
961 1443 1014 1506 ad·

57 1535 169 1597 vectus
193 1554 306 1616 essem,
327 1532 373 1596 ibi
393 1532 442 1596 M.
460 1531 657 1616 Marcellum,
679 1534 837 1617 collegam
859 1535 1015 1613 nostrum,

59 1621 197 1685 conveni
229 1641 364 1704 eumque
391 1621 476 1684 diem
506 1621 552 1684 ibi
584 1622 782 1705 consumpsi,
813 1623 851 1684 ut
877 1641 949 1684 cum
977 1640 1015 1683 eo

59 1728 172 1773 essem.
216 1707 351 1774 Postero
380 1709 443 1791 die,
471 1731 570 1793 quum
597 1708 699 1775 abeo
728 1710 890 1793 digressus
913 1729 1016 1772 essem

59 1817 99 1862 eo
123 1796 272 1880 consiliu,
294 1799 332 1861 ut
359 1798 399 1862 ab
422 1797 561 1861 Athenis
588 1797 623 1861 iu
646 1796 815 1871 Boeotiam
842 1797 922 1860 irem
945 1796 1016 1858 reli-

60 1905 221 1969 quamque
243 1885 497 1950 iurisdictionem
516 1887 723 1968 absolverem,
744 1885 808 1967 ille,
830 1884 879 1947 uti
901 1883 1017 1964 aiebat,

60 1994 160 2055 supra
185 1972 308 2052 Maleas
335 1974 370 2038 in
397 1973 527 2037 Italiam
553 1995 664 2037 versus
696 1973 907 2056 navigaturus
939 1973 1016 2034 erat.

59 2059 143 2125 Post
165 2061 248 2127 diem
270 2063 402 2126 tertium
425 2061 492 2125 eius
512 2061 583 2144 diei,
606 2083 704 2145 quum
723 2061 764 2125 ab
783 2059 921 2123 Athenis
944 2072 1052 2143 pro-2

59 2148 163 2213 ficisci
175 2149 210 2213 in
224 2151 331 2216 animo
350 2150 512 2235 haberem,
530 2150 655 2214 circiter
671 2150 753 2214 hora
771 2148 894 2212 decima
911 2148 1017 2212 noctis

60 2235 97 2300 P.
119 2236 319 2323 PostuminS,
341 2239 509 2304 familiaris
532 2239 613 2322 eius,
636 2237 676 2301 ad
699 2259 750 2302 me
773 2237 861 2302 venit
884 2235 1017 2301 etmihi

60 2326 226 2392 nuntiarit
256 2325 300 2392 M.
332 2327 533 2412 Marcellum,
565 2328 722 2411 collegam
752 2330 913 2408 nostrum,
943 2327 1019 2409 post

62 2434 182 2480 coenae
208 2419 336 2498 tempus
364 2439 383 2480 a
409 2416 444 2480 P.
471 2415 581 2501 Magio
609 2414 735 2499 Cilone,
761 2414 912 2479 familiari
941 2414 1018 2497 eius,

61 2503 205 2587 pugione
232 2525 420 2588 percussum
447 2527 515 2569 esse
543 2508 576 2568 et
598 2505 661 2570 duo
689 2505 823 2568 vulnera
850 2502 1018 2584 accepisse,

62 2612 165 2656 unum
196 2593 231 2656 in
263 2593 443 2678 stomacho,
476 2594 612 2657 alterum
644 2593 679 2656 in
710 2593 815 2675 capite
843 2590 1018 2654 secundum

63 2700 187 2762 aurem3
215 2681 337 2764 sperari
364 2685 474 2745 tamen
501 2703 575 2745 eum
601 2681 707 2746 vivere
734 2700 842 2763 posse;
874 2677 1019 2761 Magium

63 2787 98 2830 se
120 2769 228 2852 ipsum
250 2769 448 2834 interfecisse
471 2774 597 2853 postea3
625 2791 658 2833 se
682 2790 702 2831 a
723 2767 876 2831 Marcello
905 2766 1019 2829 adme

62 2856 199 2921 missum
218 2878 300 2939 esse,
323 2858 378 2942 qui
396 2859 476 2922 haec
494 2858 659 2922 nuntiaret
677 2859 710 2920 et
726 2858 866 2941 rogaret,
888 2855 936 2919 uti
955 2876 1019 2918 me·

63 2942 153 3009 dicos
185 2965 325 3028 cogerem.
370 2943 470 3030 Cotgi
502 2949 535 3010 et
561 2967 578 3010 e
604 2944 741 3029 vestigio
773 2965 812 3010 eo
844 2965 916 3009 snm
947 2965 1020 3028 pro·

135 3135 188 3206 Ep.
210 3142 251 3204 12,
267 3143 291 3191 1.
327 3137 506 3192 dominantur
525 3135 586 3205 (L).
627 3137 785 3191 dominatur
803 3136 854 3203 M.,
872 3134 966 3204 vulgo.
986 3162 1019 3173 -

63 3206 234 3275 faciendum,
253 3212 297 3273 ut,
319 3224 425 3277 quoquo
522 3208 637 3272 facerem
660 3206 817 3276 (Mart.-L.).
865 3205 896 3270 f.,
914 3218 1020 3272 quoquo

127 3279 248 3344 haberet,
270 3282 303 3332 ut
322 3320 346 3333 ..
365 3280 481 3344 facerem
504 3277 591 3346 (W.)?
636 3278 671 3344 fi,
689 3293 713 3346 q.
794 3276 883 3342 facere
905 3275 942 3327 M.
967 3275 1020 3344 [sa-

64 3349 216 3472 riendump,
230 3365 255 3417 q.
326 3350 420 3415 facere
434 3348 464 3402 L.
480 3348 559 3418 conj,
569 3348 600 3402 B.
622 3350 653 3389 ’-
673 3348 717 3402 cci
734 3347 826 3402 aiebat
844 3345 915 3412 (edd.
930 3346 1019 3413 vett).

63 3420 169 3474 aticbat
218 3461 224 3472 .
261 3423 293 3473 ut
311 3420 402 3474 aicbat
419 3418 449 3475 B.
469 3449 503 3459 —
521 3435 603 3488 cuper
622 3419 747 3473 Maleum
764 3417 850 3485 (W.)?
887 3421 911 3470 2.
938 3415 1020 3484 fumi-

64 3490 133 3545 liuri
151 3488 256 3558 (Crat).
292 3490 433 3557 familiare
451 3490 515 3545 ΜΒ.
