2370 3878
185 125 226 188 70
465 123 502 176 Μ.
523 122 644 176 TULLII
663 122 853 178 CICERONIS

147 285 163 332 6
183 268 338 351 suspicari
362 266 489 351 quidem
512 288 652 350 possum.
691 265 773 351 Ego,
795 270 833 331 ut
855 290 906 332 me
928 269 990 334 tibi
1014 271 1139 337 amicis·

183 358 299 421 simum
322 376 390 418 esse
419 358 452 418 et
474 355 568 438 aequi
591 358 624 418 et
649 355 752 439 iniqui
778 355 976 441 intelligant,
1005 360 1139 425 curabo:

183 445 221 508 de
244 448 301 508 tuo
324 444 359 507 in
386 465 437 507 me
461 443 568 507 animo
596 443 714 527 iniquis
743 464 833 508 secus
861 445 942 509 exist
928 445 1067 512 timandi
1094 448 1139 512 vi·

182 533 266 596 deris
280 531 429 597 nonnihil
442 531 505 596 loci
520 531 656 614 dedisse3
670 531 743 595 id
718 553 745 595 sr
759 534 942 617 correxeris,
951 534 1033 599 mihi
1045 537 1139 601 valde

183 624 312 708 gratum
334 621 403 684 erit.
381 618 553 703 tt,uE
554 619 791 684 thaberet
740 624 791 684 rat
792 620 899 685 ionem
928 623 1048 707 possis,
1076 646 1139 708 quo

181 711 253 775 loco
276 730 327 773 me
351 709 440 773 salva
461 709 533 792 lege
531 622 696 773 UCornelia
719 710 901 793 convenias,
923 730 984 811 ego
1007 711 1044 775 in
1066 734 1139 796 pro

181 797 321 862 vinciam
343 797 417 861 veni
439 796 541 880 pridie
563 795 726 860 Kalendas
750 795 898 881 Sextiles,
921 797 1014 862 iter
1003 821 1040 863 m
1063 798 1139 865 Cili·

183 886 265 950 ciam
283 886 368 949 facio
387 907 444 968 per
463 882 709 970 Cappadociam,
731 887 801 950 cast
802 908 838 949 ra
856 887 943 950 movi
966 886 1007 950 ab
1025 887 1139 956 Iconio

181 974 284 1058 pridie
306 973 469 1039 Kalendas
489 971 567 1057 Sept
552 974 699 1038 tembres.
735 972 831 1037 Nunc
849 977 886 1038 tu
909 978 942 1038 et
964 996 1003 1038 ex
1026 976 1139 1043 diebus

182 1067 216 1126 et
233 1085 272 1127 ex
289 1063 414 1127 ratione
432 1062 566 1146 itineris,
590 1063 616 1127 si
634 1062 763 1146 putabis
782 1083 833 1126 me
853 1082 922 1125 esse
945 1065 1139 1130 convenien-

116 1224 121 1233 ,
182 1151 271 1234 dum,
303 1151 492 1234 constitues,
523 1171 586 1234 quo
613 1151 685 1216 loco
717 1149 750 1214 id
783 1149 1041 1217 commodissime
1067 1152 1139 1218 fieri

182 1240 287 1322 possit
309 1242 342 1302 et
365 1259 428 1321 quo
452 1238 511 1303 die.

620 1432 693 1498 VII.

251 1544 308 1599 Ser.
327 1543 483 1600 Laodiceae
502 1543 612 1599 circiter
630 1546 670 1599 Id.
691 1545 857 1601 Februarias
876 1563 900 1602 a.
919 1566 946 1602 u.
965 1563 989 1602 c.
1009 1552 1070 1604 ⁷04.

380 1669 423 1723 M.
445 1667 573 1723 CICERO
594 1669 620 1724 S.
638 1670 671 1723 D.
691 1671 746 1724 ΑΡ.
765 1669 940 1726 PULCHRO.

149 1781 163 1830 1
270 1769 421 1836 Pluribus
444 1768 550 1833 verbis
573 1769 614 1833 ad
636 1773 669 1834 te
692 1770 838 1854 scribam,
861 1792 960 1854 quum
981 1771 1055 1854 plus
1080 1772 1140 1837 otii

181 1863 296 1924 nactus
319 1881 386 1924 ero:
413 1858 494 1922 haec
517 1858 630 1942 scripsi
653 1858 773 1942 subito,
802 1879 901 1941 quum
923 1856 1018 1923 Bruti
1045 1860 1139 1943 pueri

182 1945 358 2011 Laodiceae
382 1968 433 2010 me
457 1946 682 2011 convenissent
704 1949 738 2010 et
756 1968 789 2011 se
807 1945 946 2011 Romam
962 1968 1139 2031 properare

183 2033 349 2116 dixissent3
377 2035 485 2117 itaque
512 2035 618 2098 nullas
645 2034 685 2098 iis
713 2036 938 2118 praeterquam
968 2035 1010 2098 ad
1043 2038 1077 2100 te
1105 2040 1140 2101 et

147 2121 224 2190 aad
246 2120 385 2185 Brutum
407 2120 480 2185 dedi
500 2122 635 2189 litteras.
676 2120 790 2207 Legati
813 2120 956 2206 Appiani
979 2122 1060 2187 mihi
1081 2144 1138 2190 vo·

182 2211 291 2273 lumen
314 2231 334 2273 a
356 2212 388 2273 te
412 2209 544 2292 plenum
573 2209 720 2292 querelae
747 2209 966 2292 iniquissimae
992 2210 1138 2276 reddide-

182 2302 267 2381 runt,
290 2297 375 2381 quod
398 2318 509 2362 eorum
532 2296 786 2362 aedificationem
803 2298 920 2363 litteris
939 2298 1019 2364 meis
1034 2299 1138 2383 'impe-

182 2385 313 2468 dissem3
336 2385 446 2450 eadem
466 2388 574 2449 autem
592 2385 729 2469 epistola
746 2386 888 2471 petebas,
910 2390 947 2452 ut
965 2408 1020 2453 eos
1038 2406 1140 2470 quam

182 2475 334 2559 primum,
361 2495 402 2537 ne
429 2474 464 2537 in
491 2473 629 2538 hiemem
655 2473 846 2558 inciderent,
878 2474 919 2539 ad
948 2474 1140 2540 facultatem

183 2561 373 2626 aedificandi
394 2560 577 2645 liberarem,
607 2565 639 2626 et
624 2562 757 2627 tsimul
779 2566 930 2665 peracute
953 2562 1139 2647 querebare,

183 2650 268 2735 quod
288 2652 376 2715 eost
361 2648 464 2713 tribut
449 2652 485 2713 ta
503 2649 629 2734 exigere
647 2652 798 2734 vetarem,
816 2651 1003 2734 priusquam
1021 2670 1083 2736 ego
1101 2673 1139 2717 re

183 2738 314 2822 cognita
328 2737 556 2822 permisissem3
574 2758 676 2822 genus
690 2739 776 2802 enim
791 2738 952 2828 quoddam
965 2738 1088 2804 fuisse'
1077 2760 1139 2803 rm·

181 2826 341 2910 pediendi,
351 2848 449 2911 quum
463 2846 523 2911 ego
537 2846 732 2911 cognoscere
745 2847 813 2890 non
820 2845 951 2908 possem,
960 2827 1024 2891 nisi
1036 2846 1140 2928 quum

147 2915 224 2984 aad
255 2914 394 2981 hiemem
420 2936 471 2978 me
499 2935 538 2979 ex
566 2912 678 2980 Cilicia
704 2913 903 2997 recepissem
947 2912 1000 2978 Ad
1028 2915 1139 2979 omnia

183 3003 291 3087 accipe
314 3006 347 3067 et
369 3022 527 3087 cognosce
551 3003 745 3087 aequitatem
763 3001 1030 3102 expostulationis
1047 3005 1139 3103 tuae.

182 3092 335 3176 primum,
362 3113 461 3175 quum
484 3090 524 3154 ad
547 3112 598 3155 me
621 3090 744 3154 aditum
766 3093 851 3154 esset
836 3089 959 3154 t“ab
937 3111 991 3173 us,
1013 3088 1068 3172 qui
1091 3090 1140 3155 di-

182 3183 292 3244 cerent
314 3201 335 3244 a
358 3200 392 3244 se
414 3178 631 3243 intolerabilia
652 3177 774 3242 tributa
740 3177 895 3262 texigi,
923 3177 1000 3261 quid
1021 3177 1141 3244 habuit

253 3390 304 3460 Ep.
325 3396 397 3459 6,.6
448 3388 563 3444 curabo:
587 3391 619 3443 tu
636 3388 669 3443 dc
686 3392 734 3443 tuo
756 3385 841 3453 (W)
891 3402 928 3441 a:
954 3384 1140 3442 dctucMB.

182 3458 233 3528 Ep
254 3466 278 3528 7,
294 3467 317 3514 1.
346 3431 506 3515 Laodiceae
524 3458 597 3530 (edd.
611 3460 699 3528 vett).
735 3456 826 3511 Laud.
844 3455 911 3512 ΜΒ.
