2370 3878
162 167 228 230 270
444 168 481 222 M.
502 167 625 223 TULLII
643 167 834 224 CICERONIS

161 312 200 375 de
223 310 258 375 P.
282 309 388 376 Sullae
411 315 523 397 morte,
546 316 720 398 antequam
742 317 865 378 certum
888 316 1008 380 scierit:
1030 338 1118 383 nune

162 420 313 483 quaerere
336 399 508 484 desierunt,
531 422 595 485 quo
617 402 713 466 modo
731 403 875 486 perierit3
899 405 976 468 satis
999 409 1119 488 putant

162 508 196 551 se
220 490 309 571 scire,
331 487 417 571 quod
441 489 555 553 sciunt.
600 488 673 575 Ego
697 492 859 575 ceteroqui
882 493 990 558 animo
1014 515 1117 579 aequo

160 575 244 660 fer03
266 596 368 641 unum
389 597 509 663 vercor,
531 598 573 642 ne
595 577 690 644 hasta
713 576 860 644 Caesaris
881 579 1050 646 refrixerit.

606 805 663 871 XI.
770 800 773 806 ’

317 923 376 980 Sor.
395 925 515 981 Asturae
533 942 628 981 meuse
646 925 749 981 Martio
767 942 792 980 a.
811 945 837 980 u.
857 944 879 981 c.
896 933 954 983 709.

420 1065 549 1123 CICERO
567 1065 808 1122 DOLABELLAE
828 1067 853 1122 S.

125 1187 139 1237 1
225 1171 287 1240 Vel
313 1195 386 1240 meo
413 1176 514 1259 ipsius
545 1175 679 1240 interitu
710 1175 840 1240 mallem
870 1176 996 1242 litteras
1027 1199 1116 1243 meas

159 1262 355 1328 desiderares
378 1284 475 1348 quam
498 1284 536 1328 eo
560 1285 649 1349 casu,
676 1285 739 1347 quo
764 1285 835 1328 sum
858 1265 1045 1349 gravissime
1069 1267 1116 1330 af-

157 1351 277 1434 flictus3
304 1371 399 1435 quem
426 1351 544 1416 ferrem
571 1355 656 1416 certe
679 1350 889 1437 moderatius,
913 1353 940 1417 si
962 1357 995 1418 te
1017 1353 1116 1419 habe·

157 1460 239 1522 rem3
266 1460 343 1503 nam
365 1443 398 1504 et
420 1440 524 1506 oratio
547 1443 604 1504 tua
626 1440 767 1524 prudens
791 1444 823 1505 et
850 1461 941 1506 amor
963 1462 1041 1527 erga
1063 1464 1115 1507 me

159 1526 331 1612 singularis
354 1528 493 1592 multum
510 1527 645 1612 levaret3
668 1528 733 1614 sed,
756 1529 909 1612 quoniam
927 1529 1017 1595 brevi
1035 1533 1115 1594 tem·

158 1637 250 1701 pore,
272 1620 310 1681 ut
333 1616 442 1700 opinio
465 1620 578 1682 nostra
601 1620 659 1703 est,
680 1620 713 1680 te
737 1638 808 1682 sum
830 1617 970 1702 visurus,
992 1617 1039 1681 ita
1061 1640 1114 1682 me

158 1703 308 1770 affectum
335 1703 491 1791 offendes,
517 1708 555 1770 ut
580 1705 718 1770 multum
748 1727 767 1770 a
793 1708 826 1769 te
853 1705 975 1789 possim
1001 1705 1115 1791 iuvari,

157 1814 225 1859 non
248 1815 312 1878 quo
335 1793 382 1858 ita
405 1793 466 1859 sim
488 1792 620 1879 fractus,
642 1796 680 1858 ut
702 1796 759 1858 aut
780 1793 947 1859 hominem
969 1816 1020 1859 me
1045 1815 1114 1859 esse

158 1882 277 1948 oblitus
315 1881 376 1947 sim
412 1886 469 1947 aut
504 1882 653 1949 fortunae
691 1880 963 1947 succumbendum
994 1885 1114 1967 putem,

51 2046 53 2050 y
140 1971 214 2036 *sed
245 1975 356 2037 tamen
386 1971 533 2036 hilaritas
559 1971 617 2036 illa
643 1974 756 2036 nostra
782 1974 815 2034 et
845 1971 1001 2057 suavitas,
1033 1991 1114 2056 quae

156 2062 189 2123 te
216 2062 344 2143 praeter
376 2063 499 2126 eeteros
531 2059 724 2144 delectabat,
755 2060 866 2143 erepta
897 2058 978 2124 mihi
1010 2059 1113 2124 omnis

158 2151 220 2230 est,
241 2147 427 2214 firmitatem
450 2152 560 2214 tamen
583 2151 616 2212 et
638 2147 864 2231 constantiam,
886 2148 914 2212 si
931 2147 1029 2213 modo
1051 2147 1115 2212 fuit

158 2235 330 2318 aliquando
353 2236 389 2300 in
410 2237 518 2322 nobis,
545 2236 679 2302 eandem
703 2255 891 2321 cognosces,
918 2256 1015 2319 quam
1041 2236 1114 2298 reli-

123 2323 264 2408 aquisti.
310 2322 403 2400 Quod
430 2324 542 2390 scribis
573 2324 697 2410 proelia
727 2326 760 2387 te
792 2345 864 2388 mea
893 2344 990 2388 causa
1019 2323 1113 2387 susti-

158 2433 244 2498 nere,
266 2433 333 2479 non
351 2415 419 2477 tam
437 2411 471 2477 id
490 2412 613 2498 laboro,
634 2416 680 2497 ut,
703 2412 730 2477 si
749 2413 804 2496 qui
822 2411 903 2477 mihi
922 2409 1114 2494 obtrectent,

158 2524 178 2566 a
203 2505 236 2566 te
268 2500 463 2587 refutentur,
490 2523 587 2587 quam
613 2500 753 2586 intelligi
780 2500 892 2585 cupio,
919 2497 1005 2584 quod
1028 2502 1113 2564 certe

157 2591 363 2677 intelligitur,
394 2611 445 2656 me
477 2594 556 2655 ate
589 2590 698 2655 amari.
748 2587 841 2664 Quod
872 2590 910 2652 ut
940 2586 1055 2671 facias,
1081 2591 1113 2650 te

158 2681 256 2745 etiam
278 2682 374 2763 atque
398 2679 496 2744 etiam
517 2698 598 2764 rogo
621 2679 833 2764 ignoscasque
856 2674 1008 2741 brevitati
1029 2674 1113 2739 litte·

157 2789 267 2832 rarum
293 2788 451 2851 mearum3
476 2788 554 2832 nam
580 2768 614 2832 et
641 2765 785 2831 celeriter
811 2785 877 2831 uua
903 2764 1030 2829 futuros
1053 2784 1113 2828 nos

159 2856 298 2920 arbitror
320 2860 353 2921 et
374 2855 520 2922 nondum
541 2873 612 2922 sam
634 2853 712 2921 satis
740 2853 948 2920 confirmatus
975 2850 1016 2916 ad
1039 2851 1114 2915 sori-

158 2943 308 3008 bendum.

159 3240 184 3294 Κ
230 3170 348 3294 ΕρΒῙῙ,
370 3174 393 3224 1.
439 3184 504 3226 nam
530 3173 556 3225 et
577 3184 617 3226 or.
646 3167 707 3237 (u,
725 3167 829 3237 vulgo).
875 3183 941 3223 uam
967 3182 1008 3222 ase
1031 3171 1057 3220 ct
1075 3182 1114 3220 or.

185 3256 252 3310 ays,
295 3282 302 3295 .
