<?xml version="1.0" encoding="UTF-8"?>
<!DOCTYPE html PUBLIC "-//W3C//DTD XHTML 1.0 Transitional//EN"
    "http://www.w3.org/TR/xhtml1/DTD/xhtml1-transitional.dtd">
<html xmlns="http://www.w3.org/1999/xhtml" xml:lang="en" lang="en">
 <head>
  <title>
</title>
<meta http-equiv="Content-Type" content="text/html;charset=utf-8" />
  <meta name='ocr-system' content='tesseract 3.04.00' />
  <meta name='ocr-capabilities' content='ocr_page ocr_carea ocr_par ocr_line ocrx_word'/>
</head>
<body>
  <div class='ocr_page' id='page_1' title='image "./epistolae00cicegoog_0322.png"; bbox 0 0 2370 3878; ppageno 0'>
   <div class='ocr_carea' id='block_1_1' title="bbox 354 171 1051 234">
    <p class='ocr_par' dir='ltr' id='par_1_1' title="bbox 354 171 1051 234">
     <span class='ocr_line' id='line_1_1' title="bbox 354 171 1051 234; baseline 0.011 -8"><span class='ocrx_word' id='word_1_1' title='bbox 354 171 611 227; x_wconf 74' lang='lat' dir='ltr'><strong>EPISTOLARUM</strong></span> <span class='ocrx_word' id='word_1_2' title='bbox 630 171 662 225; x_wconf 80' lang='lat' dir='ltr'>X.</span> <span class='ocrx_word' id='word_1_3' title='bbox 684 176 795 225; x_wconf 77' lang='lat'>11-12.</span> <span class='ocrx_word' id='word_1_4' title='bbox 989 173 1051 234; x_wconf 76' lang='lat'>311</span> 
     </span>
    </p>
   </div>
   <div class='ocr_carea' id='block_1_2' title="bbox 78 316 1089 3218">
    <p class='ocr_par' dir='ltr' id='par_1_2' title="bbox 78 316 1089 3218">
     <span class='ocr_line' id='line_1_2' title="bbox 100 316 1053 399; baseline -0.001 -19"><span class='ocrx_word' id='word_1_5' title='bbox 100 339 151 381; x_wconf 89' lang='lat' dir='ltr'>me</span> <span class='ocrx_word' id='word_1_6' title='bbox 173 317 210 381; x_wconf 92' lang='lat' dir='ltr'>da</span> <span class='ocrx_word' id='word_1_7' title='bbox 234 319 328 382; x_wconf 90' lang='lat' dir='ltr'>domo</span> <span class='ocrx_word' id='word_1_8' title='bbox 353 317 531 399; x_wconf 71' lang='lat' dir='ltr'>deduceret,</span> <span class='ocrx_word' id='word_1_9' title='bbox 553 316 615 379; x_wconf 89' lang='lat' dir='ltr'>feci</span> <span class='ocrx_word' id='word_1_10' title='bbox 644 316 797 380; x_wconf 89' lang='lat' dir='ltr'>continuo</span> <span class='ocrx_word' id='word_1_11' title='bbox 821 337 932 379; x_wconf 91' lang='lat' dir='ltr'>omnes</span> <span class='ocrx_word' id='word_1_12' title='bbox 955 317 1053 398; x_wconf 85' lang='lat' dir='ltr'>parti-</span> 
     </span>
     <span class='ocr_line' id='line_1_3' title="bbox 100 402 1053 488; baseline -0.002 -20"><span class='ocrx_word' id='word_1_13' title='bbox 100 407 184 488; x_wconf 82' lang='lat' dir='ltr'>cipes</span> <span class='ocrx_word' id='word_1_14' title='bbox 211 427 300 469; x_wconf 90' lang='lat' dir='ltr'>meae</span> <span class='ocrx_word' id='word_1_15' title='bbox 328 405 513 488; x_wconf 80' lang='lat' dir='ltr'>voluptatis</span> <span class='ocrx_word' id='word_1_16' title='bbox 562 403 697 467; x_wconf 90' lang='lat' dir='ltr'>Interim</span> <span class='ocrx_word' id='word_1_17' title='bbox 724 403 764 466; x_wconf 93' lang='lat' dir='ltr'>ad</span> <span class='ocrx_word' id='word_1_18' title='bbox 792 424 843 466; x_wconf 91' lang='lat' dir='ltr'>me</span> <span class='ocrx_word' id='word_1_19' title='bbox 872 404 960 466; x_wconf 83' lang='lat' dir='ltr'>venit</span> <span class='ocrx_word' id='word_1_20' title='bbox 983 402 1053 466; x_wconf 91' lang='lat' dir='ltr'>Mu-</span> 
     </span>
     <span class='ocr_line' id='line_1_4' title="bbox 97 491 1059 576; baseline -0.002 -20"><span class='ocrx_word' id='word_1_21' title='bbox 97 494 205 556; x_wconf 88' lang='lat' dir='ltr'>natius</span> <span class='ocrx_word' id='word_1_22' title='bbox 229 497 347 576; x_wconf 90' lang='lat' dir='ltr'>noster,</span> <span class='ocrx_word' id='word_1_23' title='bbox 370 498 406 556; x_wconf 94' lang='lat' dir='ltr'>ut</span> <span class='ocrx_word' id='word_1_24' title='bbox 430 496 613 557; x_wconf 87' lang='lat' dir='ltr'>consuerat:</span> <span class='ocrx_word' id='word_1_25' title='bbox 636 496 670 554; x_wconf 88' lang='lat' dir='ltr'>at</span> <span class='ocrx_word' id='word_1_26' title='bbox 693 512 753 576; x_wconf 85' lang='lat' dir='ltr'>ego</span> <span class='ocrx_word' id='word_1_27' title='bbox 777 491 807 555; x_wconf 88' lang='lat' dir='ltr'>ei</span> <span class='ocrx_word' id='word_1_28' title='bbox 824 491 948 556; x_wconf 78' lang='lat' dir='ltr'>litteras</span> <span class='ocrx_word' id='word_1_29' title='bbox 971 496 1059 575; x_wconf 71' lang='lat' dir='ltr'>tuas,</span> 
     </span>
     <span class='ocr_line' id='line_1_5' title="bbox 98 579 1052 662; baseline -0.001 -18"><span class='ocrx_word' id='word_1_30' title='bbox 98 580 256 646; x_wconf 87' lang='lat' dir='ltr'>nihildum</span> <span class='ocrx_word' id='word_1_31' title='bbox 280 583 366 645; x_wconf 93' lang='lat' dir='ltr'>enim</span> <span class='ocrx_word' id='word_1_32' title='bbox 389 581 523 662; x_wconf 79' lang='lat' dir='ltr'>sciebat3</span> <span class='ocrx_word' id='word_1_33' title='bbox 553 602 628 644; x_wconf 90' lang='lat' dir='ltr'>nam</span> <span class='ocrx_word' id='word_1_34' title='bbox 656 579 770 643; x_wconf 90' lang='lat' dir='ltr'>adme</span> <span class='ocrx_word' id='word_1_35' title='bbox 798 580 937 662; x_wconf 90' lang='lat' dir='ltr'>primum</span> <span class='ocrx_word' id='word_1_36' title='bbox 960 579 1052 644; x_wconf 90' lang='lat' dir='ltr'>Vari·</span> 
     </span>
     <span class='ocr_line' id='line_1_6' title="bbox 97 667 1053 753; baseline -0.001 -20"><span class='ocrx_word' id='word_1_37' title='bbox 97 669 211 753; x_wconf 87' lang='lat' dir='ltr'>sidius,</span> <span class='ocrx_word' id='word_1_38' title='bbox 246 669 341 753; x_wconf 90' lang='lat' dir='ltr'>idque</span> <span class='ocrx_word' id='word_1_39' title='bbox 377 669 440 733; x_wconf 90' lang='lat' dir='ltr'>sibi</span> <span class='ocrx_word' id='word_1_40' title='bbox 475 690 495 732; x_wconf 90' lang='lat' dir='ltr'>a</span> <span class='ocrx_word' id='word_1_41' title='bbox 525 673 558 732; x_wconf 88' lang='lat' dir='ltr'>te</span> <span class='ocrx_word' id='word_1_42' title='bbox 590 667 778 731; x_wconf 88' lang='lat' dir='ltr'>mandatum</span> <span class='ocrx_word' id='word_1_43' title='bbox 814 689 882 731; x_wconf 88' lang='lat' dir='ltr'>esse</span> <span class='ocrx_word' id='word_1_44' title='bbox 919 668 1053 732; x_wconf 86' lang='lat' dir='ltr'>dicebat.</span> 
     </span>
     <span class='ocr_line' id='line_1_7' title="bbox 98 755 1053 840; baseline 0 -20"><span class='ocrx_word' id='word_1_45' title='bbox 98 756 210 822; x_wconf 85' lang='lat' dir='ltr'>Paullo</span> <span class='ocrx_word' id='word_1_46' title='bbox 234 762 309 840; x_wconf 89' lang='lat' dir='ltr'>post</span> <span class='ocrx_word' id='word_1_47' title='bbox 330 757 416 821; x_wconf 89' lang='lat' dir='ltr'>idem</span> <span class='ocrx_word' id='word_1_48' title='bbox 438 757 517 820; x_wconf 89' lang='lat' dir='ltr'>mihi</span> <span class='ocrx_word' id='word_1_49' title='bbox 536 755 702 820; x_wconf 79' lang='lat' dir='ltr'>Munatius</span> <span class='ocrx_word' id='word_1_50' title='bbox 725 777 779 819; x_wconf 90' lang='lat' dir='ltr'>eas</span> <span class='ocrx_word' id='word_1_51' title='bbox 803 757 926 820; x_wconf 82' lang='lat' dir='ltr'>litteras</span> <span class='ocrx_word' id='word_1_52' title='bbox 945 757 1053 840; x_wconf 91' lang='lat' dir='ltr'>legen·</span> 
     </span>
     <span class='ocr_line' id='line_1_8' title="bbox 98 844 1052 928; baseline 0 -20"><span class='ocrx_word' id='word_1_53' title='bbox 98 846 156 909; x_wconf 90' lang='lat' dir='ltr'>das</span> <span class='ocrx_word' id='word_1_54' title='bbox 180 845 276 927; x_wconf 84' lang='lat' dir='ltr'>dedit,</span> <span class='ocrx_word' id='word_1_55' title='bbox 300 867 379 928; x_wconf 91' lang='lat' dir='ltr'>quas</span> <span class='ocrx_word' id='word_1_56' title='bbox 402 845 465 928; x_wconf 91' lang='lat' dir='ltr'>ipsi</span> <span class='ocrx_word' id='word_1_57' title='bbox 488 844 634 927; x_wconf 77' lang='lat' dir='ltr'>miseraS,</span> <span class='ocrx_word' id='word_1_58' title='bbox 662 848 694 908; x_wconf 87' lang='lat' dir='ltr'>et</span> <span class='ocrx_word' id='word_1_59' title='bbox 722 865 785 926; x_wconf 79' lang='lat' dir='ltr'>eae,</span> <span class='ocrx_word' id='word_1_60' title='bbox 815 866 894 927; x_wconf 90' lang='lat' dir='ltr'>quas</span> <span class='ocrx_word' id='word_1_61' title='bbox 918 846 1052 927; x_wconf 86' lang='lat' dir='ltr'>publice.</span> 
     </span>
     <span class='ocr_line' id='line_1_9' title="bbox 97 930 1088 1015; baseline -0.001 -20"><span class='ocrx_word' id='word_1_62' title='bbox 97 931 223 996; x_wconf 83' lang='lat' dir='ltr'>Placuit</span> <span class='ocrx_word' id='word_1_63' title='bbox 245 934 348 1015; x_wconf 90' lang='lat' dir='ltr'>nobis,</span> <span class='ocrx_word' id='word_1_64' title='bbox 370 938 407 996; x_wconf 95' lang='lat' dir='ltr'>ut</span> <span class='ocrx_word' id='word_1_65' title='bbox 426 933 535 997; x_wconf 89' lang='lat' dir='ltr'>statim</span> <span class='ocrx_word' id='word_1_66' title='bbox 554 932 594 996; x_wconf 89' lang='lat' dir='ltr'>ad</span> <span class='ocrx_word' id='word_1_67' title='bbox 609 931 659 997; x_wconf 88' lang='lat' dir='ltr'>M.</span> <span class='ocrx_word' id='word_1_68' title='bbox 675 930 854 996; x_wconf 82' lang='lat' dir='ltr'>Cornutum</span> <span class='ocrx_word' id='word_1_69' title='bbox 872 937 1052 1015; x_wconf 84' lang='lat' dir='ltr'>praetorem</span> <span class='ocrx_word' id='word_1_70' title='bbox 1072 948 1088 994; x_wconf 88' lang='lat'><strong>3</strong></span> 
     </span>
     <span class='ocr_line' id='line_1_10' title="bbox 96 1020 1052 1102; baseline 0.001 -19"><span class='ocrx_word' id='word_1_71' title='bbox 96 1022 257 1084; x_wconf 90' lang='lat' dir='ltr'>urbanum</span> <span class='ocrx_word' id='word_1_72' title='bbox 276 1021 400 1084; x_wconf 86' lang='lat' dir='ltr'>litteras</span> <span class='ocrx_word' id='word_1_73' title='bbox 419 1020 623 1101; x_wconf 64' lang='lat' dir='ltr'>deferremus</span> <span class='ocrx_word' id='word_1_74' title='bbox 646 1020 710 1102; x_wconf 92' lang='lat' dir='ltr'>qni,</span> <span class='ocrx_word' id='word_1_75' title='bbox 729 1021 815 1102; x_wconf 90' lang='lat' dir='ltr'>quod</span> <span class='ocrx_word' id='word_1_76' title='bbox 834 1021 980 1084; x_wconf 85' lang='lat' dir='ltr'>consules</span> <span class='ocrx_word' id='word_1_77' title='bbox 999 1023 1052 1084; x_wconf 90' lang='lat' dir='ltr'>ab·</span> 
     </span>
     <span class='ocr_line' id='line_1_11' title="bbox 98 1107 1053 1192; baseline 0.001 -20"><span class='ocrx_word' id='word_1_78' title='bbox 98 1114 203 1192; x_wconf 88' lang='lat' dir='ltr'>erant,</span> <span class='ocrx_word' id='word_1_79' title='bbox 231 1109 399 1173; x_wconf 87' lang='lat' dir='ltr'>consulare</span> <span class='ocrx_word' id='word_1_80' title='bbox 426 1129 542 1171; x_wconf 92' lang='lat' dir='ltr'>munus</span> <span class='ocrx_word' id='word_1_81' title='bbox 566 1107 745 1171; x_wconf 88' lang='lat' dir='ltr'>sustinebat</span> <span class='ocrx_word' id='word_1_82' title='bbox 768 1129 856 1172; x_wconf 89' lang='lat' dir='ltr'>more</span> <span class='ocrx_word' id='word_1_83' title='bbox 883 1110 1053 1173; x_wconf 90' lang='lat' dir='ltr'>maiorum:</span> 
     </span>
     <span class='ocr_line' id='line_1_12' title="bbox 97 1195 1052 1279; baseline 0 -19"><span class='ocrx_word' id='word_1_84' title='bbox 97 1200 230 1260; x_wconf 88' lang='lat' dir='ltr'>senatus</span> <span class='ocrx_word' id='word_1_85' title='bbox 258 1200 307 1260; x_wconf 88' lang='lat' dir='ltr'>est</span> <span class='ocrx_word' id='word_1_86' title='bbox 334 1195 488 1259; x_wconf 91' lang='lat' dir='ltr'>continuo</span> <span class='ocrx_word' id='word_1_87' title='bbox 516 1198 711 1259; x_wconf 85' lang='lat' dir='ltr'>convocatus</span> <span class='ocrx_word' id='word_1_88' title='bbox 737 1195 950 1279; x_wconf 87' lang='lat' dir='ltr'>frequensque</span> <span class='ocrx_word' id='word_1_89' title='bbox 979 1218 1052 1260; x_wconf 89' lang='lat' dir='ltr'>con-</span> 
     </span>
     <span class='ocr_line' id='line_1_13' title="bbox 97 1283 1053 1366; baseline 0.003 -20"><span class='ocrx_word' id='word_1_90' title='bbox 97 1286 187 1347; x_wconf 87' lang='lat' dir='ltr'>venit</span> <span class='ocrx_word' id='word_1_91' title='bbox 209 1288 342 1366; x_wconf 88' lang='lat' dir='ltr'>propter</span> <span class='ocrx_word' id='word_1_92' title='bbox 364 1283 485 1346; x_wconf 91' lang='lat' dir='ltr'>famam</span> <span class='ocrx_word' id='word_1_93' title='bbox 509 1286 604 1366; x_wconf 89' lang='lat' dir='ltr'>atque</span> <span class='ocrx_word' id='word_1_94' title='bbox 632 1285 902 1365; x_wconf 84' lang='lat' dir='ltr'>exspectationem</span> <span class='ocrx_word' id='word_1_95' title='bbox 925 1290 1053 1349; x_wconf 87' lang='lat' dir='ltr'>tuarum</span> 
     </span>
     <span class='ocr_line' id='line_1_14' title="bbox 98 1371 1052 1456; baseline 0.003 -23"><span class='ocrx_word' id='word_1_96' title='bbox 98 1372 288 1434; x_wconf 84' lang='lat' dir='ltr'>litterarum.</span> <span class='ocrx_word' id='word_1_97' title='bbox 325 1371 479 1435; x_wconf 88' lang='lat' dir='ltr'>Recitatis</span> <span class='ocrx_word' id='word_1_98' title='bbox 502 1371 618 1435; x_wconf 88' lang='lat' dir='ltr'>litteris</span> <span class='ocrx_word' id='word_1_99' title='bbox 642 1371 750 1435; x_wconf 89' lang='lat' dir='ltr'>oblata</span> <span class='ocrx_word' id='word_1_100' title='bbox 772 1373 884 1456; x_wconf 88' lang='lat' dir='ltr'>religio</span> <span class='ocrx_word' id='word_1_101' title='bbox 909 1372 1052 1438; x_wconf 75' lang='lat' dir='ltr'>Cornuto</span> 
     </span>
     <span class='ocr_line' id='line_1_15' title="bbox 99 1459 1053 1545; baseline 0.003 -24"><span class='ocrx_word' id='word_1_102' title='bbox 99 1463 148 1521; x_wconf 93' lang='lat' dir='ltr'>est</span> <span class='ocrx_word' id='word_1_103' title='bbox 170 1459 380 1541; x_wconf 89' lang='lat' dir='ltr'>pullariorum</span> <span class='ocrx_word' id='word_1_104' title='bbox 403 1459 577 1543; x_wconf 85' lang='lat' dir='ltr'>admonitu,</span> <span class='ocrx_word' id='word_1_105' title='bbox 600 1482 667 1524; x_wconf 93' lang='lat' dir='ltr'>non</span> <span class='ocrx_word' id='word_1_106' title='bbox 690 1461 769 1523; x_wconf 90' lang='lat' dir='ltr'>satis</span> <span class='ocrx_word' id='word_1_107' title='bbox 787 1460 958 1545; x_wconf 81' lang='lat' dir='ltr'>diligenter</span> <span class='ocrx_word' id='word_1_108' title='bbox 980 1484 1053 1525; x_wconf 88' lang='lat' dir='ltr'>eum</span> 
     </span>
     <span class='ocr_line' id='line_1_16' title="bbox 99 1547 1052 1634; baseline 0.006 -26"><span class='ocrx_word' id='word_1_109' title='bbox 99 1547 249 1629; x_wconf 86' lang='lat' dir='ltr'>auspiciis</span> <span class='ocrx_word' id='word_1_110' title='bbox 280 1568 409 1630; x_wconf 83' lang='lat' dir='ltr'>operam</span> <span class='ocrx_word' id='word_1_111' title='bbox 442 1548 577 1632; x_wconf 84' lang='lat' dir='ltr'>dedisse,</span> <span class='ocrx_word' id='word_1_112' title='bbox 609 1549 704 1631; x_wconf 93' lang='lat' dir='ltr'>idque</span> <span class='ocrx_word' id='word_1_113' title='bbox 733 1553 886 1614; x_wconf 89' lang='lat' dir='ltr'>anostro</span> <span class='ocrx_word' id='word_1_114' title='bbox 917 1550 1052 1634; x_wconf 87' lang='lat' dir='ltr'>collegio</span> 
     </span>
     <span class='ocr_line' id='line_1_17' title="bbox 97 1634 1053 1720; baseline 0.005 -24"><span class='ocrx_word' id='word_1_115' title='bbox 97 1634 342 1717; x_wconf 87' lang='lat' dir='ltr'>comprobatum</span> <span class='ocrx_word' id='word_1_116' title='bbox 361 1638 422 1717; x_wconf 83' lang='lat' dir='ltr'>est3</span> <span class='ocrx_word' id='word_1_117' title='bbox 444 1637 552 1720; x_wconf 88' lang='lat' dir='ltr'>itaque</span> <span class='ocrx_word' id='word_1_118' title='bbox 570 1658 622 1701; x_wconf 90' lang='lat' dir='ltr'>res</span> <span class='ocrx_word' id='word_1_119' title='bbox 641 1636 741 1700; x_wconf 89' lang='lat' dir='ltr'>dilata</span> <span class='ocrx_word' id='word_1_120' title='bbox 760 1641 808 1701; x_wconf 92' lang='lat' dir='ltr'>est</span> <span class='ocrx_word' id='word_1_121' title='bbox 826 1637 860 1700; x_wconf 92' lang='lat' dir='ltr'>in</span> <span class='ocrx_word' id='word_1_122' title='bbox 878 1642 1053 1720; x_wconf 89' lang='lat' dir='ltr'>posterum.</span> 
     </span>
     <span class='ocr_line' id='line_1_18' title="bbox 97 1721 1053 1808; baseline 0.003 -23"><span class='ocrx_word' id='word_1_123' title='bbox 97 1721 146 1786; x_wconf 80' lang='lat' dir='ltr'>Eo</span> <span class='ocrx_word' id='word_1_124' title='bbox 170 1726 278 1786; x_wconf 89' lang='lat' dir='ltr'>autem</span> <span class='ocrx_word' id='word_1_125' title='bbox 301 1723 351 1787; x_wconf 90' lang='lat' dir='ltr'>die</span> <span class='ocrx_word' id='word_1_126' title='bbox 374 1745 493 1808; x_wconf 89' lang='lat' dir='ltr'>magna</span> <span class='ocrx_word' id='word_1_127' title='bbox 515 1725 595 1788; x_wconf 91' lang='lat' dir='ltr'>mihi</span> <span class='ocrx_word' id='word_1_128' title='bbox 622 1747 681 1807; x_wconf 93' lang='lat' dir='ltr'>pro</span> <span class='ocrx_word' id='word_1_129' title='bbox 708 1728 765 1788; x_wconf 89' lang='lat' dir='ltr'>tua</span> <span class='ocrx_word' id='word_1_130' title='bbox 793 1724 950 1808; x_wconf 78' lang='lat' dir='ltr'>dignitate</span> <span class='ocrx_word' id='word_1_131' title='bbox 979 1747 1053 1791; x_wconf 91' lang='lat' dir='ltr'>con-</span> 
     </span>
     <span class='ocr_line' id='line_1_19' title="bbox 96 1809 1054 1895; baseline 0.004 -23"><span class='ocrx_word' id='word_1_132' title='bbox 96 1811 199 1874; x_wconf 87' lang='lat' dir='ltr'>tentio</span> <span class='ocrx_word' id='word_1_133' title='bbox 222 1831 296 1874; x_wconf 88' lang='lat' dir='ltr'>oum</span> <span class='ocrx_word' id='word_1_134' title='bbox 320 1809 469 1894; x_wconf 80' lang='lat' dir='ltr'>Servilio,</span> <span class='ocrx_word' id='word_1_135' title='bbox 496 1813 551 1895; x_wconf 92' lang='lat' dir='ltr'>qui</span> <span class='ocrx_word' id='word_1_136' title='bbox 574 1833 674 1894; x_wconf 93' lang='lat' dir='ltr'>quum</span> <span class='ocrx_word' id='word_1_137' title='bbox 697 1812 802 1894; x_wconf 88' lang='lat' dir='ltr'>gratia</span> <span class='ocrx_word' id='word_1_138' title='bbox 825 1813 994 1895; x_wconf 85' lang='lat' dir='ltr'>effecisset,</span> <span class='ocrx_word' id='word_1_139' title='bbox 1017 1819 1054 1876; x_wconf 95' lang='lat' dir='ltr'>ut</span> 
     </span>
     <span class='ocr_line' id='line_1_20' title="bbox 98 1899 1053 1982; baseline 0.003 -22"><span class='ocrx_word' id='word_1_140' title='bbox 98 1920 156 1960; x_wconf 87' lang='lat' dir='ltr'>sua</span> <span class='ocrx_word' id='word_1_141' title='bbox 179 1899 340 1962; x_wconf 88' lang='lat' dir='ltr'>sententia</span> <span class='ocrx_word' id='word_1_142' title='bbox 366 1899 470 1981; x_wconf 87' lang='lat' dir='ltr'>prima</span> <span class='ocrx_word' id='word_1_143' title='bbox 497 1899 774 1981; x_wconf 87' lang='lat' dir='ltr'>pronuntiaretur,</span> <span class='ocrx_word' id='word_1_144' title='bbox 801 1899 952 1982; x_wconf 87' lang='lat' dir='ltr'>frequens</span> <span class='ocrx_word' id='word_1_145' title='bbox 981 1921 1053 1963; x_wconf 91' lang='lat' dir='ltr'>eum</span> 
     </span>
     <span class='ocr_line' id='line_1_21' title="bbox 96 1985 1053 2070; baseline 0.003 -21"><span class='ocrx_word' id='word_1_146' title='bbox 96 1989 227 2049; x_wconf 85' lang='lat' dir='ltr'>senatus</span> <span class='ocrx_word' id='word_1_147' title='bbox 251 1987 381 2069; x_wconf 90' lang='lat' dir='ltr'>reliquit</span> <span class='ocrx_word' id='word_1_148' title='bbox 405 1990 436 2049; x_wconf 89' lang='lat' dir='ltr'>et</span> <span class='ocrx_word' id='word_1_149' title='bbox 459 1986 493 2049; x_wconf 92' lang='lat' dir='ltr'>in</span> <span class='ocrx_word' id='word_1_150' title='bbox 517 1986 579 2048; x_wconf 90' lang='lat' dir='ltr'>alia</span> <span class='ocrx_word' id='word_1_151' title='bbox 598 1987 707 2050; x_wconf 91' lang='lat' dir='ltr'>omnia</span> <span class='ocrx_word' id='word_1_152' title='bbox 726 1985 879 2069; x_wconf 84' lang='lat' dir='ltr'>discessit,</span> <span class='ocrx_word' id='word_1_153' title='bbox 901 2008 1053 2070; x_wconf 88' lang='lat' dir='ltr'>meaeque</span> 
     </span>
     <span class='ocr_line' id='line_1_22' title="bbox 78 2073 1052 2160; baseline 0.004 -24"><span class='ocrx_word' id='word_1_154' title='bbox 78 2075 290 2156; x_wconf 83' lang='lat' dir='ltr'>sententiae,</span> <span class='ocrx_word' id='word_1_155' title='bbox 322 2095 404 2156; x_wconf 90' lang='lat' dir='ltr'>quae</span> <span class='ocrx_word' id='word_1_156' title='bbox 433 2073 572 2137; x_wconf 89' lang='lat' dir='ltr'>secunda</span> <span class='ocrx_word' id='word_1_157' title='bbox 602 2073 813 2157; x_wconf 86' lang='lat' dir='ltr'>pronuntiata</span> <span class='ocrx_word' id='word_1_158' title='bbox 841 2078 922 2158; x_wconf 85' lang='lat' dir='ltr'>erat,</span> <span class='ocrx_word' id='word_1_159' title='bbox 955 2099 1052 2160; x_wconf 92' lang='lat' dir='ltr'>quum</span> 
     </span>
     <span class='ocr_line' id='line_1_23' title="bbox 96 2161 1051 2247; baseline 0.006 -25"><span class='ocrx_word' id='word_1_160' title='bbox 96 2161 281 2245; x_wconf 88' lang='lat' dir='ltr'>frequenter</span> <span class='ocrx_word' id='word_1_161' title='bbox 309 2162 519 2226; x_wconf 87' lang='lat' dir='ltr'>assentiretur</span> <span class='ocrx_word' id='word_1_162' title='bbox 546 2165 690 2245; x_wconf 85' lang='lat' dir='ltr'>senatus,</span> <span class='ocrx_word' id='word_1_163' title='bbox 721 2167 837 2247; x_wconf 89' lang='lat' dir='ltr'>rogatu</span> <span class='ocrx_word' id='word_1_164' title='bbox 866 2161 990 2228; x_wconf 84' lang='lat' dir='ltr'>Servilii</span> <span class='ocrx_word' id='word_1_165' title='bbox 1017 2163 1051 2229; x_wconf 83' lang='lat' dir='ltr'>P.</span> 
     </span>
     <span class='ocr_line' id='line_1_24' title="bbox 98 2249 1089 2333; baseline 0.002 -21"><span class='ocrx_word' id='word_1_166' title='bbox 98 2249 202 2313; x_wconf 81' lang='lat' dir='ltr'>Titius</span> <span class='ocrx_word' id='word_1_167' title='bbox 230 2250 423 2314; x_wconf 89' lang='lat' dir='ltr'>intercessit:</span> <span class='ocrx_word' id='word_1_168' title='bbox 455 2272 505 2314; x_wconf 91' lang='lat' dir='ltr'>res</span> <span class='ocrx_word' id='word_1_169' title='bbox 538 2251 573 2314; x_wconf 94' lang='lat' dir='ltr'>in</span> <span class='ocrx_word' id='word_1_170' title='bbox 603 2256 769 2333; x_wconf 90' lang='lat' dir='ltr'>posterum</span> <span class='ocrx_word' id='word_1_171' title='bbox 796 2252 903 2316; x_wconf 91' lang='lat' dir='ltr'>dilata.</span> <span class='ocrx_word' id='word_1_172' title='bbox 953 2253 1089 2318; x_wconf 73' lang='lat' dir='ltr'>Venite</span> 
     </span>
     <span class='ocr_line' id='line_1_25' title="bbox 96 2336 1052 2426; baseline 0.006 -26"><span class='ocrx_word' id='word_1_173' title='bbox 96 2341 229 2419; x_wconf 89' lang='lat' dir='ltr'>paratus</span> <span class='ocrx_word' id='word_1_174' title='bbox 253 2336 414 2421; x_wconf 81' lang='lat' dir='ltr'>Servilius,</span> <span class='ocrx_word' id='word_1_175' title='bbox 437 2338 506 2403; x_wconf 88' lang='lat' dir='ltr'>Iovi</span> <span class='ocrx_word' id='word_1_176' title='bbox 528 2339 591 2422; x_wconf 89' lang='lat' dir='ltr'>ipsi</span> <span class='ocrx_word' id='word_1_177' title='bbox 609 2339 747 2423; x_wconf 88' lang='lat' dir='ltr'>iniquus,</span> <span class='ocrx_word' id='word_1_178' title='bbox 771 2341 860 2405; x_wconf 89' lang='lat' dir='ltr'>cuius</span> <span class='ocrx_word' id='word_1_179' title='bbox 878 2342 912 2404; x_wconf 92' lang='lat' dir='ltr'>in</span> <span class='ocrx_word' id='word_1_180' title='bbox 930 2343 1052 2426; x_wconf 89' lang='lat' dir='ltr'>templo</span> 
     </span>
     <span class='ocr_line' id='line_1_26' title="bbox 96 2425 1053 2514; baseline 0.006 -26"><span class='ocrx_word' id='word_1_181' title='bbox 96 2447 148 2489; x_wconf 86' lang='lat' dir='ltr'>res</span> <span class='ocrx_word' id='word_1_182' title='bbox 172 2425 336 2510; x_wconf 77' lang='lat' dir='ltr'>agebatur.</span> <span class='ocrx_word' id='word_1_183' title='bbox 372 2425 468 2490; x_wconf 93' lang='lat' dir='ltr'>Hunc</span> <span class='ocrx_word' id='word_1_184' title='bbox 492 2428 760 2510; x_wconf 86' lang='lat' dir='ltr'>quemadmodum</span> <span class='ocrx_word' id='word_1_185' title='bbox 781 2429 933 2514; x_wconf 81' lang='lat' dir='ltr'>fregerim</span> <span class='ocrx_word' id='word_1_186' title='bbox 953 2442 1053 2513; x_wconf 61' lang='lat' dir='ltr'>quan*</span> 
     </span>
     <span class='ocr_line' id='line_1_27' title="bbox 95 2514 1053 2600; baseline 0.006 -25"><span class='ocrx_word' id='word_1_187' title='bbox 95 2516 193 2596; x_wconf 89' lang='lat' dir='ltr'>taque</span> <span class='ocrx_word' id='word_1_188' title='bbox 223 2515 429 2579; x_wconf 88' lang='lat' dir='ltr'>contentione</span> <span class='ocrx_word' id='word_1_189' title='bbox 458 2514 580 2580; x_wconf 84' lang='lat' dir='ltr'>Titium</span> <span class='ocrx_word' id='word_1_190' title='bbox 602 2517 844 2581; x_wconf 84' lang='lat' dir='ltr'>intercessorem</span> <span class='ocrx_word' id='word_1_191' title='bbox 874 2518 1053 2600; x_wconf 79' lang='lat' dir='ltr'>obiecerim,</span> 
     </span>
     <span class='ocr_line' id='line_1_28' title="bbox 96 2601 1052 2689; baseline 0.005 -25"><span class='ocrx_word' id='word_1_192' title='bbox 96 2622 136 2664; x_wconf 84' lang='lat' dir='ltr'>ex</span> <span class='ocrx_word' id='word_1_193' title='bbox 160 2601 297 2666; x_wconf 90' lang='lat' dir='ltr'>aliorum</span> <span class='ocrx_word' id='word_1_194' title='bbox 319 2607 351 2666; x_wconf 91' lang='lat' dir='ltr'>te</span> <span class='ocrx_word' id='word_1_195' title='bbox 374 2604 489 2668; x_wconf 87' lang='lat' dir='ltr'>litteris</span> <span class='ocrx_word' id='word_1_196' title='bbox 512 2606 598 2669; x_wconf 89' lang='lat' dir='ltr'>malo</span> <span class='ocrx_word' id='word_1_197' title='bbox 626 2626 833 2689; x_wconf 78' lang='lat' dir='ltr'>cognoscere3</span> <span class='ocrx_word' id='word_1_198' title='bbox 862 2628 963 2669; x_wconf 89' lang='lat' dir='ltr'>unum</span> <span class='ocrx_word' id='word_1_199' title='bbox 990 2606 1052 2671; x_wconf 92' lang='lat' dir='ltr'>hoc</span> 
     </span>
     <span class='ocr_line' id='line_1_29' title="bbox 95 2690 1051 2776; baseline 0.005 -24"><span class='ocrx_word' id='word_1_200' title='bbox 95 2710 136 2752; x_wconf 84' lang='lat' dir='ltr'>ex</span> <span class='ocrx_word' id='word_1_201' title='bbox 159 2690 251 2754; x_wconf 90' lang='lat' dir='ltr'>meis:</span> <span class='ocrx_word' id='word_1_202' title='bbox 275 2693 405 2755; x_wconf 88' lang='lat' dir='ltr'>senatus</span> <span class='ocrx_word' id='word_1_203' title='bbox 429 2694 570 2776; x_wconf 79' lang='lat' dir='ltr'>gravior,</span> <span class='ocrx_word' id='word_1_204' title='bbox 594 2694 809 2775; x_wconf 87' lang='lat' dir='ltr'>constantior,</span> <span class='ocrx_word' id='word_1_205' title='bbox 833 2693 965 2757; x_wconf 88' lang='lat' dir='ltr'>amicior</span> <span class='ocrx_word' id='word_1_206' title='bbox 986 2695 1051 2757; x_wconf 90' lang='lat' dir='ltr'>tuis</span> 
     </span>
     <span class='ocr_line' id='line_1_30' title="bbox 94 2777 1052 2864; baseline 0.006 -24"><span class='ocrx_word' id='word_1_207' title='bbox 94 2777 245 2842; x_wconf 89' lang='lat' dir='ltr'>laudibus</span> <span class='ocrx_word' id='word_1_208' title='bbox 268 2799 337 2843; x_wconf 88' lang='lat' dir='ltr'>esse</span> <span class='ocrx_word' id='word_1_209' title='bbox 360 2802 427 2844; x_wconf 93' lang='lat' dir='ltr'>non</span> <span class='ocrx_word' id='word_1_210' title='bbox 448 2781 565 2863; x_wconf 86' lang='lat' dir='ltr'>potuit,</span> <span class='ocrx_word' id='word_1_211' title='bbox 588 2803 684 2864; x_wconf 90' lang='lat' dir='ltr'>quam</span> <span class='ocrx_word' id='word_1_212' title='bbox 707 2785 777 2844; x_wconf 93' lang='lat' dir='ltr'>tum</span> <span class='ocrx_word' id='word_1_213' title='bbox 799 2780 870 2863; x_wconf 91' lang='lat' dir='ltr'>fuit,</span> <span class='ocrx_word' id='word_1_214' title='bbox 893 2793 952 2845; x_wconf 91' lang='lat' dir='ltr'>nec</span> <span class='ocrx_word' id='word_1_215' title='bbox 975 2804 1052 2846; x_wconf 83' lang='lat' dir='ltr'>vero</span> 
     </span>
     <span class='ocr_line' id='line_1_31' title="bbox 95 2865 1053 2951; baseline 0.008 -24"><span class='ocrx_word' id='word_1_216' title='bbox 95 2865 155 2928; x_wconf 90' lang='lat' dir='ltr'>tibi</span> <span class='ocrx_word' id='word_1_217' title='bbox 170 2870 300 2930; x_wconf 90' lang='lat' dir='ltr'>senatus</span> <span class='ocrx_word' id='word_1_218' title='bbox 315 2868 447 2932; x_wconf 90' lang='lat' dir='ltr'>amicior</span> <span class='ocrx_word' id='word_1_219' title='bbox 466 2890 563 2951; x_wconf 90' lang='lat' dir='ltr'>quam</span> <span class='ocrx_word' id='word_1_220' title='bbox 581 2873 697 2932; x_wconf 86' lang='lat' dir='ltr'>cuncta</span> <span class='ocrx_word' id='word_1_221' title='bbox 716 2869 841 2951; x_wconf 65' lang='lat' dir='ltr'>civitas,</span> <span class='ocrx_word' id='word_1_222' title='bbox 863 2870 1053 2935; x_wconf 90' lang='lat' dir='ltr'>mirabiliter</span> 
     </span>
     <span class='ocr_line' id='line_1_32' title="bbox 95 2953 1052 3042; baseline 0.007 -26"><span class='ocrx_word' id='word_1_223' title='bbox 95 2953 181 3017; x_wconf 89' lang='lat' dir='ltr'>enirn</span> <span class='ocrx_word' id='word_1_224' title='bbox 208 2955 347 3038; x_wconf 90' lang='lat' dir='ltr'>populus</span> <span class='ocrx_word' id='word_1_225' title='bbox 374 2955 540 3019; x_wconf 89' lang='lat' dir='ltr'>Romanus</span> <span class='ocrx_word' id='word_1_226' title='bbox 572 2955 739 3020; x_wconf 89' lang='lat' dir='ltr'>universus</span> <span class='ocrx_word' id='word_1_227' title='bbox 767 2961 800 3020; x_wconf 92' lang='lat' dir='ltr'>et</span> <span class='ocrx_word' id='word_1_228' title='bbox 827 2959 971 3022; x_wconf 90' lang='lat' dir='ltr'>omnium</span> <span class='ocrx_word' id='word_1_229' title='bbox 998 2980 1052 3042; x_wconf 90' lang='lat' dir='ltr'>ge·</span> 
     </span>
     <span class='ocr_line' id='line_1_33' title="bbox 94 3042 1052 3125; baseline 0.005 -21"><span class='ocrx_word' id='word_1_230' title='bbox 94 3062 209 3105; x_wconf 90' lang='lat' dir='ltr'>nerum</span> <span class='ocrx_word' id='word_1_231' title='bbox 237 3042 447 3125; x_wconf 89' lang='lat' dir='ltr'>ordinumque</span> <span class='ocrx_word' id='word_1_232' title='bbox 476 3064 651 3108; x_wconf 88' lang='lat' dir='ltr'>consensus</span> <span class='ocrx_word' id='word_1_233' title='bbox 681 3044 721 3107; x_wconf 93' lang='lat' dir='ltr'>ad</span> <span class='ocrx_word' id='word_1_234' title='bbox 752 3045 952 3109; x_wconf 88' lang='lat' dir='ltr'>liberandam</span> <span class='ocrx_word' id='word_1_235' title='bbox 983 3067 1052 3109; x_wconf 91' lang='lat' dir='ltr'>rem</span> 
     </span>
     <span class='ocr_line' id='line_1_34' title="bbox 94 3129 1087 3218; baseline 0.01 -26"><span class='ocrx_word' id='word_1_236' title='bbox 94 3129 257 3212; x_wconf 91' lang='lat' dir='ltr'>publicam</span> <span class='ocrx_word' id='word_1_237' title='bbox 286 3131 490 3214; x_wconf 84' lang='lat' dir='ltr'>conspiravit.</span> <span class='ocrx_word' id='word_1_238' title='bbox 539 3129 642 3218; x_wconf 87' lang='lat' dir='ltr'>Perge</span> <span class='ocrx_word' id='word_1_239' title='bbox 673 3131 785 3216; x_wconf 88' lang='lat' dir='ltr'>igitur,</span> <span class='ocrx_word' id='word_1_240' title='bbox 816 3136 854 3196; x_wconf 89' lang='lat' dir='ltr'>ut</span> <span class='ocrx_word' id='word_1_241' title='bbox 881 3134 965 3216; x_wconf 88' lang='lat' dir='ltr'>agis,</span> <span class='ocrx_word' id='word_1_242' title='bbox 994 3152 1087 3202; x_wconf 73' lang='lat' dir='ltr'>nob</span> 
     </span>
    </p>
   </div>
   <div class='ocr_carea' id='block_1_3' title="bbox 498 3356 1056 3499">
    <p class='ocr_par' dir='ltr' id='par_1_3' title="bbox 498 3356 1056 3499">
     <span class='ocr_line' id='line_1_35' title="bbox 523 3356 1052 3428; baseline -0.002 -15"><span class='ocrx_word' id='word_1_243' title='bbox 523 3357 640 3428; x_wconf 80' lang='lat' dir='ltr'>(Orat.)?</span> <span class='ocrx_word' id='word_1_244' title='bbox 672 3389 707 3398; x_wconf 91' lang='lat'>—</span> <span class='ocrx_word' id='word_1_245' title='bbox 739 3361 895 3412; x_wconf 77' lang='lat' dir='ltr'>consue-rat:</span> <span class='ocrx_word' id='word_1_246' title='bbox 924 3356 976 3427; x_wconf 83' lang='lat' dir='ltr'>[ut]</span> <span class='ocrx_word' id='word_1_247' title='bbox 1005 3371 1052 3425; x_wconf 71' lang='lat' dir='ltr'>eqo</span> 
     </span>
     <span class='ocr_line' id='line_1_36' title="bbox 498 3427 1056 3499; baseline -0.005 -16"><span class='ocrx_word' id='word_1_248' title='bbox 498 3429 572 3499; x_wconf 80' lang='lat' dir='ltr'><strong>W.)?</strong></span> <span class='ocrx_word' id='word_1_249' title='bbox 621 3435 646 3483; x_wconf 82' lang='grc'>3.</span> <span class='ocrx_word' id='word_1_250' title='bbox 676 3430 713 3484; x_wconf 85' lang='lat' dir='ltr'>ad</span> <span class='ocrx_word' id='word_1_251' title='bbox 732 3429 776 3482; x_wconf 85' lang='lat' dir='ltr'>M.</span> <span class='ocrx_word' id='word_1_252' title='bbox 800 3427 952 3482; x_wconf 78' lang='lat' dir='ltr'>Cornuto-ur</span> <span class='ocrx_word' id='word_1_253' title='bbox 975 3427 1056 3496; x_wconf 53' lang='grc' dir='ltr'>ΟΜ.</span> 
     </span>
    </p>
   </div>
   <div class='ocr_carea' id='block_1_4' title="bbox 92 3355 497 3568">
    <p class='ocr_par' dir='ltr' id='par_1_4' title="bbox 92 3355 497 3568">
     <span class='ocr_line' id='line_1_37' title="bbox 163 3355 495 3425; baseline 0.012 -16"><span class='ocrx_word' id='word_1_254' title='bbox 163 3355 215 3425; x_wconf 84' lang='lat' dir='ltr'>Ep.</span> <span class='ocrx_word' id='word_1_255' title='bbox 237 3363 277 3421; x_wconf 82' lang='lat'>12,</span> <span class='ocrx_word' id='word_1_256' title='bbox 293 3362 317 3410; x_wconf 82' lang='lat'>2.</span> <span class='ocrx_word' id='word_1_257' title='bbox 354 3373 395 3412; x_wconf 82' lang='lat' dir='ltr'>me</span> <span class='ocrx_word' id='word_1_258' title='bbox 417 3359 495 3413; x_wconf 81' lang='lat' dir='ltr'>domo</span> 
     </span>
     <span class='ocr_line' id='line_1_38' title="bbox 93 3425 497 3497; baseline 0.015 -19"><span class='ocrx_word' id='word_1_259' title='bbox 93 3425 178 3494; x_wconf 75' lang='lat' dir='ltr'><strong>(W.)?</strong></span> <span class='ocrx_word' id='word_1_260' title='bbox 203 3458 236 3466; x_wconf 92' lang='lat'><em>-</em></span> <span class='ocrx_word' id='word_1_261' title='bbox 260 3429 323 3481; x_wconf 78' lang='lat' dir='ltr'>item</span> <span class='ocrx_word' id='word_1_262' title='bbox 341 3429 409 3482; x_wconf 81' lang='lat' dir='ltr'>mibi</span> <span class='ocrx_word' id='word_1_263' title='bbox 426 3429 463 3483; x_wconf 88' lang='lat' dir='ltr'>M.</span> <span class='ocrx_word' id='word_1_264' title='bbox 488 3432 497 3497; x_wconf 92' lang='lat'>(</span> 
     </span>
     <span class='ocr_line' id='line_1_39' title="bbox 92 3496 355 3568; baseline 0.008 -18"><span class='ocrx_word' id='word_1_265' title='bbox 92 3497 130 3550; x_wconf 78' lang='lat' dir='ltr'>ad</span> <span class='ocrx_word' id='word_1_266' title='bbox 150 3496 178 3550; x_wconf 79' lang='lat'>0,</span> <span class='ocrx_word' id='word_1_267' title='bbox 197 3497 242 3551; x_wconf 76' lang='lat' dir='ltr'>M„</span> <span class='ocrx_word' id='word_1_268' title='bbox 263 3497 355 3568; x_wconf 78' lang='lat' dir='ltr'>vulga</span> 
     </span>
    </p>
   </div>
   <div class='ocr_carea' id='block_1_5' title="bbox 0 0 1190 3878">
    <p class='ocr_par' dir='ltr' id='par_1_5' title="bbox 0 0 1190 3878">
     <span class='ocr_line' id='line_1_40' title="bbox 0 0 1190 3878; baseline 0 1"><span class='ocrx_word' id='word_1_269' title='bbox 0 0 1190 3878; x_wconf 95' lang='lat' dir='ltr'> </span> 
     </span>
    </p>
   </div>
  </div>
 </body>
</html>
