2370 3878
134 145 178 209 50
419 146 456 200 M.
477 144 601 200 TULLII
619 145 810 202 CICERONIS

132 290 219 355 illius
235 289 504 354 existimationem
524 311 592 354 esse
610 290 734 374 vellem,
752 295 827 375 post
844 292 907 357 hoe
925 294 1092 378 negotium

134 382 243 443 autem
266 380 298 442 et
319 378 535 442 temeritatem
561 379 665 443 nostri
692 378 880 444 Dolabellae
908 381 1091 464 deprecato-

99 479 114 526 3
133 489 202 531 rem
225 488 275 530 me
298 488 357 550 pro
376 467 463 530 illius
481 467 623 550 periculo
642 467 791 551 praebeo.
826 466 909 533 Erat
925 469 961 533 in
980 470 1091 536 eadem

134 555 270 638 epistola
287 558 456 638 „veternus
475 553 645 619 civitatis“:
669 556 850 640 gaudebam
869 579 945 621 sane
965 562 998 622 et
1017 580 1090 624 con·

133 645 258 729 gelasse
289 647 437 708 nostrum
470 643 608 707 amicum
638 643 785 708 laetabar
815 644 890 710 otio.
935 644 1091 712 Extrema

131 733 431 887 ttllttlltl
444 732 1090 907 ittnt⁰0tltssltl⁰i0l¹¹ttll

99 990 101 995 Ι
131 912 260 991 praeter
286 907 360 972 me?
392 928 483 991 nam,
509 908 556 972 ita
583 909 702 993 vivam,
729 911 850 996 putavi.
894 909 938 974 Di
959 912 1089 977 immor·

131 996 235 1060 tales?
258 1018 355 1079 quam
375 1017 435 1082 ego
454 996 554 1061 risum
572 1000 720 1062 nostrum
738 997 896 1063 desideret
919 999 999 1064 mihi
1020 1005 1090 1065 erat

130 1085 167 1148 in
189 1085 309 1170 aninro,
332 1087 485 1170 quoniam
507 1085 761 1151 iurisdictionem
780 1086 990 1172 confeceram,
1014 1088 1090 1154 civi·

130 1176 214 1238 tates
232 1175 473 1258 locupletaram,
491 1175 672 1257 publicanis
692 1175 790 1240 etiam
808 1175 980 1259 superioris
994 1177 1088 1242 lustri

129 1263 253 1344 reliqua
274 1263 342 1325 sine
362 1264 522 1326 sociorum
540 1263 607 1327 ulla
625 1264 755 1347 querela
773 1284 1006 1348 conservarem,
1023 1265 1089 1349 pri·

129 1349 226 1431 vatis,
259 1349 391 1413 summis
418 1349 551 1432 infimis,
577 1350 702 1414 fueram
728 1351 900 1435 iucundus,
927 1353 1089 1436 proficisci

129 1437 165 1500 in
188 1434 333 1501 Oiliciam
355 1435 460 1502 Nonis
482 1435 578 1501 Maiis
606 1441 652 1522 et,
676 1461 774 1523 quum
796 1442 936 1524 primum
964 1441 1088 1508 aestiva

129 1525 311 1615 attigissem
338 1525 603 1610 tmilitaremque
631 1527 835 1613 collocarem,
869 1529 1020 1595 decedere
1047 1551 1089 1595 ex

129 1615 260 1677 senatus
284 1614 445 1678 consulto:
475 1614 568 1697 cupio
591 1617 624 1678 te
648 1614 783 1680 aedilem
810 1617 917 1682 videre
940 1618 1089 1702 miroque

129 1700 285 1802 desiderio
313 1723 364 1767 me
391 1702 468 1768 urbs
497 1701 600 1767 afficit
631 1705 663 1766 et
691 1724 802 1768 omnes
834 1706 897 1769 mei
924 1709 1022 1792 tuque
1050 1707 1089 1772 in

128 1811 249 1873 prrmm.

561 1982 650 2048 XIV.

247 2095 304 2150 Ser.
323 2096 478 2151 Laodiceae
497 2112 592 2151 mense
610 2096 763 2152 Februario
782 2102 963 2152 a.u.c.'104.

191 2219 233 2274 M.
254 2218 382 2275 CICERO
401 2219 474 2274 ΙΜΡ.
495 2220 521 2275 S.
540 2220 574 2274 D,
593 2219 630 2274 M.
650 2219 780 2275 CAELIO
799 2219 925 2274 AEDILI
944 2220 1022 2276 cun.

92 2331 106 2378 1
192 2317 236 2382 M.
258 2318 368 2403 Fadio,
390 2321 458 2385 viro
479 2321 600 2405 optimo
621 2325 653 2386 et
670 2320 801 2386 homine
820 2320 1014 2406 doctissimo,
1036 2324 1087 2388 fa-

125 2407 339 2472 miliarissime
362 2412 437 2473 utor
459 2410 654 2494 mirificeque
678 2428 752 2474 eum
769 2409 869 2495 diligo
888 2432 987 2494 quum
1009 2432 1085 2494 pro-

125 2499 198 2579 pter
212 2519 372 2562 summum
385 2498 553 2582 ingenium
572 2499 640 2563 eius
659 2520 878 2583 summamque
894 2498 1087 2585 doctrinam,

124 2587 195 2649 tum
217 2589 350 2670 propter
373 2586 570 2672 singularem
592 2587 796 2652 modestiam:
824 2587 892 2651 eius
915 2588 1085 2672 negotium

126 2673 171 2737 sic
194 2675 290 2738 velim
313 2675 477 2759 suscipias,
500 2679 537 2740 ut
560 2675 587 2740 si
610 2679 694 2740 esset
716 2697 767 2739 res
790 2696 870 2739 mea.
911 2673 997 2740 Novi
1020 2697 1083 2762 ego

46 2804 49 2809 ‹
124 2783 196 2844 vos,
227 2783 363 2848 magnos
395 2767 564 2847 patronos:
596 2763 761 2828 hominem
789 2763 914 2828 occidat
946 2767 1085 2848 oportet,

125 2849 180 2932 qui
203 2855 311 2914 vestra
335 2873 432 2935 opera
455 2852 504 2916 uti
526 2852 616 2934 velit,
640 2852 696 2916 sed
718 2852 754 2914 in
775 2850 838 2915 hoc
860 2851 991 2915 homine
1011 2852 1084 2916 nul-

124 2937 190 3001 lam
212 2939 334 3023 accipio
359 2941 610 3005 excusationem:
638 2940 747 3004 omnia
773 2938 949 3022 relinques,
976 2939 1004 3004 si
1031 2960 1083 3003 me

193 3130 245 3201 Ep.
266 3136 307 3200 13,
322 3137 347 3186 3.
384 3133 520 3200 privatis,
538 3131 650 3186 mamis
668 3130 784 3197 infimis,
802 3130 823 3196 f.
843 3129 918 3198 (W.).
960 3132 1084 3199 privatis

122 3215 143 3258 e.
163 3202 181 3255 i.
205 3202 225 3268 f.
250 3201 281 3256 B.
304 3232 340 3243 -
363 3204 588 3272 quamprimum
611 3201 715 3270 (Mam).
761 3216 822 3255 cam
840 3202 936 3269 prima
958 3201 1022 3255 ΜΒ.
1045 3231 1082 3242 -

120 3274 171 3324 att.
195 3274 415 3343 militaremque
438 3274 604 3328 conlocaram
628 3271 736 3337 (MW.).
780 3275 828 3326 att.
853 3288 958 3341 remque
980 3272 1075 3326 milita

122 3355 179 3396 rem
196 3345 364 3400 collocassem
383 3344 450 3412 (W.)
474 3345 524 3397 aut
547 3359 572 3397 a.
591 3343 789 3410 militaremque
812 3357 833 3395 e.
857 3359 913 3397 rem
932 3343 998 3412 (W.)
1022 3345 1080 3411 aut,

123 3412 156 3533 {rt
172 3413 271 3484 vulgo,
294 3433 320 3470 a.
339 3433 373 3470 m.
393 3431 449 3469 rem
467 3414 642 3469 collocassem.
680 3429 706 3468 a.
724 3428 781 3468 rem
798 3413 995 3483 militaremque
1018 3427 1083 3471 com.

134 3495 250 3539 acassam
267 3485 368 3545 Klotz..
388 3485 420 3540 Β.
