2370 3878
127 171 193 231 44⁴5
410 170 448 222 M.
468 169 590 223 Tt‘LLII
608 169 798 224 cunnum

128 315 253 393 simum,
272 334 338 376 non
357 314 395 376 iis
414 313 510 376 modo
524 315 639 395 causis.
656 336 738 397 quae
752 316 893 397 speeiem
904 316 927 393 's
939 315 1086 382 habeant

128 422 265 485 magnae
289 401 539 483 coniunctionis,
565 403 621 464 sed
643 403 683 465 iis
706 404 818 485 etiam,
840 425 923 486 qnae
945 405 1082 468 familia·

127 490 223 552 ritate
255 494 287 551 et
318 488 549 552 consuetudine
579 494 748 573 tenentur,
778 513 877 573 quam
908 493 972 556 seis
1005 495 1085 558 mihi

127 576 390 639 iucundissimam
416 597 490 639 eum
521 585 613 660 patre
639 582 698 642 tuo
724 584 758 641 et
787 601 947 643 summam
969 582 1085 663 fuisse3

127 666 169 727 ab
200 664 252 727 his
283 665 384 728 initiis
410 672 521 728 noster
551 666 587 726 in
617 670 650 728 te
682 688 774 731 amor
799 668 964 750 profectus
995 671 1084 732 auxit

127 764 295 835 paternam
317 752 586 816 necessitudinem
608 759 641 816 et
670 776 708 818 eo
731 756 849 838 magis,
875 757 963 839 quod
989 758 1083 820 intel·

127 841 203 917 leri,
234 846 271 903 nt
302 841 440 923 primum
472 862 530 924 per
552 846 691 905 aetatem
716 843 870 906 iudicium
895 844 1004 907 faeere
1026 868 1082 928 po·

126 928 236 1009 tueris,
258 930 371 1011 quanti
394 929 528 1012 quisque
549 929 610 992 tibi
628 930 794 993 faciendus
817 936 911 1011 esset,
932 954 986 996 me
1008 955 1028 996 a
1050 938 1082 997 te

126 1017 161 1079 in
183 1017 296 1099 primis
318 1026 468 1100 coeptum
490 1039 560 1080 esse
578 1018 750 1101 observari,
772 1019 844 1099 coli,
866 1020 973 1104 diligi3
995 1043 1082 1085 acce

127 1104 224 1168 (lebat
260 1127 328 1169 non
363 1105 522 1169 mediocre
558 1106 722 1169 vinculum
758 1129 857 1189 quum
893 1108 1083 1191 studiorum,

127 1193 212 1276 quod
235 1194 341 1276 ipsum
359 1200 409 1257 est
426 1215 484 1276 per
500 1215 534 1256 se
553 1214 661 1278 grave,
682 1200 752 1257 tum
771 1217 882 1258 eorum
901 1197 1082 1260 studiorum

127 1302 299 1364 sanamque
327 1283 459 1364 artium,
485 1303 566 1364 quae
594 1303 651 1365 per
678 1304 712 1345 se
734 1283 823 1366 ipsae
851 1305 920 1366 eos,
949 1287 1006 1367 qui
1029 1308 1082 1349 vo-

127 1370 251 1432 luntate
275 1370 386 1433 eadem
408 1374 498 1451 sunt,
520 1370 618 1432 etiam
640 1370 859 1434 familiaritate
886 1372 1083 1438 devinciunt.

92 1456 321 1540 aExspeetare
352 1463 385 1520 te
417 1457 569 1540 arbitror,
603 1458 684 1521 haec
712 1463 780 1521 tam
814 1460 913 1544 longe
944 1462 1083 1544 repetita

127 1546 285 1629 principia
303 1567 366 1627 quo
385 1550 544 1628 spectent:
566 1546 600 1607 id
618 1548 757 1629 primum
771 1568 848 1631 ergo
866 1548 998 1632 habeto,
1015 1571 1082 1613 non

128 1634 196 1697 sine
219 1654 339 1718 magna
360 1633 508 1715 iustaque
535 1654 631 1696 causa
657 1633 741 1698 hano
769 1657 789 1698 a
811 1657 863 1698 me
889 1657 1081 1701 commemo-

127 1722 286 1786 rationem
309 1743 377 1785 esse
399 1721 528 1784 factam.
573 1719 607 1785 C.
630 1721 726 1786 Ateio
749 1720 907 1806 Capitone
937 1729 1014 1789 utor
1035 1725 1082 1789 fa-

127 1810 350 1874 miliarissime.
394 1808 501 1874 Notae
532 1810 592 1872 tibi
624 1815 702 1874 sunt
731 1811 904 1876 varietates
937 1834 1083 1877 meorum

127 1904 321 1984 temporum:
343 1900 380 1963 in
403 1898 491 1964 omni
514 1918 630 1982 genere
653 1902 685 1962 et
702 1898 863 1963 honorum
882 1903 915 1963 et
932 1901 1083 1966 laborum

128 2010 272 2053 meorum
295 1992 328 2052 et
350 1987 476 2051 animus
495 1990 528 2050 et
546 2008 644 2070 opera
662 1992 694 2050 et
714 1989 888 2051 auotoritas
912 1993 946 2052 et
967 1990 1083 2074 gratia,
1132 2035 1138 2047 .

128 2077 225 2140 etiam
251 2098 302 2141 res
329 2076 497 2140 familiaris
529 2072 563 2138 C.
595 2073 762 2157 Capitonis
793 2083 922 2159 praesto
954 2077 1019 2140 fuit
1050 2083 1084 2140 et

92 2165 235 2248 aparuit
257 2168 290 2228 et
307 2165 505 2247 temporibus
524 2167 558 2226 et
573 2164 723 2228 fortunae
745 2185 844 2228 meae.
879 2163 986 2228 Huius
1008 2187 1082 2248 pro-

127 2253 267 2336 pinquus
290 2251 354 2315 fuit
375 2251 411 2316 Τ.
434 2251 605 2335 Antistius,
627 2253 682 2336 qui
705 2275 803 2336 quum
826 2256 912 2316 sorte
930 2258 1083 2337 quaestor

127 2338 351 2404 Macedoniam
383 2339 544 2404 obtineret
577 2362 681 2424 neque
715 2342 744 2404 ei
775 2363 957 2405 successum
989 2345 1084 2424 esset,

127 2426 299 2511 Pompeius
331 2428 366 2490 in
393 2449 463 2493 eam
490 2430 687 2511 provinciam
714 2450 787 2493 eum
814 2429 954 2492 exercitu
983 2431 1082 2494 venit.

129 2514 247 2581 Facere
279 2515 441 2581 Antistius
472 2516 553 2579 nihil
585 2517 703 2600 potuit3
734 2537 824 2599 nam,
856 2517 883 2580 si
914 2518 1084 2600 potuisset,

129 2605 210 2670 nihil
234 2606 263 2670 ei
279 2605 395 2669 fuisset
413 2603 575 2687 antiquius
594 2625 690 2687 quam
709 2603 749 2666 ad
768 2601 968 2688 Capitonem,
986 2626 1083 2688 quem

129 2699 166 2759 ut
197 2697 363 2779 parentem
397 2692 564 2776 diligebat,
599 2691 728 2774 reverti,
763 2693 951 2775 praesertim
987 2713 1084 2774 qaum

130 2783 238 2866 sciret,
270 2780 383 2865 quanti
415 2780 442 2844 is
466 2777 634 2845 Caesarem
665 2779 786 2844 faceret
818 2801 1005 2864 semperque
1036 2781 1083 2845 fe-

130 2870 238 2952 cisset3
268 2869 324 2933 sed
347 2888 518 2952 oppressus
544 2871 672 2932 tantum
695 2868 806 2952 attigit
827 2868 960 2952 negotii,
982 2890 1083 2951 quan·

94 2962 200 3023 ttum
222 2978 368 3021 recusare
391 2978 459 3022 non
481 2956 595 3040 potuit.
634 2955 740 3032 Quum
763 2957 946 3041 signaretur
969 2977 1084 3041 argen-

129 3050 199 3112 tum
213 3044 416 3130 Apolloniae,
437 3066 505 3110 non
528 3067 660 3130 possum
683 3045 786 3108 disere
810 3067 883 3109 eum
905 3044 1085 3128 praefuisse

200 3292 319 3361 Epeo,
340 3298 361 3345 1.
398 3290 552 3357 †habeaut
632 3294 756 3344 teneatur
779 3289 852 3359 (W).
904 3290 1084 3343 habeant

129 3368 273 3420 teneantur
290 3362 343 3430 (Ii.)
363 3362 413 3415 aut
434 3360 533 3415 habeat
612 3365 737 3415 teneatur
760 3359 863 3428 (Crat).
904 3361 1023 3414 habeant

129 3438 254 3489 teneatur
268 3433 316 3487 vul
339 3448 363 3486 ο.
400 3432 656 3500 stamparum
670 3431 744 3500 (W),
777 3431 862 3485 trIn.
877 3430 970 3499 vulgo.
1008 3436 1032 3484 3.
1046 3431 1085 3498 fe·

115 3506 213 3571 abacta
229 3504 282 3560 aed
346 3507 373 3577 .).
410 3502 432 3575 f.
461 3501 517 3561 Sed
535 3502 632 3576 vulgo.

175 3784 259 3800 ..u-
