2370 3878
176 165 240 230 362
457 166 494 221 Μ.
514 165 636 221 TULLII
654 165 844 222 CICERONIS

598 415 702 481 XVII.

283 525 340 581 Ser.
361 526 459 582 eodem
477 528 611 596 tempore,
631 544 686 596 quo
698 543 748 596 ep.
770 534 811 597 16,
831 544 855 582 a.
875 547 901 582 u.
922 547 943 584 o.
965 536 1024 585 710.

411 650 449 704 M.
469 649 598 705 CICERO
616 649 649 704 D.
669 649 792 706 BRUTO
812 651 838 706 S.
857 653 890 706 D.

140 766 154 814 1
241 748 355 814 Lamia
377 771 442 815 uno
466 750 610 814 omnium
629 749 877 816 familiarissime
900 757 986 836 utor,
1009 776 1133 840 magna

174 839 241 902 eius
259 840 294 903 in
311 860 371 923 me,
394 859 462 903 non
479 838 550 902 dieo
570 838 686 922 officia,
708 839 765 903 sed
783 841 906 923 merita,
929 863 1029 924 eaque
1054 851 1133 908 sunt

173 928 292 1011 populo
306 927 454 992 Romano
472 927 654 990 notissima:
675 927 703 991 is
721 928 1041 1011 magnificentissimo
1061 954 1131 997 rnu-

172 1037 249 1080 nere
272 1015 445 1080 aedilitatis
467 1015 655 1099 perfunctus
678 1016 761 1098 petit
782 1019 980 1100 praeturam,
1003 1040 1130 1084 omnes-

173 1125 234 1188 que
261 1104 449 1188 intelligunt
475 1123 534 1166 neo
562 1103 753 1187 dignitatem
781 1105 810 1168 ei
833 1105 941 1170 deesse
969 1127 1028 1171 neo
1056 1129 1129 1192 gra-

171 1193 264 1275 tiam3
287 1192 343 1257 sed
365 1193 393 1256 is
415 1191 555 1255 ambitus
574 1191 705 1255 excitari
723 1192 857 1275 videtur,
880 1197 917 1257 ut
940 1214 999 1278 ego
1019 1197 1130 1260 omnia

171 1281 395 1364 pertimescam
408 1282 574 1363 totamque
587 1279 777 1362 petitionem
790 1279 920 1345 Lamiae
934 1282 1013 1346 mihi
1033 1285 1128 1348 susti-

136 1368 312 1432 2nendam
333 1370 453 1451 putem.
488 1366 529 1430 In
552 1387 590 1430 ea
611 1388 645 1431 re
669 1371 826 1450 quantum
844 1390 895 1432 me
916 1371 1020 1453 possis
1040 1371 1127 1436 adiu-

171 1477 256 1539 vare,
277 1455 372 1520 facile
390 1455 557 1540 perspicio,
578 1476 638 1519 neo
656 1477 741 1539 vero,
764 1462 921 1540 quantum
939 1480 1011 1522 mea
1030 1481 1127 1525 eausa

171 1545 259 1628 velis,
282 1543 403 1607 dubito.
447 1542 555 1608 Velim
577 1544 689 1628 thtur,
710 1544 755 1608 mi
778 1544 893 1628 Brnte,
915 1547 974 1610 tibi
996 1568 1125 1630 persua·

171 1632 247 1696 deas
270 1631 352 1695 nihil
374 1652 426 1694 me
453 1631 574 1695 maiore
601 1631 707 1696 studio
735 1655 754 1696 a
776 1636 809 1698 te
836 1637 957 1717 petere,
984 1635 1066 1699 nihil
1093 1640 1125 1700 te

170 1720 250 1784 mihi
281 1720 405 1805 gratius
436 1720 541 1783 faeere
564 1741 672 1803 posse,
704 1742 800 1804 quarn
827 1722 855 1785 si
881 1722 1031 1787 omnibus
1058 1725 1122 1787 tuis

171 1809 300 1893 opibus,
327 1808 415 1873 omni
443 1807 549 1872 studio
577 1807 722 1872 Lamiam
749 1809 783 1873 in
811 1810 966 1893 petitione
994 1810 1124 1893 iuveris3

170 1899 256 1981 quod
278 1901 316 1963 ut
337 1897 447 1982 facias,
469 1896 674 1962 vehementer
696 1900 730 1961 te
752 1917 842 1982 rogo.

583 2089 705 2154 XVIII.

317 2200 374 2257 Sor.
393 2201 498 2256 Romae
516 2200 603 2256 XIIII.
622 2200 684 2254 Kal.
703 2202 762 2256 Iun.
781 2217 806 2256 a.
825 2219 852 2256 u.
871 2219 894 2256 e.
915 2208 973 2257 711.

245 2325 283 2379 II.
303 2323 431 2382 CICERO
451 2325 478 2379 S.
497 2324 531 2379 D.
548 2324 581 2379 D.
601 2324 722 2381 BRUTO
742 2325 814 2380 lMP.
834 2324 907 2380 COS.
926 2324 1042 2380 DESIG.

134 2438 148 2486 1
234 2424 308 2488 Etsi
330 2445 369 2489 ex
390 2423 560 2507 mandatis
583 2446 664 2508 quae
683 2423 804 2489 Galbae
825 2424 1064 2509 Volumnioque
1083 2425 1122 2488 ad

169 2517 316 2577 senatum
340 2513 465 2596 dedisti,
487 2513 563 2596 quid
581 2513 759 2578 timendum
777 2515 917 2596 putares,
940 2513 1122 2595 suspicaba-

168 2623 248 2685 mur,
261 2605 371 2666 tamen
384 2600 547 2667 timidiora
562 2600 715 2666 mandata
728 2601 929 2685 videbantur,
943 2623 1040 2684 quarn
1054 2604 1123 2665 erat

168 2690 302 2774 dignum
328 2692 386 2754 tua
416 2689 590 2774 populique
617 2688 757 2755 Romani
787 2689 931 2754 viatoria.
985 2687 1123 2754 Senatus

169 2782 289 2861 autem,
311 2778 357 2840 mi
378 2777 492 2861 Brute,
514 2777 608 2843 fortis
631 2782 681 2841 est
708 2781 740 2841 et
761 2777 860 2842 habet
881 2777 982 2842 fortes
1012 2777 1122 2841 duces:

167 2865 276 2948 itaque
299 2866 433 2930 moleste
455 2865 581 2931 ferebat
603 2886 636 2929 se
660 2887 679 2930 a
698 2868 741 2948 te,
764 2886 858 2948 quem
878 2865 1032 2948 omnium,
1055 2865 1122 2948 qui·

168 2974 303 3036 eumque
321 2954 468 3039 fuiment,
490 2954 702 3019 fortissimum
720 2953 884 3036 iudicaret,
906 2952 1055 3016 timidum
1077 2956 1123 3015 at·

132 3054 228 3124 aque
260 3043 414 3126 ignavum
445 3041 587 3106 iudicari.
631 3040 776 3123 EtenIm,
803 3062 902 3124 quum
933 3043 966 3104 te
997 3040 1122 3104 incluso

168 3151 258 3213 spem
289 3130 462 3194 maximam
494 3150 606 3195 omnes
636 3128 828 3193 habuissent
858 3129 893 3192 in
924 3130 981 3192 tua
1003 3129 1123 3193 virtute

166 3217 301 3282 florente
324 3218 483 3302 Antoni0,
506 3218 577 3301 quis
600 3220 683 3300 erat,
711 3216 766 3299 qui
793 3216 967 3300 quidquam
995 3215 1125 3280 timeret

233 3426 286 3495 Ep.
304 3433 344 3494 17,
361 3433 385 3481 2.
413 3429 591 3496 quantumin
604 3439 644 3479 me
659 3424 725 3492 (Ern
735 3426 764 3492 )?
778 3453 812 3464 -
831 3428 857 3478 te
869 3439 934 3495 rope
948 3423 1007 3495 (M,
1016 3424 1122 3494 vulgo).

148 3499 178 3545 to
196 3512 219 3548 r,
239 3497 269 3550 B.
294 3514 346 3552 err.
368 3501 428 3570 typ.
