2370 3878
188 159 254 223 230
471 159 507 213 M.
527 159 651 214 TULLII
669 157 859 217 CICERONIS

151 317 167 366 2
186 309 219 368 et
240 305 421 388 poeniteret
442 324 516 367 eum
537 303 603 366 iam
625 305 747 367 vicisse.
783 304 832 369 De
851 328 884 369 re
903 307 1032 390 publica
1056 312 1144 392 quod

185 393 245 456 tibi
268 393 414 474 scribam,
436 391 518 455 nihil
540 391 658 456 habeo:
689 391 833 457 Marcelli
855 394 994 478 impetus
1017 397 1144 462 resede-

184 484 270 563 runt,
292 502 360 545 non
382 480 508 562 inertia,
531 479 596 564 sed,
618 484 655 544 ut
673 480 752 543 mihi
772 481 973 565 videbantur,
996 486 1143 550 consilio.

184 567 233 632 De
248 569 385 633 comItiis
400 568 621 632 consularibus
635 569 850 634 incertissima
869 574 919 634 est
932 572 1142 639 existimatio:

185 676 246 740 ego
259 657 358 723 incidi
371 657 406 720 in
420 657 663 740 competitorem
676 657 818 721 nobilem
836 663 869 722 et
882 659 1024 723 nobilem
1043 682 1142 746 agen-

184 747 263 828 tem,
290 767 367 809 nam
389 744 433 808 M.
457 743 608 810 Octavius
632 743 689 809 Cn.
712 745 734 808 f.
758 749 791 810 et
813 744 847 811 C.
870 746 986 810 Hirrus
1014 770 1141 813 mecum

184 836 308 915 petunt.
342 833 416 898 Hoc
438 833 510 898 ideo
535 834 656 917 scripsi,
679 834 764 917 quod
784 835 849 898 scio
873 838 905 898 te
929 836 1045 899 acriter
1067 860 1140 921 pro*

183 923 256 1005 pter
287 921 421 986 Hirrum
452 922 603 985 nuntium
634 925 820 987 nostrorum
853 923 1056 988 comitiorum
1090 948 1140 989 ex-

184 1013 411 1092 spectaturum.
466 1009 515 1074 'Iu
547 1013 657 1074 tamen
689 1011 822 1075 simulac
854 1032 904 1074 me
934 1012 1140 1096 designatum

184 1098 333 1183 audieris,
355 1102 393 1163 ut
414 1098 476 1162 tibi
498 1119 592 1162 curae
616 1099 671 1181 sit,
695 1100 780 1183 quod
802 1100 846 1164 dd
866 1100 1041 1183 pantheras
1066 1104 1138 1165 atti-

182 1191 247 1270 net,
269 1207 358 1272 rogo.
404 1185 629 1271 syngrapham
658 1185 829 1251 Sittianam
856 1187 916 1250 tihi
940 1191 1138 1254 commendo.

183 1271 456 1339 Commentarium
482 1295 589 1338 rerum
616 1274 813 1340 urbanarum
840 1276 979 1359 primum
1006 1277 1078 1340 dedi
1103 1278 1138 1340 L.

182 1359 343 1514 gapttrinio
366 1362 475 1446 Paete,
498 1363 673 1427 secundum
696 1363 738 1446 ei,
767 1365 821 1446 qui
848 1363 907 1428 has
930 1363 1054 1428 litteras
1078 1366 1137 1429 tihi

204 1470 221 1511 e
243 1472 255 1513 r

626 1641 685 1706 ΠΙ.

354 1753 411 1810 Ser.
429 1754 535 1809 Romae
553 1770 648 1810 mense
666 1754 746 1809 Iunio
765 1770 790 1808 a.
809 1772 835 1807 u.
856 1772 878 1808 c.
898 1761 957 1810 703.

437 1877 590 1933 CAELIUS
609 1876 779 1933 CICERONI
798 1877 873 1932 SAL.

147 1992 161 2040 1
247 1976 372 2043 Estne?
408 1980 470 2044 vici
501 1983 535 2044 et
565 1979 625 2042 tibi
657 2000 765 2062 saepe,
802 1979 887 2062 quod
918 1999 966 2042 me
996 1999 1135 2063 negaras

181 2066 346 2131 discedens
374 2072 572 2150 curaturum,
598 2067 723 2131 litteras
750 2067 866 2131 mitto?
911 2066 984 2148 Est,
1012 2067 1039 2129 si
1068 2068 1134 2150 qui-

89 2210 93 2215 .
181 2152 254 2216 dem
265 2154 476 2236 perferuntur,
495 2175 574 2237 quas
589 2153 638 2218 do.
674 2155 780 2239 Atque
798 2156 860 2220 hoc
874 2173 933 2236 ego
948 2175 985 2217 eo
1001 2153 1135 2238 diligen-

179 2241 245 2304 tius
266 2240 395 2324 factito,
422 2242 521 2325 quod,
550 2263 649 2323 quum
677 2242 799 2306 otiosus
828 2263 911 2321 sum,
942 2240 1051 2323 plane,
1078 2243 1134 2304 ubi

181 2327 335 2391 delectem
358 2328 493 2392 otiolum
515 2349 631 2410 meum,
653 2350 720 2392 non
737 2329 851 2392 habco.
887 2327 936 2390 Tu
957 2347 1055 2407 quum
1069 2327 1133 2390 Ro-

180 2437 358 2498 macerae,
383 2415 447 2480 hoc
473 2415 553 2479 mihi
579 2418 702 2478 eertum
724 2436 762 2479 ac
789 2414 1052 2478 iucundissimum
1080 2438 1133 2477 va·

181 2504 268 2568 canti
290 2503 458 2586 negotium
481 2505 563 2585 erat,
589 2506 697 2565 tecum
718 2502 751 2565 id
779 2503 836 2566 otii
862 2505 989 2584 tempus
1020 2523 1133 2566 consu-

180 2614 276 2676 mere,
297 2591 393 2675 idque
415 2612 483 2654 non
506 2589 708 2654 mediocriter
728 2589 881 2672 desidero,
904 2592 941 2652 ut
963 2589 1043 2652 mihi
1066 2612 1134 2655 non

180 2681 276 2745 modo
299 2700 350 2762 epo
373 2680 460 2744 solus
488 2699 570 2760 esse,
600 2676 655 2741 sed
682 2675 804 2741 Romae
831 2680 863 2740 te
891 2676 1036 2760 profecto
1061 2679 1133 2741 soli-

180 2768 258 2832 tudo
282 2767 428 2832 videatur
449 2767 550 2849 facta,
573 2768 618 2848 et,
641 2764 709 2848 qui,
737 2786 818 2848 quae
841 2786 912 2828 meu
935 2765 1134 2848 negligentia

181 2859 238 2938 est,
261 2856 380 2920 multos
403 2876 498 2938 saepe
522 2853 589 2917 dies
616 2853 657 2916 ad
679 2857 725 2936 te,
752 2875 852 2936 quum
873 2852 926 2917 hic
955 2874 1039 2936 eras,
1066 2875 1134 2917 non

181 2943 384 3026 accedebam,
414 2963 502 3006 nunc
533 2941 675 3025 quotidie
703 2963 770 3006 non
797 2962 866 3005 esse
893 2944 939 3023 te,
971 2941 1011 3004 ad
1040 2962 1134 3024 quem

180 3032 340 3115 cursitem,
354 3030 536 3095 discrucior.
572 3029 710 3094 Maxime
724 3051 809 3113 vero,
826 3033 864 3093 ut
877 3031 909 3093 te
924 3029 990 3094 dies
1009 3033 1134 3093 noctes-

181 3141 242 3204 que
275 3139 439 3204 quaeram,
471 3119 662 3202 competitor
692 3117 809 3182 Hirrus
839 3121 941 3181 curat:
974 3117 1134 3200 quomodo

251 3284 310 3376 Ep*
321 3314 346 3376 2,
365 3314 390 3362 2.
417 3307 580 3362 videbardwr
598 3308 665 3376 (Μ.).
693 3308 835 3362 videbatur
848 3308 879 3361 B.
899 3338 932 3346 —
947 3312 1046 3376 petant
1060 3307 1133 3374 (W).

176 3379 250 3444 petit·
271 3377 320 3445 M„
347 3377 440 3447 uulgo.
467 3407 500 3417 -
524 3378 575 3432 tibi
596 3377 717 3432 reddidit
740 3377 823 3446 (W.)?
855 3376 905 3446 Ep.
930 3385 955 3445 3,
980 3384 1003 3431 1.
1036 3390 1082 3444 epo
1105 3391 1134 3430 eo

178 3446 309 3514 (Busch).
347 3463 394 3518 cyo
417 3448 453 3503 M.
476 3462 506 3503 eo
527 3447 621 3516 vulgo.
653 3448 708 3500 cici
730 3452 755 3500 ct
773 3447 846 3514 (W.).
865 3446 911 3501 a?
934 3452 959 3502 ct
981 3446 1075 3514 vulgo.
1098 3475 1135 3486 -

166 3519 337 3574 mammem
355 3519 465 3576 litterae
484 3518 549 3593 (n).
563 3514 567 3523 '
582 3533 604 3574 c.
623 3516 699 3591 [tibi]
715 3517 734 3572 l.
751 3516 817 3570 ΜΒ.
