2370 3878
181 189 246 255 588
467 188 505 244 Μ.
524 188 648 243 TULLII
666 188 856 245 CICERONIS

180 333 316 399 infinitis
339 333 459 397 nostris
482 333 576 397 malis
598 334 743 398 contenti
767 334 845 415 sint,
871 335 907 398 in
931 336 1052 419 quibus
1075 358 1139 402 non

180 421 276 486 modo
300 425 410 485 tamen
432 421 551 486 nullius
574 422 660 486 inest
681 423 804 506 peccati
824 422 970 506 infamia,
994 424 1052 488 sed
1077 447 1139 489 om·

180 510 232 575 nis
255 508 347 573 dolor
369 512 432 592 est,
460 509 546 592 quod
579 511 700 594 optime
730 510 826 574 factis
858 532 966 594 poena
998 514 1139 576 maxima

141 614 167 654 1⁰
182 604 231 662 est
253 597 439 662 constituta.
483 595 601 662 Filiam
628 620 732 663 meam
759 602 792 662 et
818 602 909 663 tuam
937 598 1137 665 Ciceronem·

181 706 242 768 que
265 689 412 750 nostrum
431 685 508 770 quid
526 706 597 772 ego,
619 688 663 750 mi
681 687 790 770 frater,
813 687 872 750 tibi
893 689 1138 753 commendem?

181 775 259 856 quin
286 774 366 837 illud
393 795 534 858 maereo,
566 774 652 858 quod
679 775 739 839 tibi
767 796 834 839 non
862 776 1024 841 minorem
1052 778 1137 841 dolo-

180 882 249 925 rem
271 862 401 927 illorum
425 863 545 927 orbitas
569 862 681 926 afferet
708 885 805 946 quam
827 864 920 947 mihi,
948 865 1007 929 sed
1035 870 1070 929 te
1092 866 1136 929 in·

181 950 299 1015 columi
332 951 402 1015 orbi
434 971 501 1015 non
533 954 636 1015 erunt.
681 950 831 1035 Reliqua,
862 953 910 1015 ita
936 953 1020 1016 mihi
1054 955 1137 1018 salus

183 1039 291 1122 aliqua
313 1039 406 1103 detur
427 1042 634 1123 potestasque
656 1040 691 1103 in
709 1041 816 1124 patria
833 1041 1004 1124 moriendi,
1027 1046 1067 1105 ut
1089 1064 1137 1106 me

180 1129 331 1192 lacrimae
353 1148 421 1191 non
444 1128 555 1191 sinunt
578 1128 728 1192 scribere!
756 1129 853 1192 etiam
876 1128 1066 1193 Terentiam
1089 1152 1137 1194 ve·

181 1218 238 1280 lim
260 1221 370 1280 tueare
393 1215 536 1299 mihique
556 1215 595 1279 de
615 1216 763 1280 omnibus
782 1217 878 1281 rebus
897 1218 1073 1301 rescribas,
1097 1218 1137 1282 sis

180 1304 288 1387 fortis,
320 1304 426 1387 quoad
457 1305 503 1369 rei
534 1309 652 1369 natura
682 1305 831 1390 patietur.
886 1303 1000 1370 Idibus
1027 1305 1138 1391 Iuniis,

182 1392 418 1457 Thessalonica.

625 1584 682 1650 IV.

276 1695 346 1750 ·Scr.
365 1695 579 1751 Thessalonicae
598 1713 693 1751 mense
712 1696 812 1752 Sextili
835 1713 859 1751 a.
878 1714 905 1751 n.
925 1714 948 1752 c.
968 1704 1029 1755 696.

327 1818 474 1874 MARCUS
493 1819 631 1886 QUINTO
650 1819 786 1875 FRATRI
806 1819 985 1876 SALUTEM.

155 1942 168 1981 1
248 1920 375 1986 Amabo
397 1924 444 2005 te,
466 1921 511 1984 mi
533 1920 646 2003 frater,
668 1942 724 2004 ne,
751 1921 778 1984 si
801 1942 866 1985 uno
893 1942 966 1984 meo
994 1921 1087 1988 facto
1109 1927 1140 1987 et

181 2014 218 2074 tu
241 2014 274 2073 et
302 2030 413 2074 omnes
440 2009 504 2072 mei
530 2009 710 2092 corruistis,
736 2008 937 2092 improbitati
964 2014 1000 2073 et
1026 2012 1139 2076 sceleri

181 2118 253 2162 meo
268 2098 375 2181 potius
390 2119 487 2180 quam
500 2097 734 2180 imprudentiae
752 2097 961 2180 miseriaeque
977 2100 1140 2184 assignes:

181 2186 306 2250 nullum
329 2189 379 2250 est
401 2207 508 2249 meum
530 2189 711 2269 peccatum,
736 2184 800 2249 nisi
828 2185 913 2268 quod
941 2185 981 2249 iis
1009 2188 1141 2271 credidi,

182 2296 202 2337 a
225 2274 341 2356 quibus
364 2274 456 2338 nefas
479 2277 628 2357 putaram
652 2294 721 2337 esse
743 2294 794 2336 me
815 2272 927 2357 decipi,
950 2276 1140 2358 autetiam,

182 2361 298 2445 quibus
321 2382 362 2424 ne
384 2362 418 2425 id
441 2362 588 2446 expedire
610 2362 739 2445 quidem
762 2361 950 2425 arbitrabar.
988 2361 1140 2446 Intimus,

182 2449 360 2533 proximae,
391 2449 660 2514 familiarissimus
692 2450 826 2533 quisque
858 2454 915 2513 aut
946 2449 1009 2513 sibi
1041 2452 1139 2535 perti·

182 2538 264 2602 muit
286 2541 343 2602 aut
361 2537 440 2601 mihi
458 2537 586 2601 invidit:
609 2539 655 2601 ita
676 2538 755 2601 mihi
772 2537 855 2601 nihil
872 2537 991 2601 misero
1008 2544 1140 2622 praeter

180 2627 277 2691 fidem
309 2627 484 2691 amicorum
511 2624 529 2663 *
557 2629 686 2689 cautum
720 2647 827 2689 meum
863 2625 1033 2689 consilium
1068 2628 1140 2691 fuit.

155 2714 274 2790 eQuod
298 2715 325 2779 si
347 2719 380 2779 te
404 2714 482 2778 satis
504 2713 691 2777 innocentia
712 2718 770 2778 tua
788 2719 821 2777 et
838 2713 1060 2778 misericordia
1082 2716 1140 2780 ho·

180 2804 303 2866 minum
326 2802 468 2866 vindicat
494 2801 557 2866 hoc
583 2805 729 2886 tempore
752 2824 772 2866 a
793 2802 954 2884 molestia,
979 2804 1141 2887 perspicis

179 2890 336 2974 profecto,
360 2911 555 2974 ecquaenam
577 2891 672 2954 nobis
696 2912 769 2974 spes
788 2890 901 2954 salutis
921 2890 1141 2973 relinquatur:

180 3000 256 3043 nam
279 3000 330 3043 me
352 2977 550 3063 Pomponius
577 2982 610 3042 ct
632 2976 755 3043 Sestius
783 2982 816 3042 et
841 2978 916 3043 Piso
944 2982 1058 3042 noster
1086 2981 1140 3044 ad·

179 3067 243 3133 huc
262 3066 510 3133 Thessalonicae
533 3068 744 3151 retinuerunt,
767 3088 866 3151 quum
883 3066 1014 3151 longius
1037 3067 1141 3133 dIsce·

250 3242 302 3312 Ep.
322 3250 387 3311 3,9.
423 3259 480 3297 aon
502 3243 580 3297 modo
603 3247 694 3296 tamea
717 3240 821 3309 (MRI,
840 3241 945 3312 vulgo).
992 3240 1031 3310 [a.
1051 3242 1101 3312 m.]
1121 3247 1143 3297 t.

179 3311 253 3381 Ern,
267 3313 298 3366 B.
337 3320 378 3368 10.
393 3315 518 3381 patietwr
532 3314 582 3382 (L).
615 3314 745 3380 patiatur
757 3311 833 3378 MR,
847 3312 878 3365 B.
894 3342 927 3351 -
945 3309 1144 3366 Tbmsalom'cu

180 3382 256 3450 (On).
287 3383 495 3438 Thessalonicae
507 3383 657 3452 M.,vulgo.
685 3383 772 3450 Ep.4,
784 3388 808 3435 1.
826 3381 977 3449 facto(M.).
1009 3382 1071 3446 fcto
1086 3382 1143 3449 (cd.

178 3452 278 3522 Laudi,
293 3453 546 3521 aPa11.,R1.,B.)e
565 3483 598 3493 -
617 3453 870 3521 misericordiaeque
884 3450 1007 3518 (MRI.)?
1022 3481 1056 3490 -
1073 3455 1144 3507 ami·

168 3540 266 3583 coram
282 3528 426 3585 *cautem
441 3524 519 3597 (W).
557 3542 583 3581 a.
598 3523 689 3593 detail
701 3538 750 3576 acc
762 3528 873 3576 comam
883 3522 930 3586 qq
936 3523 968 3585 ,γε
996 3525 1055 3586 as
1070 3538 1092 3576 c.
1109 3522 1144 3578 B.
