2370 3878
94 198 133 252 IV
473 201 688 259 PRAEFATIO.

95 356 220 421 codices
247 377 317 421 esse
345 359 459 422 statuit
485 362 582 444 atque
608 361 644 424 in
671 361 815 445 epistolis
843 362 884 427 ad
911 360 1056 427 Atticum

95 465 128 524 et
155 462 196 525 ad
224 460 260 537 Q.
283 461 429 527 Fratrem
457 467 489 527 et
515 465 580 548 „ad
602 464 762 531 Brutum“
789 468 890 532 codici
912 467 1056 533 Mediceo

94 566 197 630 multo
233 566 396 651 deteriori,
437 591 534 653 quam
571 570 653 634 alter
688 571 741 634 ille
774 573 981 655 epistolarum
1016 573 1057 636 ad

94 669 328 754 „Familiares“
362 677 423 756 cst,
460 674 594 739 nimiam
625 675 721 739 fidem
752 676 867 741 habuit
901 678 1056 762 neglectis

95 777 202 841 codice
234 777 452 842 Tomaesiano
484 776 541 862 (de
569 779 646 863 quo',
679 783 778 864 quum
808 786 893 846 recte
926 785 1056 847 auctore

94 879 137 945 M.
152 881 296 965 Hauptio
309 883 555 965 pseudocodices
574 885 647 957 illos
660 884 832 970 Bosianos,
846 886 1056 952 Decurtatum

95 989 128 1049 et
151 984 377 1072 (bucellinum,
406 989 474 1073 qui,
502 992 538 1053 ut
562 1010 687 1073 omnes,
713 991 760 1055 ita
787 1003 845 1055 me'
866 992 943 1056 olim
966 992 1055 1055 dece-

94 1095 222 1175 perant,
244 1113 283 1157 ex
307 1093 450 1176 epistolis
473 1093 586 1177 „furca
613 1095 818 1180 expulisset“,
841 1096 937 1160 nimis
961 1117 1055 1180 saepe

94 1194 192 1261 Bosio
206 1219 273 1262 non
293 1199 454 1282 credidit),
472 1201 596 1281 „vetere
615 1200 745 1264 codice“
757 1200 907 1267 Lambini
920 1200 1055 1286 (eodem,

95 1301 151 1384 qui
182 1301 223 1365 ab
255 1301 327 1383 ipso
359 1301 517 1366 Lambino
550 1303 788 1369 Tornaesianus
819 1309 963 1390 vocatur,
1000 1309 1056 1369 aut

14 1428 18 1434 ·
95 1408 180 1469 certe
203 1406 271 1470 eius
295 1405 481 1490 simillimo),
503 1406 691 1471 Antoniano
710 1412 743 1472 et
759 1407 939 1475 Faerniano
954 1409 1055 1474 Mala-

96 1510 220 1594 spinae,
251 1510 400 1575 Palatino
429 1514 544 1595 quarto
572 1510 715 1596 Gruteri,
747 1514 814 1577 cod.
838 1513 954 1596 Landi,
987 1516 1054 1578 cod.

95 1604 249 1696 Turnebi,
273 1615 465 1680 editionibus
483 1616 802 1700 Ascensianaaltcra,
831 1616 1054 1701 Cratandrina,

95 1719 325 1785 Lambinianis.
370 1721 484 1804 Itaque
503 1741 563 1806 ego
587 1722 628 1785 ad
645 1721 818 1804 pristinum
845 1723 925 1787 illud
947 1744 1054 1788 meum

95 1825 264 1889 consilium
299 1826 423 1889 tamdiu
460 1826 614 1890 omissum
650 1847 736 1892 nunc
766 1827 898 1891 tandem
929 1830 1054 1910 reverti,

96 1953 194 2015 quum
217 1933 345 1996 auctore
367 1930 438 2014 ipso
453 1930 621 1995 Teubnero
639 1952 719 2015 non,
742 1936 778 1996 ut
795 1933 864 2016 ipse
882 1933 1054 2015 volueram,

94 2035 282 2100 fasciculum
295 2039 423 2100 tantum
437 2037 576 2120 aliquem
589 2035 906 2120 „Emendationum“
920 2038 1054 2120 ederem,

96 2142 151 2206 sed
169 2162 288 2205 novam
305 2140 389 2204 hanc
407 2141 615 2223 epistolarum
632 2143 885 2226 recognitionem
907 2144 1054 2223 facerem,

96 2268 192 2330 quam
215 2245 304 2310 brevi
327 2248 539 2328 consequetur
561 2250 727 2328 separatus
757 2247 798 2309 ab
821 2247 893 2327 ipsa
915 2245 1053 2309 editione

94 2351 264 2416 fasciculus
291 2350 357 2432 ille,
394 2370 457 2434 quo
492 2349 553 2413 erit
586 2350 777 2434 gravissima
809 2369 953 2432 quaeque
982 2370 1055 2412 mea

95 2456 250 2521 correctio
265 2455 370 2518 allatis
384 2453 564 2518 rationibus
578 2454 838 2539 argumentisque
857 2452 1054 2518 confirmata.

95 2561 144 2626 De
170 2560 330 2625 codicibus
354 2580 435 2643 quae
459 2558 535 2623 olim
562 2559 597 2622 in
618 2557 952 2642 „Emendationibus“
974 2560 1054 2623 meis

97 2667 175 2751 dixi,
202 2687 312 2730 eorum
338 2664 418 2728 illud
446 2685 572 2749 quoque
594 2684 680 2727 nuno
707 2684 758 2726 me
785 2663 942 2746 poenitet,
970 2664 1054 2755 quod

97 2771 207 2836 Orellii
230 2770 410 2853 exemplum
428 2771 555 2832 secutus
577 2768 612 2830 in
630 2767 773 2850 epistolis
797 2767 838 2831 ad
860 2767 896 2842 Q.
910 2766 1055 2831 Fratrem

96 2875 239 2941 Mediceo
271 2875 328 2938 uni
359 2873 581 2938 auctoritatem
614 2873 755 2956 aliquam
780 2872 879 2936 tribui
910 2893 952 2936 ne
980 2871 1054 2936 Ora-

96 2980 240 3045 tandrini
267 2979 395 3062 quidem
422 2977 539 3042 codicis
570 2977 694 3041 ratione
722 2978 787 3041 ulla
814 2976 938 3059 habita,
966 2977 1055 3040 cuius

97 3086 223 3170 pondus
250 3085 285 3148 in
312 3084 352 3148 iis
378 3084 463 3147 idem
490 3086 586 3167 atque
613 3084 648 3146 in
675 3082 819 3165 epistolis
847 3081 888 3145 ad
910 3081 1056 3146 Atticum

98 3212 167 3255 esse
189 3189 338 3253 Baiterus
360 3188 430 3272 ipre
453 3189 553 3252 serius
577 3187 815 3269 animadvertit,
838 3208 935 3270 quam
958 3190 995 3249 ut
1018 3208 1055 3251 eo

97 3297 130 3359 in
156 3317 214 3360 sua
235 3293 420 3359 recensione
443 3293 491 3356 uti
514 3296 631 3375 posset.
682 3290 809 3374 Cetera,
837 3311 918 3375 quae
943 3291 981 3354 de
1005 3313 1056 3354 co·

98 3401 205 3464 dicum
226 3398 407 3465 rationibus
429 3394 588 3461 habebam
607 3417 689 3481 quae
707 3396 842 3461 dicerem
865 3400 992 3479 praeter
1010 3415 1057 3477 ea,

99 3527 180 3588 quae
203 3506 268 3570 iam
289 3504 325 3568 in
345 3501 680 3589 „Emendationibus“
701 3522 886 3586 posueram,
912 3501 948 3563 in
975 3519 1057 3572 eum.
