<?xml version="1.0" encoding="UTF-8"?>
<!DOCTYPE html PUBLIC "-//W3C//DTD XHTML 1.0 Transitional//EN"
    "http://www.w3.org/TR/xhtml1/DTD/xhtml1-transitional.dtd">
<html xmlns="http://www.w3.org/1999/xhtml" xml:lang="en" lang="en">
 <head>
  <title>
</title>
<meta http-equiv="Content-Type" content="text/html;charset=utf-8" />
  <meta name='ocr-system' content='tesseract 3.04.00' />
  <meta name='ocr-capabilities' content='ocr_page ocr_carea ocr_par ocr_line ocrx_word'/>
</head>
<body>
  <div class='ocr_page' id='page_1' title='image "./epistolae00cicegoog_0511.png"; bbox 0 0 2370 3878; ppageno 0'>
   <div class='ocr_carea' id='block_1_1' title="bbox 126 188 797 257">
    <p class='ocr_par' dir='ltr' id='par_1_1' title="bbox 126 188 797 257">
     <span class='ocr_line' id='line_1_1' title="bbox 126 188 797 257; baseline -0.022 0"><span class='ocrx_word' id='word_1_1' title='bbox 126 194 190 257; x_wconf 79' lang='lat'><strong>502</strong></span> <span class='ocrx_word' id='word_1_2' title='bbox 408 192 444 247; x_wconf 82' lang='lat' dir='ltr'><strong>M.</strong></span> <span class='ocrx_word' id='word_1_3' title='bbox 464 190 586 245; x_wconf 89' lang='lat' dir='ltr'>TULLII</span> <span class='ocrx_word' id='word_1_4' title='bbox 605 188 797 244; x_wconf 83' lang='lat' dir='ltr'>CICERONIS</span> 
     </span>
    </p>
   </div>
   <div class='ocr_carea' id='block_1_2' title="bbox 92 333 1104 2979">
    <p class='ocr_par' dir='ltr' id='par_1_2' title="bbox 92 333 1104 2979">
     <span class='ocr_line' id='line_1_2' title="bbox 125 333 1094 424; baseline -0.005 -20"><span class='ocrx_word' id='word_1_5' title='bbox 125 340 219 424; x_wconf 81' lang='lat' dir='ltr'><strong>regni</strong></span> <span class='ocrx_word' id='word_1_6' title='bbox 241 337 321 401; x_wconf 91' lang='lat' dir='ltr'><strong>mihi</strong></span> <span class='ocrx_word' id='word_1_7' title='bbox 343 335 566 400; x_wconf 84' lang='lat' dir='ltr'><strong>commendata</strong></span> <span class='ocrx_word' id='word_1_8' title='bbox 598 337 682 398; x_wconf 89' lang='lat' dir='ltr'><strong>essct</strong></span> <span class='ocrx_word' id='word_1_9' title='bbox 713 356 733 397; x_wconf 86' lang='lat' dir='ltr'><strong>a</strong></span> <span class='ocrx_word' id='word_1_10' title='bbox 759 333 866 416; x_wconf 87' lang='lat' dir='ltr'><strong>vobis,</strong></span> <span class='ocrx_word' id='word_1_11' title='bbox 897 333 1041 417; x_wconf 87' lang='lat' dir='ltr'><strong>diceret,</strong></span> <span class='ocrx_word' id='word_1_12' title='bbox 1069 335 1094 399; x_wconf 89' lang='lat' dir='ltr'><strong>si</strong></span> 
     </span>
     <span class='ocr_line' id='line_1_3' title="bbox 92 421 1093 511; baseline 0 -24"><span class='ocrx_word' id='word_1_13' title='bbox 92 427 203 511; x_wconf 87' lang='lat' dir='ltr'><strong>5quid</strong></span> <span class='ocrx_word' id='word_1_14' title='bbox 235 427 340 489; x_wconf 85' lang='lat' dir='ltr'><strong>vellet.</strong></span> <span class='ocrx_word' id='word_1_15' title='bbox 390 422 477 498; x_wconf 84' lang='lat' dir='ltr'>Quae</span> <span class='ocrx_word' id='word_1_16' title='bbox 510 445 608 507; x_wconf 90' lang='lat' dir='ltr'><strong>quum</strong></span> <span class='ocrx_word' id='word_1_17' title='bbox 640 443 743 486; x_wconf 86' lang='lat' dir='ltr'><strong>essem</strong></span> <span class='ocrx_word' id='word_1_18' title='bbox 774 421 810 484; x_wconf 88' lang='lat' dir='ltr'><strong>in</strong></span> <span class='ocrx_word' id='word_1_19' title='bbox 842 422 986 487; x_wconf 89' lang='lat' dir='ltr'><strong>consilio</strong></span> <span class='ocrx_word' id='word_1_20' title='bbox 1020 444 1093 487; x_wconf 89' lang='lat' dir='ltr'><strong>meo</strong></span> 
     </span>
     <span class='ocr_line' id='line_1_4' title="bbox 127 509 1092 597; baseline -0.005 -17"><span class='ocrx_word' id='word_1_21' title='bbox 127 537 200 580; x_wconf 88' lang='lat' dir='ltr'><strong>cum</strong></span> <span class='ocrx_word' id='word_1_22' title='bbox 227 534 302 597; x_wconf 85' lang='lat' dir='ltr'><strong>rege</strong></span> <span class='ocrx_word' id='word_1_23' title='bbox 329 513 469 594; x_wconf 91' lang='lat' dir='ltr'><strong>locutus,</strong></span> <span class='ocrx_word' id='word_1_24' title='bbox 500 511 594 576; x_wconf 89' lang='lat' dir='ltr'><strong>initio</strong></span> <span class='ocrx_word' id='word_1_25' title='bbox 617 511 671 575; x_wconf 92' lang='lat' dir='ltr'><strong>ille</strong></span> <span class='ocrx_word' id='word_1_26' title='bbox 699 509 855 575; x_wconf 90' lang='lat' dir='ltr'><strong>orationis</strong></span> <span class='ocrx_word' id='word_1_27' title='bbox 887 531 970 574; x_wconf 86' lang='lat' dir='ltr'><strong>suae</strong></span> <span class='ocrx_word' id='word_1_28' title='bbox 998 511 1092 575; x_wconf 88' lang='lat' dir='ltr'><strong>vobis</strong></span> 
     </span>
     <span class='ocr_line' id='line_1_5' title="bbox 126 597 1092 684; baseline -0.005 -16"><span class='ocrx_word' id='word_1_29' title='bbox 126 603 291 684; x_wconf 84' lang='lat' dir='ltr'><strong>maximas,</strong></span> <span class='ocrx_word' id='word_1_30' title='bbox 313 603 351 664; x_wconf 86' lang='lat' dir='ltr'><strong>ut</strong></span> <span class='ocrx_word' id='word_1_31' title='bbox 372 600 491 683; x_wconf 90' lang='lat' dir='ltr'><strong>debuit,</strong></span> <span class='ocrx_word' id='word_1_32' title='bbox 515 598 628 664; x_wconf 91' lang='lat' dir='ltr'><strong>deinde</strong></span> <span class='ocrx_word' id='word_1_33' title='bbox 647 598 744 663; x_wconf 89' lang='lat' dir='ltr'><strong>etiam</strong></span> <span class='ocrx_word' id='word_1_34' title='bbox 761 597 841 661; x_wconf 90' lang='lat' dir='ltr'><strong>mihi</strong></span> <span class='ocrx_word' id='word_1_35' title='bbox 865 599 994 683; x_wconf 79' lang='lat' dir='ltr'><strong>gratias</strong></span> <span class='ocrx_word' id='word_1_36' title='bbox 1015 600 1092 684; x_wconf 85' lang='lat' dir='ltr'><strong>egit,</strong></span> 
     </span>
     <span class='ocr_line' id='line_1_6' title="bbox 127 686 1092 774; baseline -0.003 -20"><span class='ocrx_word' id='word_1_37' title='bbox 127 690 212 774; x_wconf 88' lang='lat' dir='ltr'><strong>quod</strong></span> <span class='ocrx_word' id='word_1_38' title='bbox 245 690 274 753; x_wconf 89' lang='lat' dir='ltr'><strong>ei</strong></span> <span class='ocrx_word' id='word_1_39' title='bbox 305 708 516 773; x_wconf 80' lang='lat' dir='ltr'><strong>permagnum</strong></span> <span class='ocrx_word' id='word_1_40' title='bbox 548 690 581 751; x_wconf 90' lang='lat' dir='ltr'><strong>et</strong></span> <span class='ocrx_word' id='word_1_41' title='bbox 611 686 882 771; x_wconf 88' lang='lat' dir='ltr'><strong>perhonorificum</strong></span> <span class='ocrx_word' id='word_1_42' title='bbox 913 687 1092 752; x_wconf 88' lang='lat' dir='ltr'><strong>videbatur</strong></span> 
     </span>
     <span class='ocr_line' id='line_1_7' title="bbox 127 776 1090 861; baseline -0.003 -18"><span class='ocrx_word' id='word_1_43' title='bbox 127 778 254 843; x_wconf 88' lang='lat' dir='ltr'><strong>senatui</strong></span> <span class='ocrx_word' id='word_1_44' title='bbox 276 776 466 861; x_wconf 62' lang='lat' dir='ltr'><strong>populoque*</strong></span> <span class='ocrx_word' id='word_1_45' title='bbox 482 776 630 840; x_wconf 86' lang='lat' dir='ltr'><strong>Romano</strong></span> <span class='ocrx_word' id='word_1_46' title='bbox 653 777 764 840; x_wconf 82' lang='lat' dir='ltr'><strong>tantae</strong></span> <span class='ocrx_word' id='word_1_47' title='bbox 787 796 882 838; x_wconf 88' lang='lat' dir='ltr'><strong>curae</strong></span> <span class='ocrx_word' id='word_1_48' title='bbox 904 795 980 839; x_wconf 86' lang='lat' dir='ltr'><strong>esse</strong></span> <span class='ocrx_word' id='word_1_49' title='bbox 1004 777 1090 840; x_wconf 89' lang='lat' dir='ltr'><strong>salu·</strong></span> 
     </span>
     <span class='ocr_line' id='line_1_8' title="bbox 126 862 1090 948; baseline -0.002 -18"><span class='ocrx_word' id='word_1_50' title='bbox 126 870 193 930; x_wconf 88' lang='lat' dir='ltr'><strong>tem</strong></span> <span class='ocrx_word' id='word_1_51' title='bbox 216 887 308 930; x_wconf 86' lang='lat' dir='ltr'><strong>suam</strong></span> <span class='ocrx_word' id='word_1_52' title='bbox 334 887 448 948; x_wconf 88' lang='lat' dir='ltr'><strong>meque</strong></span> <span class='ocrx_word' id='word_1_53' title='bbox 475 867 601 928; x_wconf 88' lang='lat' dir='ltr'><strong>tantam</strong></span> <span class='ocrx_word' id='word_1_54' title='bbox 624 863 824 948; x_wconf 81' lang='lat' dir='ltr'><strong>diligentiam</strong></span> <span class='ocrx_word' id='word_1_55' title='bbox 851 862 1025 947; x_wconf 88' lang='lat' dir='ltr'><strong>adhibere,</strong></span> <span class='ocrx_word' id='word_1_56' title='bbox 1054 868 1090 928; x_wconf 90' lang='lat' dir='ltr'><strong>ut</strong></span> 
     </span>
     <span class='ocr_line' id='line_1_9' title="bbox 127 952 1088 1019; baseline -0.002 0"><span class='ocrx_word' id='word_1_57' title='bbox 127 959 160 1019; x_wconf 87' lang='lat' dir='ltr'><strong>et</strong></span> <span class='ocrx_word' id='word_1_58' title='bbox 182 976 254 1019; x_wconf 91' lang='lat' dir='ltr'><strong>mea</strong></span> <span class='ocrx_word' id='word_1_59' title='bbox 276 954 355 1018; x_wconf 87' lang='lat' dir='ltr'><strong>fides</strong></span> <span class='ocrx_word' id='word_1_60' title='bbox 382 958 415 1016; x_wconf 88' lang='lat' dir='ltr'><strong>et</strong></span> <span class='ocrx_word' id='word_1_61' title='bbox 437 952 725 1017; x_wconf 79' lang='lat' dir='ltr'><strong>commendationis</strong></span> <span class='ocrx_word' id='word_1_62' title='bbox 752 954 877 1016; x_wconf 86' lang='lat' dir='ltr'><strong>vestrae</strong></span> <span class='ocrx_word' id='word_1_63' title='bbox 905 954 1088 1017; x_wconf 87' lang='lat' dir='ltr'><strong>auctoritas</strong></span> 
     </span>
     <span class='ocr_line' id='line_1_10' title="bbox 127 1039 1088 1127; baseline -0.002 -20"><span class='ocrx_word' id='word_1_64' title='bbox 127 1043 264 1127; x_wconf 82' lang='lat' dir='ltr'><strong>perspici</strong></span> <span class='ocrx_word' id='word_1_65' title='bbox 287 1044 404 1126; x_wconf 90' lang='lat' dir='ltr'><strong>posset.</strong></span> <span class='ocrx_word' id='word_1_66' title='bbox 449 1040 557 1125; x_wconf 80' lang='lat' dir='ltr'><strong>Atque</strong></span> <span class='ocrx_word' id='word_1_67' title='bbox 579 1041 633 1104; x_wconf 92' lang='lat' dir='ltr'><strong>ille</strong></span> <span class='ocrx_word' id='word_1_68' title='bbox 656 1041 774 1124; x_wconf 90' lang='lat' dir='ltr'><strong>primo,</strong></span> <span class='ocrx_word' id='word_1_69' title='bbox 803 1039 889 1123; x_wconf 92' lang='lat' dir='ltr'><strong>quod</strong></span> <span class='ocrx_word' id='word_1_70' title='bbox 912 1040 996 1105; x_wconf 91' lang='lat' dir='ltr'><strong>mihi</strong></span> <span class='ocrx_word' id='word_1_71' title='bbox 1019 1064 1088 1105; x_wconf 89' lang='lat' dir='ltr'><strong>ma-</strong></span> 
     </span>
     <span class='ocr_line' id='line_1_11' title="bbox 126 1129 1104 1218; baseline -0.003 -22"><span class='ocrx_word' id='word_1_72' title='bbox 126 1133 230 1196; x_wconf 84' lang='lat' dir='ltr'><strong>ximae</strong></span> <span class='ocrx_word' id='word_1_73' title='bbox 253 1131 394 1195; x_wconf 86' lang='lat' dir='ltr'><strong>laetitiae</strong></span> <span class='ocrx_word' id='word_1_74' title='bbox 416 1129 488 1214; x_wconf 87' lang='lat' dir='ltr'><strong>fuit,</strong></span> <span class='ocrx_word' id='word_1_75' title='bbox 510 1131 557 1194; x_wconf 90' lang='lat' dir='ltr'><strong>ita</strong></span> <span class='ocrx_word' id='word_1_76' title='bbox 579 1150 704 1193; x_wconf 89' lang='lat' dir='ltr'><strong>mecum</strong></span> <span class='ocrx_word' id='word_1_77' title='bbox 721 1130 847 1194; x_wconf 88' lang='lat' dir='ltr'><strong>loeutus</strong></span> <span class='ocrx_word' id='word_1_78' title='bbox 870 1131 928 1212; x_wconf 90' lang='lat' dir='ltr'><strong>est,</strong></span> <span class='ocrx_word' id='word_1_79' title='bbox 952 1133 991 1193; x_wconf 85' lang='lat' dir='ltr'><strong>ut</strong></span> <span class='ocrx_word' id='word_1_80' title='bbox 1014 1132 1104 1218; x_wconf 16' lang='lat' dir='ltr'><strong>nul-h</strong></span> 
     </span>
     <span class='ocr_line' id='line_1_12' title="bbox 126 1217 1088 1302; baseline 0 -19"><span class='ocrx_word' id='word_1_81' title='bbox 126 1221 175 1285; x_wconf 89' lang='lat' dir='ltr'><strong>las</strong></span> <span class='ocrx_word' id='word_1_82' title='bbox 201 1219 334 1284; x_wconf 86' lang='lat' dir='ltr'><strong>insidias</strong></span> <span class='ocrx_word' id='word_1_83' title='bbox 361 1240 464 1301; x_wconf 90' lang='lat' dir='ltr'><strong>neque</strong></span> <span class='ocrx_word' id='word_1_84' title='bbox 491 1218 576 1282; x_wconf 85' lang='lat' dir='ltr'><strong>vitae</strong></span> <span class='ocrx_word' id='word_1_85' title='bbox 604 1240 680 1282; x_wconf 88' lang='lat' dir='ltr'><strong>suae</strong></span> <span class='ocrx_word' id='word_1_86' title='bbox 703 1239 806 1302; x_wconf 89' lang='lat' dir='ltr'><strong>neque</strong></span> <span class='ocrx_word' id='word_1_87' title='bbox 833 1238 933 1302; x_wconf 80' lang='lat' dir='ltr'><strong>regno</strong></span> <span class='ocrx_word' id='word_1_88' title='bbox 964 1217 1088 1283; x_wconf 89' lang='lat' dir='ltr'><strong>diceret</strong></span> 
     </span>
     <span class='ocr_line' id='line_1_13' title="bbox 128 1305 1087 1391; baseline -0.001 -19"><span class='ocrx_word' id='word_1_89' title='bbox 128 1330 161 1372; x_wconf 87' lang='lat' dir='ltr'><strong>se</strong></span> <span class='ocrx_word' id='word_1_90' title='bbox 186 1312 242 1372; x_wconf 90' lang='lat' dir='ltr'><strong>aut</strong></span> <span class='ocrx_word' id='word_1_91' title='bbox 264 1308 443 1391; x_wconf 85' lang='lat' dir='ltr'><strong>intelligere</strong></span> <span class='ocrx_word' id='word_1_92' title='bbox 465 1306 534 1370; x_wconf 89' lang='lat' dir='ltr'><strong>fieri</strong></span> <span class='ocrx_word' id='word_1_93' title='bbox 562 1307 738 1371; x_wconf 89' lang='lat' dir='ltr'><strong>autetiam</strong></span> <span class='ocrx_word' id='word_1_94' title='bbox 766 1306 929 1390; x_wconf 89' lang='lat' dir='ltr'><strong>suspicari.</strong></span> <span class='ocrx_word' id='word_1_95' title='bbox 977 1305 1087 1381; x_wconf 81' lang='lat' dir='ltr'><strong>Quum</strong></span> 
     </span>
     <span class='ocr_line' id='line_1_14' title="bbox 128 1394 1085 1480; baseline -0.001 -20"><span class='ocrx_word' id='word_1_96' title='bbox 128 1417 188 1480; x_wconf 80' lang='lat' dir='ltr'><strong>ego</strong></span> <span class='ocrx_word' id='word_1_97' title='bbox 212 1397 241 1459; x_wconf 90' lang='lat' dir='ltr'><strong>ei</strong></span> <span class='ocrx_word' id='word_1_98' title='bbox 264 1397 444 1480; x_wconf 81' lang='lat' dir='ltr'><strong>gratulatus</strong></span> <span class='ocrx_word' id='word_1_99' title='bbox 467 1416 570 1459; x_wconf 90' lang='lat' dir='ltr'><strong>essem</strong></span> <span class='ocrx_word' id='word_1_100' title='bbox 587 1395 683 1478; x_wconf 88' lang='lat' dir='ltr'><strong>idque</strong></span> <span class='ocrx_word' id='word_1_101' title='bbox 701 1417 752 1459; x_wconf 89' lang='lat' dir='ltr'><strong>me</strong></span> <span class='ocrx_word' id='word_1_102' title='bbox 771 1394 909 1480; x_wconf 82' lang='lat' dir='ltr'><strong>gaudere</strong></span> <span class='ocrx_word' id='word_1_103' title='bbox 928 1394 1085 1460; x_wconf 86' lang='lat' dir='ltr'><strong>dixissem</strong></span> 
     </span>
     <span class='ocr_line' id='line_1_15' title="bbox 127 1482 1085 1566; baseline 0 -19"><span class='ocrx_word' id='word_1_104' title='bbox 127 1484 328 1566; x_wconf 81' lang='lat' dir='ltr'><strong>cohortatus,</strong></span> <span class='ocrx_word' id='word_1_105' title='bbox 354 1486 391 1547; x_wconf 89' lang='lat' dir='ltr'><strong>ut</strong></span> <span class='ocrx_word' id='word_1_106' title='bbox 417 1483 638 1547; x_wconf 84' lang='lat' dir='ltr'><strong>recordaretur</strong></span> <span class='ocrx_word' id='word_1_107' title='bbox 670 1504 779 1548; x_wconf 87' lang='lat' dir='ltr'><strong>casum</strong></span> <span class='ocrx_word' id='word_1_108' title='bbox 809 1483 901 1547; x_wconf 91' lang='lat' dir='ltr'><strong>illum</strong></span> <span class='ocrx_word' id='word_1_109' title='bbox 929 1482 1085 1549; x_wconf 88' lang='lat' dir='ltr'><strong>interitus</strong></span> 
     </span>
     <span class='ocr_line' id='line_1_16' title="bbox 127 1570 1085 1655; baseline 0.003 -21"><span class='ocrx_word' id='word_1_110' title='bbox 127 1571 253 1655; x_wconf 88' lang='lat' dir='ltr'><strong>paterni</strong></span> <span class='ocrx_word' id='word_1_111' title='bbox 284 1575 318 1633; x_wconf 87' lang='lat' dir='ltr'><strong>et</strong></span> <span class='ocrx_word' id='word_1_112' title='bbox 348 1570 520 1654; x_wconf 85' lang='lat' dir='ltr'><strong>vigilanter</strong></span> <span class='ocrx_word' id='word_1_113' title='bbox 551 1593 585 1634; x_wconf 88' lang='lat' dir='ltr'><strong>se</strong></span> <span class='ocrx_word' id='word_1_114' title='bbox 617 1574 761 1636; x_wconf 90' lang='lat' dir='ltr'><strong>tueretur</strong></span> <span class='ocrx_word' id='word_1_115' title='bbox 788 1575 883 1655; x_wconf 88' lang='lat' dir='ltr'><strong>atque</strong></span> <span class='ocrx_word' id='word_1_116' title='bbox 912 1571 1085 1637; x_wconf 90' lang='lat' dir='ltr'><strong>admonitu</strong></span> 
     </span>
     <span class='ocr_line' id='line_1_17' title="bbox 128 1659 1086 1743; baseline 0.002 -20"><span class='ocrx_word' id='word_1_117' title='bbox 128 1663 259 1723; x_wconf 88' lang='lat' dir='ltr'><strong>senatus</strong></span> <span class='ocrx_word' id='word_1_118' title='bbox 283 1659 463 1722; x_wconf 82' lang='lat' dir='ltr'><strong>consuleret</strong></span> <span class='ocrx_word' id='word_1_119' title='bbox 487 1659 583 1722; x_wconf 87' lang='lat' dir='ltr'><strong>saluti</strong></span> <span class='ocrx_word' id='word_1_120' title='bbox 606 1681 696 1743; x_wconf 87' lang='lat' dir='ltr'><strong>suae,</strong></span> <span class='ocrx_word' id='word_1_121' title='bbox 722 1663 791 1724; x_wconf 91' lang='lat' dir='ltr'><strong>tum</strong></span> <span class='ocrx_word' id='word_1_122' title='bbox 819 1681 838 1722; x_wconf 92' lang='lat' dir='ltr'><strong>a</strong></span> <span class='ocrx_word' id='word_1_123' title='bbox 860 1681 911 1723; x_wconf 89' lang='lat' dir='ltr'><strong>me</strong></span> <span class='ocrx_word' id='word_1_124' title='bbox 935 1659 1086 1725; x_wconf 88' lang='lat' dir='ltr'><strong>discessit</strong></span> 
     </span>
     <span class='ocr_line' id='line_1_18' title="bbox 93 1745 1084 1831; baseline 0.003 -22"><span class='ocrx_word' id='word_1_125' title='bbox 93 1761 108 1809; x_wconf 82' lang='grc'><strong>6</strong></span> <span class='ocrx_word' id='word_1_126' title='bbox 127 1749 162 1811; x_wconf 94' lang='lat' dir='ltr'><strong>in</strong></span> <span class='ocrx_word' id='word_1_127' title='bbox 181 1745 334 1831; x_wconf 88' lang='lat' dir='ltr'><strong>oppidum</strong></span> <span class='ocrx_word' id='word_1_128' title='bbox 352 1745 509 1829; x_wconf 81' lang='lat' dir='ltr'><strong>Cybistra.</strong></span> <span class='ocrx_word' id='word_1_129' title='bbox 544 1746 678 1812; x_wconf 87' lang='lat' dir='ltr'><strong>Postero</strong></span> <span class='ocrx_word' id='word_1_130' title='bbox 697 1752 805 1812; x_wconf 85' lang='lat' dir='ltr'><strong>autem</strong></span> <span class='ocrx_word' id='word_1_131' title='bbox 828 1747 878 1811; x_wconf 91' lang='lat' dir='ltr'><strong>die</strong></span> <span class='ocrx_word' id='word_1_132' title='bbox 897 1769 970 1812; x_wconf 89' lang='lat' dir='ltr'><strong>cum</strong></span> <span class='ocrx_word' id='word_1_133' title='bbox 991 1747 1084 1812; x_wconf 86' lang='lat' dir='ltr'><strong>Aria-</strong></span> 
     </span>
     <span class='ocr_line' id='line_1_19' title="bbox 127 1835 1083 1922; baseline 0.001 -23"><span class='ocrx_word' id='word_1_134' title='bbox 127 1836 228 1922; x_wconf 85' lang='lat' dir='ltr'><strong>rathe,</strong></span> <span class='ocrx_word' id='word_1_135' title='bbox 249 1835 349 1899; x_wconf 87' lang='lat' dir='ltr'><strong>fratrc</strong></span> <span class='ocrx_word' id='word_1_136' title='bbox 373 1858 440 1918; x_wconf 91' lang='lat' dir='ltr'><strong>suo,</strong></span> <span class='ocrx_word' id='word_1_137' title='bbox 463 1839 496 1899; x_wconf 87' lang='lat' dir='ltr'><strong>et</strong></span> <span class='ocrx_word' id='word_1_138' title='bbox 519 1856 591 1900; x_wconf 86' lang='lat' dir='ltr'><strong>eum</strong></span> <span class='ocrx_word' id='word_1_139' title='bbox 613 1836 756 1920; x_wconf 87' lang='lat' dir='ltr'><strong>paternis</strong></span> <span class='ocrx_word' id='word_1_140' title='bbox 776 1836 885 1900; x_wconf 86' lang='lat' dir='ltr'><strong>amieis</strong></span> <span class='ocrx_word' id='word_1_141' title='bbox 904 1836 1083 1901; x_wconf 88' lang='lat' dir='ltr'><strong>maioribus</strong></span> 
     </span>
     <span class='ocr_line' id='line_1_20' title="bbox 127 1924 1084 2008; baseline 0 -19"><span class='ocrx_word' id='word_1_142' title='bbox 127 1928 207 1989; x_wconf 89' lang='lat' dir='ltr'><strong>natu</strong></span> <span class='ocrx_word' id='word_1_143' title='bbox 230 1925 270 1989; x_wconf 88' lang='lat' dir='ltr'><strong>ad</strong></span> <span class='ocrx_word' id='word_1_144' title='bbox 293 1946 344 1988; x_wconf 92' lang='lat' dir='ltr'><strong>me</strong></span> <span class='ocrx_word' id='word_1_145' title='bbox 367 1925 402 1988; x_wconf 89' lang='lat' dir='ltr'><strong>in</strong></span> <span class='ocrx_word' id='word_1_146' title='bbox 424 1928 529 1988; x_wconf 87' lang='lat' dir='ltr'><strong>castra</strong></span> <span class='ocrx_word' id='word_1_147' title='bbox 546 1924 636 1988; x_wconf 87' lang='lat' dir='ltr'><strong>venit</strong></span> <span class='ocrx_word' id='word_1_148' title='bbox 653 1925 921 2008; x_wconf 88' lang='lat' dir='ltr'><strong>perturbatusque</strong></span> <span class='ocrx_word' id='word_1_149' title='bbox 940 1927 974 1987; x_wconf 84' lang='lat' dir='ltr'><strong>et</strong></span> <span class='ocrx_word' id='word_1_150' title='bbox 991 1925 1084 2007; x_wconf 89' lang='lat' dir='ltr'><strong>flens,</strong></span> 
     </span>
     <span class='ocr_line' id='line_1_21' title="bbox 128 2012 1083 2097; baseline -0.001 -20"><span class='ocrx_word' id='word_1_151' title='bbox 128 2035 226 2097; x_wconf 87' lang='lat' dir='ltr'><strong>quum</strong></span> <span class='ocrx_word' id='word_1_152' title='bbox 248 2013 333 2077; x_wconf 86' lang='lat' dir='ltr'><strong>idem</strong></span> <span class='ocrx_word' id='word_1_153' title='bbox 356 2016 389 2076; x_wconf 86' lang='lat' dir='ltr'><strong>et</strong></span> <span class='ocrx_word' id='word_1_154' title='bbox 410 2013 511 2076; x_wconf 86' lang='lat' dir='ltr'><strong>frater</strong></span> <span class='ocrx_word' id='word_1_155' title='bbox 532 2013 652 2076; x_wconf 85' lang='lat' dir='ltr'><strong>faceret</strong></span> <span class='ocrx_word' id='word_1_156' title='bbox 675 2016 708 2075; x_wconf 88' lang='lat' dir='ltr'><strong>et</strong></span> <span class='ocrx_word' id='word_1_157' title='bbox 726 2013 829 2096; x_wconf 90' lang='lat' dir='ltr'><strong>amici,</strong></span> <span class='ocrx_word' id='word_1_158' title='bbox 851 2034 955 2076; x_wconf 89' lang='lat' dir='ltr'><strong>meam</strong></span> <span class='ocrx_word' id='word_1_159' title='bbox 976 2012 1083 2095; x_wconf 92' lang='lat' dir='ltr'><strong>fidem,</strong></span> 
     </span>
     <span class='ocr_line' id='line_1_22' title="bbox 126 2099 1083 2184; baseline 0 -20"><span class='ocrx_word' id='word_1_160' title='bbox 126 2105 267 2166; x_wconf 84' lang='lat' dir='ltr'><strong>vestram</strong></span> <span class='ocrx_word' id='word_1_161' title='bbox 290 2100 600 2165; x_wconf 86' lang='lat' dir='ltr'><strong>commendationem</strong></span> <span class='ocrx_word' id='word_1_162' title='bbox 622 2100 794 2183; x_wconf 87' lang='lat' dir='ltr'><strong>implorare</strong></span> <span class='ocrx_word' id='word_1_163' title='bbox 818 2101 931 2184; x_wconf 90' lang='lat' dir='ltr'><strong>eoepit.</strong></span> <span class='ocrx_word' id='word_1_164' title='bbox 974 2099 1083 2175; x_wconf 81' lang='lat' dir='ltr'><strong>Quum</strong></span> 
     </span>
     <span class='ocr_line' id='line_1_23' title="bbox 127 2188 1082 2272; baseline -0.001 -20"><span class='ocrx_word' id='word_1_165' title='bbox 127 2190 314 2272; x_wconf 88' lang='lat' dir='ltr'><strong>admirarer,</strong></span> <span class='ocrx_word' id='word_1_166' title='bbox 338 2189 414 2272; x_wconf 90' lang='lat' dir='ltr'><strong>quid</strong></span> <span class='ocrx_word' id='word_1_167' title='bbox 437 2189 604 2252; x_wconf 89' lang='lat' dir='ltr'><strong>accidisset</strong></span> <span class='ocrx_word' id='word_1_168' title='bbox 627 2189 716 2271; x_wconf 87' lang='lat' dir='ltr'><strong>novi,</strong></span> <span class='ocrx_word' id='word_1_169' title='bbox 738 2189 818 2252; x_wconf 83' lang='lat' dir='ltr'><strong>dixit</strong></span> <span class='ocrx_word' id='word_1_170' title='bbox 841 2189 881 2252; x_wconf 90' lang='lat' dir='ltr'><strong>ad</strong></span> <span class='ocrx_word' id='word_1_171' title='bbox 905 2209 938 2252; x_wconf 91' lang='lat' dir='ltr'><strong>se</strong></span> <span class='ocrx_word' id='word_1_172' title='bbox 961 2188 1082 2252; x_wconf 88' lang='lat' dir='ltr'><strong>indicia</strong></span> 
     </span>
     <span class='ocr_line' id='line_1_24' title="bbox 127 2276 1083 2360; baseline 0 -20"><span class='ocrx_word' id='word_1_173' title='bbox 127 2277 372 2342; x_wconf 83' lang='lat' dir='ltr'><strong>manifestarum</strong></span> <span class='ocrx_word' id='word_1_174' title='bbox 399 2277 586 2341; x_wconf 89' lang='lat' dir='ltr'><strong>insidiarum</strong></span> <span class='ocrx_word' id='word_1_175' title='bbox 615 2298 683 2340; x_wconf 91' lang='lat' dir='ltr'><strong>esse</strong></span> <span class='ocrx_word' id='word_1_176' title='bbox 712 2276 830 2360; x_wconf 89' lang='lat' dir='ltr'><strong>delata,</strong></span> <span class='ocrx_word' id='word_1_177' title='bbox 862 2298 942 2360; x_wconf 91' lang='lat' dir='ltr'><strong>quae</strong></span> <span class='ocrx_word' id='word_1_178' title='bbox 973 2281 1083 2340; x_wconf 87' lang='lat' dir='ltr'><strong>essent</strong></span> 
     </span>
     <span class='ocr_line' id='line_1_25' title="bbox 128 2364 1083 2448; baseline 0 -21"><span class='ocrx_word' id='word_1_179' title='bbox 128 2367 203 2428; x_wconf 85' lang='lat' dir='ltr'><strong>ante</strong></span> <span class='ocrx_word' id='word_1_180' title='bbox 236 2365 408 2428; x_wconf 87' lang='lat' dir='ltr'><strong>adventum</strong></span> <span class='ocrx_word' id='word_1_181' title='bbox 440 2387 546 2430; x_wconf 91' lang='lat' dir='ltr'><strong>meum</strong></span> <span class='ocrx_word' id='word_1_182' title='bbox 578 2365 751 2448; x_wconf 85' lang='lat' dir='ltr'><strong>occultata,</strong></span> <span class='ocrx_word' id='word_1_183' title='bbox 782 2364 868 2447; x_wconf 91' lang='lat' dir='ltr'><strong>quod</strong></span> <span class='ocrx_word' id='word_1_184' title='bbox 890 2365 926 2446; x_wconf 93' lang='lat' dir='ltr'><strong>ii,</strong></span> <span class='ocrx_word' id='word_1_185' title='bbox 959 2365 1015 2448; x_wconf 91' lang='lat' dir='ltr'><strong>qui</strong></span> <span class='ocrx_word' id='word_1_186' title='bbox 1044 2387 1083 2428; x_wconf 89' lang='lat' dir='ltr'><strong>ea</strong></span> 
     </span>
     <span class='ocr_line' id='line_1_26' title="bbox 127 2452 1081 2537; baseline 0 -22"><span class='ocrx_word' id='word_1_187' title='bbox 127 2452 308 2535; x_wconf 87' lang='lat' dir='ltr'><strong>patefecere</strong></span> <span class='ocrx_word' id='word_1_188' title='bbox 331 2456 473 2536; x_wconf 86' lang='lat' dir='ltr'><strong>possent,</strong></span> <span class='ocrx_word' id='word_1_189' title='bbox 494 2458 626 2537; x_wconf 87' lang='lat' dir='ltr'><strong>propter</strong></span> <span class='ocrx_word' id='word_1_190' title='bbox 648 2457 769 2517; x_wconf 89' lang='lat' dir='ltr'><strong>metum</strong></span> <span class='ocrx_word' id='word_1_191' title='bbox 795 2452 1011 2535; x_wconf 84' lang='lat' dir='ltr'><strong>reticuissent3</strong></span> <span class='ocrx_word' id='word_1_192' title='bbox 1044 2474 1081 2516; x_wconf 92' lang='lat' dir='ltr'><strong>eo</strong></span> 
     </span>
     <span class='ocr_line' id='line_1_27' title="bbox 129 2541 1082 2625; baseline 0 -22"><span class='ocrx_word' id='word_1_193' title='bbox 129 2544 236 2604; x_wconf 86' lang='lat' dir='ltr'><strong>autem</strong></span> <span class='ocrx_word' id='word_1_194' title='bbox 258 2545 402 2625; x_wconf 90' lang='lat' dir='ltr'><strong>tempore</strong></span> <span class='ocrx_word' id='word_1_195' title='bbox 421 2561 477 2623; x_wconf 92' lang='lat' dir='ltr'><strong>spe</strong></span> <span class='ocrx_word' id='word_1_196' title='bbox 491 2542 554 2603; x_wconf 89' lang='lat' dir='ltr'><strong>mei</strong></span> <span class='ocrx_word' id='word_1_197' title='bbox 571 2541 723 2624; x_wconf 88' lang='lat' dir='ltr'><strong>praesidii</strong></span> <span class='ocrx_word' id='word_1_198' title='bbox 736 2543 915 2625; x_wconf 88' lang='lat' dir='ltr'><strong>complures</strong></span> <span class='ocrx_word' id='word_1_199' title='bbox 933 2562 980 2623; x_wconf 85' lang='lat' dir='ltr'><strong>ea,</strong></span> <span class='ocrx_word' id='word_1_200' title='bbox 1000 2562 1082 2625; x_wconf 89' lang='lat' dir='ltr'><strong>quae</strong></span> 
     </span>
     <span class='ocr_line' id='line_1_28' title="bbox 129 2627 1081 2713; baseline -0.001 -21"><span class='ocrx_word' id='word_1_201' title='bbox 129 2629 261 2713; x_wconf 88' lang='lat' dir='ltr'><strong>scirent,</strong></span> <span class='ocrx_word' id='word_1_202' title='bbox 289 2629 440 2694; x_wconf 87' lang='lat' dir='ltr'><strong>audacter</strong></span> <span class='ocrx_word' id='word_1_203' title='bbox 463 2627 503 2691; x_wconf 88' lang='lat' dir='ltr'><strong>ad</strong></span> <span class='ocrx_word' id='word_1_204' title='bbox 527 2649 560 2691; x_wconf 89' lang='lat' dir='ltr'><strong>se</strong></span> <span class='ocrx_word' id='word_1_205' title='bbox 583 2628 748 2711; x_wconf 86' lang='lat' dir='ltr'><strong>detulisse;</strong></span> <span class='ocrx_word' id='word_1_206' title='bbox 776 2630 811 2694; x_wconf 92' lang='lat' dir='ltr'><strong>in</strong></span> <span class='ocrx_word' id='word_1_207' title='bbox 833 2630 872 2693; x_wconf 88' lang='lat' dir='ltr'><strong>iis</strong></span> <span class='ocrx_word' id='word_1_208' title='bbox 900 2629 1081 2693; x_wconf 88' lang='lat' dir='ltr'><strong>amantissi-</strong></span> 
     </span>
     <span class='ocr_line' id='line_1_29' title="bbox 128 2715 1081 2802; baseline 0 -22"><span class='ocrx_word' id='word_1_209' title='bbox 128 2739 216 2781; x_wconf 93' lang='lat' dir='ltr'><strong>mum</strong></span> <span class='ocrx_word' id='word_1_210' title='bbox 239 2719 302 2802; x_wconf 89' lang='lat' dir='ltr'><strong>sui,</strong></span> <span class='ocrx_word' id='word_1_211' title='bbox 325 2738 450 2782; x_wconf 88' lang='lat' dir='ltr'><strong>summa</strong></span> <span class='ocrx_word' id='word_1_212' title='bbox 477 2715 596 2799; x_wconf 86' lang='lat' dir='ltr'><strong>pietate</strong></span> <span class='ocrx_word' id='word_1_213' title='bbox 619 2715 799 2800; x_wconf 89' lang='lat' dir='ltr'><strong>praeditum</strong></span> <span class='ocrx_word' id='word_1_214' title='bbox 820 2717 954 2782; x_wconf 87' lang='lat' dir='ltr'><strong>fratrem</strong></span> <span class='ocrx_word' id='word_1_215' title='bbox 977 2717 1081 2781; x_wconf 86' lang='lat' dir='ltr'><strong>dicere</strong></span> 
     </span>
     <span class='ocr_line' id='line_1_30' title="bbox 129 2804 1081 2888; baseline 0.001 -20"><span class='ocrx_word' id='word_1_216' title='bbox 129 2839 171 2850; x_wconf 91' lang='lat'>-</span> <span class='ocrx_word' id='word_1_217' title='bbox 195 2826 337 2888; x_wconf 87' lang='lat' dir='ltr'><strong>eaquae</strong></span> <span class='ocrx_word' id='word_1_218' title='bbox 360 2827 411 2868; x_wconf 88' lang='lat' dir='ltr'><strong>me</strong></span> <span class='ocrx_word' id='word_1_219' title='bbox 434 2825 559 2888; x_wconf 89' lang='lat' dir='ltr'><strong>quoque</strong></span> <span class='ocrx_word' id='word_1_220' title='bbox 587 2805 614 2868; x_wconf 92' lang='lat' dir='ltr'><strong>is</strong></span> <span class='ocrx_word' id='word_1_221' title='bbox 642 2804 791 2870; x_wconf 89' lang='lat' dir='ltr'><strong>audiente</strong></span> <span class='ocrx_word' id='word_1_222' title='bbox 819 2805 945 2870; x_wconf 88' lang='lat' dir='ltr'><strong>dicebat</strong></span> <span class='ocrx_word' id='word_1_223' title='bbox 967 2828 1024 2868; x_wconf 77' lang='grc' dir='ltr'><strong>-ε</strong></span> <span class='ocrx_word' id='word_1_224' title='bbox 1048 2827 1081 2869; x_wconf 92' lang='lat' dir='ltr'><strong>se</strong></span> 
     </span>
     <span class='ocr_line' id='line_1_31' title="bbox 129 2891 1082 2979; baseline 0.002 -23"><span class='ocrx_word' id='word_1_225' title='bbox 129 2891 336 2956; x_wconf 89' lang='lat' dir='ltr'><strong>sollicitatum</strong></span> <span class='ocrx_word' id='word_1_226' title='bbox 359 2914 441 2976; x_wconf 89' lang='lat' dir='ltr'><strong>esse,</strong></span> <span class='ocrx_word' id='word_1_227' title='bbox 468 2896 505 2956; x_wconf 90' lang='lat' dir='ltr'><strong>ut</strong></span> <span class='ocrx_word' id='word_1_228' title='bbox 526 2914 662 2979; x_wconf 81' lang='lat' dir='ltr'><strong>regnare</strong></span> <span class='ocrx_word' id='word_1_229' title='bbox 685 2894 794 2975; x_wconf 69' lang='lat' dir='ltr'><strong>vellet,</strong></span> <span class='ocrx_word' id='word_1_230' title='bbox 820 2894 853 2957; x_wconf 93' lang='lat' dir='ltr'><strong>id</strong></span> <span class='ocrx_word' id='word_1_231' title='bbox 880 2893 953 2958; x_wconf 87' lang='lat' dir='ltr'><strong>vivo</strong></span> <span class='ocrx_word' id='word_1_232' title='bbox 981 2894 1082 2958; x_wconf 83' lang='lat' dir='ltr'><strong>fratre</strong></span> 
     </span>
    </p>
   </div>
   <div class='ocr_carea' id='block_1_3' title="bbox 123 3100 1085 3594">
    <p class='ocr_par' dir='ltr' id='par_1_3' title="bbox 123 3100 1085 3594">
     <span class='ocr_line' id='line_1_32' title="bbox 198 3100 1082 3172; baseline 0.003 -18"><span class='ocrx_word' id='word_1_233' title='bbox 198 3100 249 3170; x_wconf 85' lang='lat' dir='ltr'><strong>Ep.</strong></span> <span class='ocrx_word' id='word_1_234' title='bbox 269 3107 295 3168; x_wconf 81' lang='lat'><strong>2,</strong></span> <span class='ocrx_word' id='word_1_235' title='bbox 310 3105 333 3155; x_wconf 84' lang='lat'><strong>5.</strong></span> <span class='ocrx_word' id='word_1_236' title='bbox 366 3101 493 3156; x_wconf 62' lang='lat' dir='ltr'><strong>diensem</strong></span> <span class='ocrx_word' id='word_1_237' title='bbox 512 3103 675 3168; x_wconf 75' lang='lat' dir='ltr'><strong>cohortatus,</strong></span> <span class='ocrx_word' id='word_1_238' title='bbox 692 3108 725 3156; x_wconf 83' lang='lat' dir='ltr'><strong>ut</strong></span> <span class='ocrx_word' id='word_1_239' title='bbox 742 3102 798 3170; x_wconf 89' lang='lat' dir='ltr'><strong>(M.,</strong></span> <span class='ocrx_word' id='word_1_240' title='bbox 813 3103 917 3172; x_wconf 83' lang='lat' dir='ltr'><strong>vulgo).</strong></span> <span class='ocrx_word' id='word_1_241' title='bbox 954 3102 980 3156; x_wconf 84' lang='lat' dir='ltr'><strong>d.</strong></span> <span class='ocrx_word' id='word_1_242' title='bbox 996 3104 1037 3138; x_wconf 67' lang='lat'><strong>*³¹³</strong></span> <span class='ocrx_word' id='word_1_243' title='bbox 1051 3120 1082 3168; x_wconf 81' lang='lat' dir='ltr'><strong>e,</strong></span> 
     </span>
     <span class='ocr_line' id='line_1_33' title="bbox 128 3171 1084 3242; baseline 0.001 -17"><span class='ocrx_word' id='word_1_244' title='bbox 128 3177 160 3224; x_wconf 83' lang='lat' dir='ltr'><strong>ut</strong></span> <span class='ocrx_word' id='word_1_245' title='bbox 174 3173 216 3238; x_wconf 89' lang='lat' dir='ltr'><strong>(ut</strong></span> <span class='ocrx_word' id='word_1_246' title='bbox 229 3171 363 3226; x_wconf 86' lang='lat' dir='ltr'><strong>exciderit</strong></span> <span class='ocrx_word' id='word_1_247' title='bbox 376 3177 401 3226; x_wconf 90' lang='lat' dir='ltr'><strong>et</strong></span> <span class='ocrx_word' id='word_1_248' title='bbox 414 3177 504 3226; x_wconf 81' lang='lat' dir='ltr'><strong>tameo</strong></span> <span class='ocrx_word' id='word_1_249' title='bbox 517 3174 707 3228; x_wconf 75' lang='lat' dir='ltr'><strong>adolescentem</strong></span> <span class='ocrx_word' id='word_1_250' title='bbox 721 3188 808 3238; x_wconf 74' lang='lat' dir='ltr'><strong>essem,</strong></span> <span class='ocrx_word' id='word_1_251' title='bbox 823 3172 898 3242; x_wconf 90' lang='lat' dir='ltr'><strong>quod</strong></span> <span class='ocrx_word' id='word_1_252' title='bbox 913 3171 1084 3228; x_wconf 84' lang='lat' dir='ltr'><strong>addiderunt</strong></span> 
     </span>
     <span class='ocr_line' id='line_1_34' title="bbox 128 3242 1083 3313; baseline 0.002 -18"><span class='ocrx_word' id='word_1_253' title='bbox 128 3243 170 3296; x_wconf 89' lang='lat' dir='ltr'><strong>ed.</strong></span> <span class='ocrx_word' id='word_1_254' title='bbox 180 3242 246 3309; x_wconf 74' lang='lat' dir='ltr'><strong>Erf,</strong></span> <span class='ocrx_word' id='word_1_255' title='bbox 256 3242 315 3296; x_wconf 86' lang='lat' dir='ltr'><strong>Pal.</strong></span> <span class='ocrx_word' id='word_1_256' title='bbox 327 3249 351 3311; x_wconf 83' lang='lat'><strong>6,</strong></span> <span class='ocrx_word' id='word_1_257' title='bbox 365 3242 497 3311; x_wconf 89' lang='lat' dir='ltr'><strong>Hittorp.,</strong></span> <span class='ocrx_word' id='word_1_258' title='bbox 513 3243 570 3310; x_wconf 83' lang='lat' dir='ltr'><strong>alii,</strong></span> <span class='ocrx_word' id='word_1_259' title='bbox 585 3244 630 3298; x_wconf 86' lang='lat' dir='ltr'><strong>vel</strong></span> <span class='ocrx_word' id='word_1_260' title='bbox 644 3260 754 3313; x_wconf 78' lang='lat' dir='ltr'><strong>eumque</strong></span> <span class='ocrx_word' id='word_1_261' title='bbox 768 3247 876 3312; x_wconf 62' lang='lat' dir='ltr'><strong>essem?</strong></span> <span class='ocrx_word' id='word_1_262' title='bbox 900 3245 944 3297; x_wconf 90' lang='lat' dir='ltr'><strong>An</strong></span> <span class='ocrx_word' id='word_1_263' title='bbox 958 3244 985 3297; x_wconf 88' lang='lat' dir='ltr'><strong>d.</strong></span> <span class='ocrx_word' id='word_1_264' title='bbox 1000 3259 1023 3297; x_wconf 87' lang='lat' dir='ltr'><strong>e.</strong></span> <span class='ocrx_word' id='word_1_265' title='bbox 1033 3247 1049 3280; x_wconf 85' lang='grc'>*</span> <span class='ocrx_word' id='word_1_266' title='bbox 1059 3245 1083 3309; x_wconf 83' lang='lat'><strong>*,</strong></span> 
     </span>
     <span class='ocr_line' id='line_1_35' title="bbox 127 3312 1083 3382; baseline 0.003 -18"><span class='ocrx_word' id='word_1_267' title='bbox 127 3318 171 3377; x_wconf 84' lang='lat' dir='ltr'><strong>ut,</strong></span> <span class='ocrx_word' id='word_1_268' title='bbox 193 3315 227 3366; x_wconf 90' lang='lat' dir='ltr'><strong>ut</strong></span> <span class='ocrx_word' id='word_1_269' title='bbox 243 3312 329 3368; x_wconf 82' lang='lat' dir='ltr'><strong>fuerit</strong></span> <span class='ocrx_word' id='word_1_270' title='bbox 351 3314 377 3368; x_wconf 79' lang='lat' dir='ltr'><strong>(t.</strong></span> <span class='ocrx_word' id='word_1_271' title='bbox 396 3314 601 3382; x_wconf 77' lang='lat' dir='ltr'><strong>cohortatusque</strong></span> <span class='ocrx_word' id='word_1_272' title='bbox 623 3330 683 3369; x_wconf 75' lang='lat' dir='ltr'><strong>eran</strong></span> <span class='ocrx_word' id='word_1_273' title='bbox 705 3329 797 3381; x_wconf 80' lang='lat' dir='ltr'><strong>essee,</strong></span> <span class='ocrx_word' id='word_1_274' title='bbox 820 3319 852 3368; x_wconf 85' lang='lat' dir='ltr'><strong>ut</strong></span> <span class='ocrx_word' id='word_1_275' title='bbox 875 3314 922 3380; x_wconf 90' lang='lat' dir='ltr'><strong>(W</strong></span> <span class='ocrx_word' id='word_1_276' title='bbox 925 3316 960 3382; x_wconf 64' lang='lat' dir='ltr'><strong>l?</strong></span> <span class='ocrx_word' id='word_1_277' title='bbox 1000 3315 1041 3380; x_wconf 77' lang='lat' dir='ltr'><strong>d,</strong></span> <span class='ocrx_word' id='word_1_278' title='bbox 1061 3331 1083 3368; x_wconf 86' lang='lat' dir='ltr'><strong>e.</strong></span> 
     </span>
     <span class='ocr_line' id='line_1_36' title="bbox 126 3384 1084 3454; baseline 0.002 -18"><span class='ocrx_word' id='word_1_279' title='bbox 126 3398 196 3448; x_wconf 79' lang='lat' dir='ltr'><strong>suro,</strong></span> <span class='ocrx_word' id='word_1_280' title='bbox 213 3388 245 3436; x_wconf 82' lang='lat' dir='ltr'><strong>ut</strong></span> <span class='ocrx_word' id='word_1_281' title='bbox 262 3384 293 3437; x_wconf 91' lang='lat' dir='ltr'><strong>B.</strong></span> <span class='ocrx_word' id='word_1_282' title='bbox 335 3390 359 3438; x_wconf 83' lang='lat'><strong>6.</strong></span> <span class='ocrx_word' id='word_1_283' title='bbox 387 3385 475 3438; x_wconf 80' lang='lat' dir='ltr'><strong>dicere</strong></span> <span class='ocrx_word' id='word_1_284' title='bbox 494 3414 527 3423; x_wconf 93' lang='lat'><strong>-—</strong></span> <span class='ocrx_word' id='word_1_285' title='bbox 547 3399 579 3438; x_wconf 86' lang='lat' dir='ltr'><strong>ea</strong></span> <span class='ocrx_word' id='word_1_286' title='bbox 601 3400 671 3454; x_wconf 76' lang='lat' dir='ltr'><strong>quae</strong></span> <span class='ocrx_word' id='word_1_287' title='bbox 695 3401 735 3440; x_wconf 83' lang='lat' dir='ltr'><strong>me</strong></span> <span class='ocrx_word' id='word_1_288' title='bbox 757 3385 907 3454; x_wconf 67' lang='lat' dir='ltr'><strong>quoquere</strong></span> <span class='ocrx_word' id='word_1_289' title='bbox 929 3385 993 3438; x_wconf 79' lang='lat' dir='ltr'><strong>aad.</strong></span> <span class='ocrx_word' id='word_1_290' title='bbox 1013 3386 1084 3439; x_wconf 84' lang='lat' dir='ltr'><strong>diee-</strong></span> 
     </span>
     <span class='ocr_line' id='line_1_37' title="bbox 127 3452 1085 3526; baseline 0.005 -21"><span class='ocrx_word' id='word_1_291' title='bbox 127 3452 175 3506; x_wconf 79' lang='lat' dir='ltr'><strong>bat</strong></span> <span class='ocrx_word' id='word_1_292' title='bbox 193 3473 240 3505; x_wconf 92' lang='lat'><strong>—:</strong></span> <span class='ocrx_word' id='word_1_293' title='bbox 258 3469 285 3508; x_wconf 81' lang='lat' dir='ltr'><strong>se</strong></span> <span class='ocrx_word' id='word_1_294' title='bbox 304 3454 378 3521; x_wconf 85' lang='lat' dir='ltr'>(W.).</span> <span class='ocrx_word' id='word_1_295' title='bbox 414 3454 721 3524; x_wconf 61' lang='lat' dir='ltr'><strong>aelemosinam</strong></span> <span class='ocrx_word' id='word_1_296' title='bbox 761 3456 1085 3526; x_wconf 60' lang='lat' dir='ltr'><strong>dementiaeque</strong></span> 
     </span>
     <span class='ocr_line' id='line_1_38' title="bbox 123 3524 706 3594; baseline 0.01 -21"><span class='ocrx_word' id='word_1_297' title='bbox 123 3538 177 3593; x_wconf 69' lang='lat' dir='ltr'><strong>pac</strong></span> <span class='ocrx_word' id='word_1_298' title='bbox 194 3539 219 3577; x_wconf 87' lang='lat' dir='ltr'><strong>e.</strong></span> <span class='ocrx_word' id='word_1_299' title='bbox 238 3524 275 3589; x_wconf 80' lang='lat' dir='ltr'><strong>d,</strong></span> <span class='ocrx_word' id='word_1_300' title='bbox 292 3539 319 3578; x_wconf 88' lang='lat' dir='ltr'><strong>se</strong></span> <span class='ocrx_word' id='word_1_301' title='bbox 337 3524 398 3578; x_wconf 88' lang='lat' dir='ltr'><strong>edd.</strong></span> <span class='ocrx_word' id='word_1_302' title='bbox 418 3525 494 3594; x_wconf 83' lang='lat' dir='ltr'><strong>vett,</strong></span> <span class='ocrx_word' id='word_1_303' title='bbox 513 3524 558 3581; x_wconf 89' lang='lat' dir='ltr'><strong>W.</strong></span> <span class='ocrx_word' id='word_1_304' title='bbox 578 3525 656 3594; x_wconf 81' lang='lat' dir='ltr'><strong>olim,</strong></span> <span class='ocrx_word' id='word_1_305' title='bbox 673 3524 706 3579; x_wconf 89' lang='grc' dir='ltr'><strong>Β.</strong></span> 
     </span>
    </p>
   </div>
   <div class='ocr_carea' id='block_1_4' title="bbox 0 0 1191 3878">
    <p class='ocr_par' dir='ltr' id='par_1_4' title="bbox 0 0 1191 3878">
     <span class='ocr_line' id='line_1_39' title="bbox 0 0 1191 3878; baseline 0 0"><span class='ocrx_word' id='word_1_306' title='bbox 0 0 1191 3878; x_wconf 95' lang='lat' dir='ltr'><strong> </strong></span> 
     </span>
    </p>
   </div>
   <div class='ocr_carea' id='block_1_5' title="bbox 187 3800 212 3830">
    <p class='ocr_par' dir='ltr' id='par_1_5' title="bbox 187 3800 212 3830">
     <span class='ocr_line' id='line_1_40' title="bbox 187 3800 212 3830; baseline 0 0"><span class='ocrx_word' id='word_1_307' title='bbox 187 3800 212 3830; x_wconf 73' lang='grc' dir='ltr'><strong><em>Δ</em></strong></span> 
     </span>
    </p>
   </div>
  </div>
 </body>
</html>
