2370 3878
335 210 592 266 EPISTOLARUM
610 211 684 265 XIII.
704 218 815 268 32-36.
985 214 1050 275 451

95 355 298 439 cognovique
326 354 461 439 dignum
493 359 526 419 et
552 358 643 439 patre
675 359 708 420 et
739 378 799 421 avo
823 393 864 402 —
889 360 938 421 est
967 358 1052 421 enim

95 442 298 508 nobilissima
320 442 444 507 familia
467 467 523 506 —:
554 448 748 528 quapropter
776 445 964 509 commendo
992 446 1053 509 tibi

95 530 251 595 maiorem
274 531 309 594 in
331 531 462 595 modum
480 553 548 594 rem
568 532 761 615 domumque
780 533 847 597 eius
870 554 1052 618 magnoque

97 639 194 702 opere
217 617 275 682 abs
294 621 326 683 te
340 622 425 702 peto,
444 640 543 702 eures,
565 623 603 683 ut
620 620 649 683 is
666 621 827 705 intelligat
844 642 950 684 meam
969 642 1053 686 eom·

96 706 338 770 mandationem
360 707 499 772 maximo
524 707 585 771 sibi
608 708 694 792 apud
711 712 743 772 te
762 713 795 772 et
813 709 997 774 adiumento
1021 712 1054 773 et

98 797 289 860 ornamento
310 794 418 858 fuisse.

506 988 642 1053 XXXV.

379 1099 436 1154 Ser.
455 1095 560 1154 Romae
579 1116 603 1153 a.
623 1117 649 1152 u.
669 1116 692 1154 o.
713 1105 771 1154 708.

273 1221 400 1277 CICERO
420 1222 539 1276 ACILIO
558 1221 787 1278 PROCONSULI
806 1223 881 1278 SAL.

168 1319 202 1386 C.
216 1321 372 1385 Avianius
386 1320 582 1387 Philoxenus
596 1323 748 1406 antiquus
767 1327 816 1387 est
833 1324 950 1409 hospes
965 1346 1054 1389 meus
1075 1333 1088 1381 1

101 1414 134 1474 et
156 1415 283 1493 praeter
310 1410 487 1493 hospitium
513 1411 605 1474 valde
629 1411 725 1475 etiam
752 1411 933 1493 familiaria,
960 1435 1055 1496 quem

101 1496 220 1562 Caesar
242 1520 313 1562 meo
333 1498 487 1561 beneficio
505 1499 541 1562 in
558 1498 590 1563 N
592 1521 820 1564 ovooomenses
838 1502 975 1584 rettuIIt3
998 1522 1055 1566 no-

102 1607 176 1650 men
200 1588 308 1650 autem
326 1585 456 1649 Avianii
480 1591 607 1651 secutus
628 1591 686 1671 est,
709 1589 794 1671 quod
812 1589 942 1653 homine
965 1591 1055 1654 nullo

101 1674 175 1758 plus
198 1676 248 1738 est
270 1695 347 1738 usus
370 1696 467 1757 quam
489 1674 604 1740 Flacco
627 1674 780 1759 Avianio,
802 1698 883 1761 meo,
906 1678 1055 1760 quemad-

103 1762 233 1827 modum
259 1766 292 1827 te
320 1763 399 1826 scire
423 1763 574 1845 arbitror,
602 1762 866 1828 familiarissimo:
891 1786 971 1847 quae
995 1785 1055 1849 ego

102 1850 212 1915 omnia
238 1851 367 1935 collegi,
398 1854 435 1912 ut
463 1850 659 1934 intelligeres
691 1872 759 1915 non
789 1852 956 1936 vulgarem
988 1873 1056 1915 esse

103 1938 413 2003 commendationem
436 1937 521 2002 hanc
543 1959 657 2001 meam.
701 1936 781 2002 Peto
808 1939 908 2023 igitur
935 1939 992 2001 abs
1015 1942 1056 2021 te,
1075 1954 1090 2000 2

101 2029 140 2090 ut
167 2026 316 2092 omnibus
343 2021 453 2108 r'ebuS,
486 2025 571 2109 quod
599 2025 667 2089 sine
694 2025 842 2090 molestia
869 2029 926 2089 tua
951 2027 1056 2090 faeere

102 2114 221 2198 poesia,
251 2115 280 2178 ei
303 2114 485 2178 commodes
508 2113 694 2197 habeasque
713 2114 748 2177 in
771 2136 904 2178 numero
927 2118 1057 2180 tuorum

102 2202 325 2286 perficiasque,
352 2205 389 2266 ut
411 2202 573 2286 intelligat
594 2202 654 2265 has
677 2202 800 2266 litteras
828 2223 914 2267 meas
937 2223 1056 2287 magno

104 2290 166 2354 sibi
192 2291 265 2354 usui
291 2290 403 2355 fuisse:
432 2291 493 2354 erit
519 2290 551 2352 id
579 2290 658 2353 mihi
685 2290 838 2354 maiorem
865 2291 900 2354 in
926 2291 1057 2356 modum

104 2381 241 2463 gratum.

505 2571 657 2637 XXXVI.

387 2683 443 2738 Sor.
463 2685 567 2738 Romae
587 2701 611 2739 a.
631 2704 657 2738 u.
677 2701 699 2739 o.
721 2689 780 2739 708.

236 2806 384 2861 CICERO
402 2807 546 2861 ACILIO
566 2805 826 2861 PROCONSULI
842 2804 925 2860 SAL.

171 2905 252 2972 Cum
275 2906 440 2971 Demetrio
462 2905 559 2990 Mega
586 2905 665 2969 mihi
691 2909 854 2970 vetustum
881 2905 1057 2989 hospitium
1077 2920 1091 2967 1

105 2998 167 3077 est,
198 2995 400 3059 familiarItas
433 2997 541 3058 autem
567 2992 673 3077 tarita,
700 2997 822 3077 quanta
850 3015 923 3057 oum
951 2991 1058 3057 Siculo

104 3083 203 3146 nullo,
247 3082 288 3147 Ei
311 3082 481 3147 Dolabella
508 3085 625 3166 rogatu
652 3103 723 3146 meo
754 3083 916 3146 civitatem
939 3103 958 3144 a
981 3077 1057 3143 Cae-

104 3191 175 3235 sare
193 3171 387 3254 impetravit,
409 3192 473 3253 qua
491 3170 525 3232 in
543 3191 577 3233 re
597 3192 656 3256 ego
675 3170 821 3254 interfui;
842 3170 951 3251 itaque
972 3188 1058 3231 nuno

104 3257 139 3322 P.
154 3255 320 3323 Cornelius
334 3262 479 3341 vocatur3
500 3280 661 3343 quumque
676 3262 809 3342 propter
822 3255 977 3340 quosdam
993 3276 1058 3319 sor-

177 3465 228 3534 Ep.
248 3471 289 3519 34.
327 3481 378 3520 aoo
396 3494 429 3506 -·
449 3471 487 3521 est
505 3508 528 3519 ..
548 3467 659 3533 fomilm
676 3485 724 3518 -.·
743 3481 767 3536 q.
787 3465 861 3533 (W).
898 3478 965 3530 eom
982 3467 1021 3517 est
1038 3502 1065 3516 ..

103 3536 123 3604 f.
154 3535 185 3604 Q.
204 3535 297 3604 vulgo,

808 3632 868 3687 ab*
921 3648 926 3657 ·
