2370 3878
140 148 206 212 500
422 148 459 201 n.
479 148 601 203 TULLII
621 147 811 203 CICERONIS

140 297 264 357 mature
288 293 322 356 in
344 293 403 356 lias
427 293 607 375 provincias
635 293 799 375 miseritiS‚
829 316 1000 360 summum
1025 300 1108 382 peri·

141 382 248 445 culum
267 381 317 463 sit,
340 401 380 443 ne
400 381 595 445 amittendae
615 381 680 444 sint
698 403 810 445 omnes
828 404 884 446 eae
904 385 1108 470 provinciae,

141 469 257 553 quibus
272 468 442 552 vectigalia
456 469 567 552 populi
581 469 720 534 Romani
735 470 953 537 continentur.
986 472 1106 548 Quam-

142 559 251 621 obrem
275 559 382 619 autem
410 558 444 619 in
472 557 534 620 hoc
561 557 750 640 provinciali
779 558 904 624 delectu
929 581 1026 643 spem
1049 562 1107 626 ha-

141 645 244 709 beatis
268 644 422 729 aliquam,
450 667 546 708 causa
568 646 659 708 nulla
681 649 742 709 est:
772 667 874 729 neque
903 648 1003 712 multi
1028 656 1107 714 sunt

141 737 174 797 et
196 732 377 816 diffugiunt,
400 733 454 815 qui
478 737 561 815 sunt,
584 735 672 797 metu
691 733 800 798 oblato
820 736 861 817 et,
883 735 972 818 quod
997 758 1104 821 genus

140 822 202 885 hoc
225 821 362 883 militum
386 821 440 905 sit,
466 820 619 885 iudicavit
640 822 689 884 vir
711 821 905 887 fortissimus
929 822 975 886 M.
1000 823 1104 891 Bibu-

141 911 190 973 lus
205 909 239 972 in
253 908 342 992 Asia,
355 909 419 992 qui,
439 931 537 992 quum
556 930 614 973 vos
633 909 662 972 ci
680 909 914 993 permisissetis,
937 911 1103 978 delectum

140 998 258 1061 habere
294 997 441 1062 noluerit.
495 995 581 1060 Nam
618 998 777 1061 sociorum
814 998 932 1063 auxilia
963 1005 1104 1085 propter

141 1085 348 1150 acerbitatem
380 1089 476 1169 atque
503 1085 637 1150 iniurias
668 1085 793 1169 imperii
824 1087 928 1151 nostri
960 1092 1021 1152 aut
1053 1090 1102 1153 ita

140 1175 301 1238 imbecilla
324 1179 408 1256 sunt,
430 1176 467 1238 ut
489 1194 556 1238 non
579 1174 716 1238 multum
744 1195 803 1238 nos
826 1174 935 1238 iurare
959 1176 1101 1261 possint,

141 1267 197 1327 aut
228 1263 275 1326 ita
307 1262 447 1325 alienata
469 1283 488 1324 a
510 1262 618 1344 nobis,
645 1264 682 1324 ut
709 1283 811 1344 neque
842 1265 1101 1345 exspectandum

141 1352 182 1414 ab
205 1351 243 1413 iis
267 1371 370 1433 neque
398 1350 662 1413 committendum
688 1349 728 1413 iis
755 1349 929 1432 quidquam
957 1373 1030 1414 esse
1054 1355 1101 1416 vi-

107 1438 262 1501 odeatur.
307 1437 406 1521 Regis
438 1436 584 1501 Deiotari
615 1441 648 1501 et
678 1438 879 1501 voluntatem
911 1440 944 1501 ct
975 1441 1100 1522 copias,

141 1528 416 1608 quantaecumque
435 1528 519 1608 sunt,
536 1528 665 1588 nostras
684 1547 752 1589 esse
772 1525 867 1607 duco;
889 1523 1100 1609 Cappadocia

141 1617 190 1677 est
216 1613 335 1694 inanis3
366 1612 480 1694 reliqui
507 1633 599 1696 reges
626 1613 818 1696 tyrannique
846 1634 950 1696 neque
978 1617 1099 1698 opibus

141 1702 219 1765 satis
241 1700 325 1764 firmi
352 1721 412 1764 nec
438 1701 604 1765 voluntate
632 1705 716 1766 sunt.
761 1700 843 1764 Mihi
870 1701 905 1764 in
932 1702 995 1765 hac
1019 1726 1122 1788 pau,

141 1791 237 1855 nitate
265 1789 403 1854 militum
433 1789 558 1853 animus
581 1792 666 1852 certe
695 1811 763 1854 non
790 1788 904 1871 deerit,
936 1810 1097 1873 sperone

141 1879 309 1945 consilium
333 1878 468 1962 quidem.
505 1877 587 1953 Quid
607 1898 753 1941 casurum
777 1876 827 1960 sit,
850 1877 1009 1941 incertum
1033 1882 1097 1943 est:

99 1966 110 2036 t
141 1969 265 2032 utinam
289 1962 386 2057 satuti
409 1970 538 2031 nostrae
557 1966 722 2029 consulere
740 1964 913 2048 possimus!
942 1965 1097 2050 dignitati

141 2060 225 2120 certe
248 2056 459 2120 consulemus.

593 2244 636 2311 11.

168 2368 225 2422 Scr.
240 2367 269 2420 in
288 2366 387 2421 itinere
406 2384 439 2420 ex
459 2368 557 2422 castris
576 2367 612 2420 ad
630 2365 760 2434 Cybistra
777 2365 807 2420 in
824 2364 951 2420 Ciliciam
971 2382 1068 2421 mense

323 2437 481 2506 Septembri
499 2438 555 2504 (XI.
576 2437 608 2489 K.
628 2436 699 2505 Oct.)
719 2452 744 2489 a.
763 2454 789 2490 u.
809 2452 833 2489 o.
853 2442 912 2490 703.

141 2580 178 2634 M.
198 2578 353 2634 TULLIUS
371 2577 408 2631 M.
427 2576 457 2629 F.
473 2575 599 2629 CICERO
613 2575 759 2630 Paucos.
779 2575 806 2630 S.
825 2576 860 2630 D.
878 2575 950 2631 COS.
967 2576 1022 2631 Pa.
1040 2578 1095 2631 TR.

498 2646 552 2698 PL.
572 2644 737 2698 SENATUI.

108 2770 123 2820 1
211 2756 241 2822 S.
264 2780 293 2821 v.
312 2779 340 2820 v.
359 2756 384 2821 b.
404 2777 429 2819 e.
448 2776 473 2818 e.
493 2777 522 2838 q.
541 2777 569 2818 v.
606 2752 712 2828 Quum
735 2776 781 2838 pr.
804 2753 843 2818 K.
867 2752 951 2819 Sext.
975 2755 1010 2818 in
1024 2777 1096 2839 pro-

143 2845 282 2924 yinciarn
304 2844 462 2908 venissem
485 2863 588 2926 neque
611 2842 768 2907 maturius
790 2845 922 2926 propter
944 2843 1096 2907 itinerum

144 2939 177 2998 et
194 2933 439 3017 navigationum
457 2931 679 2995 difficultatem
697 2931 806 2994 venire
826 2931 1012 3014 potuissem,
1030 2954 1097 2995 ma·

144 3024 227 3088 xime
251 3021 421 3086 convenire
444 3020 551 3084 officio
579 3039 650 3082 meo
673 3019 781 3101 reique
809 3019 955 3102 publicae
979 3019 1098 3084 condu-

145 3133 215 3175 cere
238 3109 349 3194 putavi
371 3129 484 3192 parare
508 3130 559 3190 ea,
586 3128 667 3189 quae
690 3106 731 3170 ad
759 3107 931 3171 exercitum
954 3128 1097 3191 quaeque

145 3200 186 3263 ad
217 3221 285 3263 rem
312 3197 483 3262 militarem
510 3195 721 3279 pertinerent3
753 3216 834 3279 quae
864 3216 963 3280 quum
990 3198 1099 3261 essent

145 3310 165 3350 a
192 3308 242 3350 me
271 3308 348 3350 eura
373 3284 477 3368 magis
505 3287 537 3347 et
564 3283 732 3368 diligentia
760 3304 856 3366 quam
883 3283 1039 3347 facultate
1067 3286 1100 3348 et

146 3376 238 3458 copia
270 3374 446 3439 constituta
478 3370 646 3454 nuntiique
679 3375 711 3435 ct
737 3370 862 3435 litterae
895 3371 934 3434 de
965 3372 1051 3436 bello
1080 3394 1099 3435 a

145 3462 273 3526 Parthis
300 3463 335 3526 in
361 3460 560 3547 provinciam
588 3456 713 3542 Syriam
743 3458 834 3523 illato
862 3458 1004 3542 quotidie
1031 3459 1100 3524 ieie

18 3728 35 3805 ζ.
147 3750 206 3814 A
