2370 3878
314 126 575 221 uelsromeun
592 162 652 219 ΧΠ.
672 169 750 219 c-u
946 163 1011 229 383

52 315 88 375 ei
109 313 229 394 reorum
256 308 322 377 Ser.
346 307 490 394 Sulpicii·
507 311 609 373 morte
637 329 793 393 magnum
816 309 1046 392 praesidiume

55 399 238 482 amisimus,
264 399 380 483 reliqui
411 398 530 482 periim
556 398 690 480 inertes,
717 395 836 480 pariim
858 396 1011 481 improbi,

54 487 204 554 nonnulli
225 487 373 553 invident
394 508 505 552 eorum
527 485 629 567 laudi,
655 507 736 569 quos
762 485 799 548 in
824 506 859 549 re
882 485 1012 568 publica

54 575 186 660 probari
207 575 331 659 vident,
358 575 472 659 populi
498 595 574 638 vero
597 573 738 639 Romani
759 573 924 656 totiusque
946 572 1011 636 Ica-

54 664 117 730 Iiee
139 663 221 730 mire
244 663 415 729 consensio
434 667 492 727 est.
527 661 617 726 Haec
635 665 730 727 erant
750 661 827 746 iere,
849 682 931 745 quae
951 661 1012 725 tibi

32 756 135 827 noio
165 773 235 817 esse
267 752 396 833 veilem3
427 771 514 815 nunc
546 753 655 814 antem
686 753 779 834 opio,
809 753 847 815 ut
873 748 913 813 ab
940 749 1012 813 iniis

55 839 197 907 Orientis
219 840 366 923 pertibus
385 839 514 904 virtutis
531 842 607 903 tuae
625 838 736 903 lumen
753 838 885 903 eluceat.
921 837 1012 902 Vale.

502 1032 560 1097 VI.

57 1144 113 1198 Sor.
128 1145 235 1200 Romae
249 1162 343 1200 mense
358 1145 450 1214 Aprili
464 1146 540 1219 (ante
554 1143 627 1198 XVI.
643 1143 704 1196 Knl.
719 1143 819 1214 Maias)
834 1159 858 1197 e.
873 1161 899 1197 u.
915 1159 937 1197 c.
953 1148 1008 1197 711.

354 1266 482 1323 CICERO
502 1266 626 1323 CASSIO
646 1265 721 1321 SAL.

125 1366 188 1442 Qui
210 1372 316 1435 status
338 1389 446 1435 rerum
462 1367 562 1433 fuerit
583 1371 662 1449 ium,
685 1388 783 1450 quum
806 1366 866 1430 has
889 1365 1013 1430 litteras
1033 1381 1047 1428 1

58 1454 244 1538 dediscite
267 1454 389 1540 poteris
411 1477 450 1521 ex
472 1453 506 1521 C.
530 1455 613 1520 Titio
637 1454 811 1538 Strabone,
833 1455 902 1519 viro
926 1455 1012 1520 bono

57 1547 91 1607 et
114 1544 235 1627 optime
258 1545 297 1609 de
319 1544 500 1628 republica
518 1545 690 1626 sentiente3
713 1566 789 1608 nam
813 1544 889 1628 quid
909 1542 1013 1608 dicam

55 1632 281 1716 „cupidissImo
305 1631 379 1715 IuI‘,
406 1633 460 1716 qui
488 1633 583 1698 domo
607 1637 640 1698 et
662 1633 802 1697 fortunis
829 1632 949 1697 relictis
972 1631 1013 1695 ad

56 1723 89 1783 ie
120 1720 328 1804 potissimum¹
353 1722 518 1805 profectus
550 1721 613 1785 sic?
645 1722 753 1805 ideque
782 1743 855 1785 eum
883 1721 943 1784 tibi
971 1741 1013 1783 ne

58 1810 246 1875 commendo
266 1809 409 1893 quidem,
430 1809 588 1875 adventus
611 1810 713 1893 ipsius
732 1809 773 1872 ad
791 1812 823 1872 ie
846 1809 925 1873 satis
940 1830 1012 1871 eum

58 1897 304 1964 commendabit.
350 1897 399 1962 Tu
423 1898 519 1962 velim
542 1898 588 1960 sic
613 1897 774 1961 existimes
797 1897 920 1980 tibique
943 1911 1049 1979 per-e

59 1984 207 2070 suadeas,
237 2006 331 2051 omne
354 1986 539 2070 perfugium
561 1986 721 2050 bonorum
743 1985 779 2049 in
801 1988 833 2047 te
856 1989 890 2047 et
911 1982 1013 2047 Bruto

58 2094 127 2137 esse
149 2075 301 2158 positum,
324 2074 360 2158 si,
383 2074 469 2158 quod
492 2074 602 2158 nolim,
624 2073 750 2137 adversi
769 2072 845 2155 quid
864 2072 1014 2138 evenerit.

56 2160 136 2246 Res,
159 2184 257 2245 quum
284 2162 364 2226 haec
387 2162 579 2245 scribebam,
606 2166 676 2226 erat
702 2162 737 2225 in
760 2163 937 2226 extremum
960 2161 1013 2225 ad-

58 2248 155 2313 ducta
186 2250 370 2334 discrimem
406 2249 527 2314 Brutus
563 2250 650 2314 enim
680 2249 826 2314 Mutinae
862 2250 915 2315 vix
948 2250 1013 2314 iam

58 2338 251 2403 sustinebat:
275 2339 329 2423 qui
353 2339 380 2403 si
404 2342 611 2404 conservatus
635 2339 704 2423 erit,
726 2338 873 2422 vicimus,
897 2340 947 2404 sin
970 2375 1012 2385 -

57 2425 144 2508 quod
167 2426 200 2490 di
224 2448 318 2491 omen
342 2429 501 2492 avertant!
525 2464 582 2512 —,
605 2427 710 2492 omnis
733 2428 878 2492 omnium
901 2449 1013 2492 cursus

57 2518 108 2577 est
131 2513 171 2577 ad
199 2536 265 2578 vos.
309 2514 448 2580 Proinde
474 2516 528 2581 fec
559 2515 702 2581 animum
733 2519 862 2580 tantum
892 2516 1013 2579 habeas

56 2604 249 2686 tantumque
274 2607 478 2689 apparatum,
501 2608 622 2688 quanto
647 2627 728 2689 opus
751 2607 801 2668 est
824 2604 864 2667 ad
888 2604 1013 2666 univer-

58 2711 127 2754 sam
150 2712 218 2755 rem
240 2692 404 2775 publicam
427 2693 687 2777 recuperandam.
732 2691 823 2759 Vale.

496 2886 569 2951 VH.

151 2995 208 3050 Ser.
228 2996 333 3051 Romae
352 2999 469 3052 exeunte
488 3013 583 3052 mense
601 2997 703 3052 Martio
722 3013 747 3051 u.
766 3016 792 3052 u.
811 3015 834 3052 c.
856 3005 914 3052 711.

350 3119 479 3176 CICERO
498 3120 621 3176 CASSIO
640 3121 716 3176 SAL.

124 3217 253 3295 Quanto
277 3219 383 3286 studio
407 3219 599 3305 digniorem
620 3225 712 3286 tuam
735 3225 768 3285 et
789 3223 824 3287 in
843 3224 957 3285 senatu
981 3224 1014 3284 et
1034 3241 1046 3287 1

55 3308 97 3372 ad
120 3310 276 3393 populum
299 3309 510 3393 defenderim,
537 3330 576 3373 ex
597 3308 662 3374 iuis
690 3313 722 3374 te
745 3311 831 3374 melo
855 3331 952 3391 quam
975 3330 1013 3372 ex

55 3417 107 3461 me
130 3418 341 3482 cognoscere,
373 3419 454 3480 quae
482 3418 554 3462 mea
581 3398 742 3462 sententia
770 3399 806 3461 in
829 3400 944 3460 senatu
966 3397 1012 3460 fa·

55 3484 116 3550 eile
130 3486 294 3569 valuisset,
312 3485 376 3550 nisi
390 3485 498 3551 Pensa
516 3485 724 3553 vehementer
744 3484 941 3554 obs'ui’cissci.
966 3484 1032 3549 Sne
