2370 3878
364 193 623 249 Eplssomuum
644 196 678 254 v.
696 199 773 249 2-4.
987 191 1051 256 125

543 474 601 542 IV.

215 597 271 652 Scr.
290 596 460 666 Dyrrhachii
478 612 574 651 mense
592 597 723 652 Ianuario
742 613 766 651 a.
786 616 813 651 ιι.
832 613 855 651 c.
870 603 930 652 697.

261 738 298 791 Μ.
318 737 446 792 CICERO
468 737 494 792 S.
513 738 547 792 D.
567 737 599 803 Q.
617 737 789 792 METELLO
809 736 882 791 COS.

161 845 302 910 Litterae
331 845 443 921 Quinti
469 847 579 911 fratris
607 850 640 910 et
667 846 703 910 T.
731 842 915 929 Pomponii,
943 863 1085 917 neces-1

94 935 170 998 sarii
194 935 265 1016 mei,
287 937 416 997 tantum
440 935 508 1018 spei
531 934 699 1018 dederant,
726 937 763 998 ut
785 934 821 997 in
842 937 965 997 tenon
993 933 1051 996 mi·

94 1044 156 1087 nus
180 1022 291 1086 auxilii
319 1043 416 1105 quam
442 1023 557 1086 intuo
585 1023 710 1105 collega
737 1021 817 1085 mihi
840 1021 997 1086 constitut
960 1043 1052 1085 uum

94 1111 204 1174 fuerit·
178 1111 341 1194 uitaque
366 1109 406 1173 ad
428 1113 461 1173 te
484 1110 538 1174 litt
524 1114 609 1174 teras
633 1109 743 1175 statim
766 1108 852 1192 misi,
878 1130 936 1195 per
964 1130 1052 1192 quas,

95 1202 133 1262 ut
153 1199 286 1262 fortuna
309 1199 384 1281 post
369 1198 561 1281 t,etulabat
528 1197 705 1282 etgratias
727 1196 788 1260 tibi
811 1197 863 1282 egi
886 1200 919 1260 et
942 1196 980 1260 de
1003 1218 1052 1260 re·

95 1286 221 1368 liquot
223 1307 351 1368 empore
371 1286 525 1350 auxilium
542 1286 630 1370 petii.
666 1284 784 1351 Postea
801 1285 881 1348 mihi
899 1305 966 1348 non
984 1289 1053 1348 tam

95 1395 241 1437 meorum
272 1374 398 1437 litterae
431 1396 527 1457 quam
559 1395 723 1439 sermones
756 1394 880 1457 eorum,
907 1373 962 1456 qui
990 1373 1052 1436 hac

95 1462 158 1524 iter
179 1461 356 1545 faciebant,
383 1463 527 1527 animum
548 1466 642 1527 tuum
664 1463 870 1527 immutatum
892 1460 1051 1546 significa·

96 1549 186 1631 bant,
210 1571 291 1632 quae
314 1571 365 1613 res
386 1551 473 1634 fecit,
495 1555 533 1614 ut
554 1551 614 1615 tibi
636 1551 753 1615 litteris
776 1552 961 1634 obstrepere
984 1570 1051 1613 non

97 1637 255 1701 auderem.
292 1636 388 1702 Nunc
410 1638 490 1702 mihi
518 1636 656 1713 Quintus
678 1640 779 1703 frater
805 1660 895 1702 meus
923 1637 1086 1707 mitissi-2

96 1746 183 1789 mam
210 1729 300 1789 tuam
327 1727 518 1808 orationem,
548 1748 645 1809 quam
671 1727 707 1790 in
735 1730 848 1791 senatu
876 1725 1053 1807 habuisses,

97 1814 295 1897 perscripsit,
324 1836 388 1897 qua
409 1815 559 1878 inductus
583 1814 625 1878 ad
647 1817 679 1878 te
703 1815 840 1878 scribere
864 1835 935 1877 sum
957 1834 1052 1877 cona-

96 1904 150 1963 tus
183 1904 215 1964 et
242 1901 300 1965 abs
331 1906 378 1983 te,
410 1905 567 1983 quantum
597 1905 655 1966 tua
686 1901 751 1965 fert
781 1902 946 1982 voluntas,
976 1902 1052 1982 peto

98 2009 294 2071 quaesoque,
329 1992 367 2052 ut
402 1991 475 2052 tuos
512 2009 637 2052 meeum
674 2009 779 2053 serves
815 1988 924 2071 potius
956 2008 1053 2069 quam

97 2079 230 2158 propter
261 2078 468 2160 arrogantem
499 2075 720 2140 crudelitatem
753 2079 884 2140 tuorum
914 2096 966 2139 me
998 2096 1053 2158 op·

96 2183 232 2246 pugnes.
278 2162 342 2247 Tu,
368 2167 441 2226 tuas
467 2163 651 2226 inimicitias
674 2167 712 2226 ut
736 2164 784 2227 rei
810 2163 957 2248 publicae
984 2183 1053 2228 cou-

98 2251 248 2335 domrms,
280 2255 313 2315 te
344 2251 462 2334 vicisti,
494 2251 615 2316 alienas
646 2255 684 2315 ut
711 2255 824 2316 contra
850 2273 919 2316 rem
949 2252 1053 2335 publi·

98 2361 169 2403 eam
197 2339 380 2423 confirmes,
403 2339 590 2403 adduceris?
636 2337 729 2414 Quod
756 2339 784 2403 si
806 2340 886 2404 mihi
913 2343 970 2404 tua
993 2341 1053 2407 cle·

98 2429 219 2491 mentia
251 2449 346 2512 opem
372 2427 497 2511 tuleris,
527 2427 677 2492 omnibus
707 2429 743 2493 in
774 2429 870 2492 rebus
901 2449 952 2493 me
983 2428 1054 2494 fore

97 2515 133 2579 in
155 2518 212 2579 tua
233 2519 394 2600 potestate
417 2515 477 2580 tibi
499 2515 668 2599 confirmo,
695 2515 723 2582 si
750 2516 830 2581 mihi
857 2538 962 2600 neque
988 2539 1054 2580 ma·

98 2603 163 2687 gist
164 2607 253 2668 ratus
285 2626 389 2688 neque
413 2607 561 2667 senatum
587 2625 692 2688 neque
719 2606 876 2689 populum
909 2605 1055 2668 auxiliari

97 2695 230 2774 propter
261 2713 333 2757 eam
364 2692 439 2776 vim,
462 2713 543 2775 quae
572 2714 624 2756 me
656 2714 729 2757 oum
755 2714 790 2756 re
817 2692 947 2777 publica
969 2693 1054 2776 vicit,

98 2778 236 2864 licuerit,
260 2780 345 2863 vide,
368 2801 418 2862 ne,
441 2801 539 2863 quum
561 2781 641 2845 velis
664 2801 813 2846 revocure
835 2785 964 2865 tempus
988 2803 1054 2845 om-

98 2866 189 2929 nium
216 2867 459 2950 servandorum,
486 2888 598 2953 quum,
625 2869 681 2953 qui
710 2872 866 2953 servetur,
895 2891 963 2935 non
986 2869 1055 2954 erit,

99 2973 166 3016 non
188 2955 302 3036 possis

102 3209 222 3350 ,1²1ng
241 3216 310 3278 Η
352 3216 402 3267 tuo
423 3212 491 3280 feret
519 3214 667 3284 (W.-)?
695 3218 721 3271 ιι·
741 3218 809 3274 milri
836 3217 906 3287 (Μ).
956 3217 1002 3271 siu
1018 3232 1054 3271 m.
