2370 3878
92 210 142 265 DE
157 206 355 264 ΡΕΤΙΤΙΟΝΕ
370 203 522 266 CONSUL.
536 203 586 260 AD
600 203 637 259 M.
652 200 828 258 FRATREM
841 206 956 256 43-48.
983 198 1047 264 659

94 355 166 419 aliis
188 358 222 418 te
243 353 340 417 rebus
363 354 565 415 exsarturum
587 370 657 413 esse
683 347 885 433 persuadeas.
930 329 1103 444 Audiviffi'

95 443 157 506 hoe
184 443 287 506 dicere
315 439 476 525 quendam
503 437 542 502 de
569 437 759 519 quibusdam
788 434 982 517 oratoribus,
1009 433 1051 498 ad

94 551 175 614 quos
203 550 332 595 causam
360 548 452 592 suam
479 524 658 607 detulisset,
689 524 864 610 gratiorem
890 521 953 586 sibi
980 542 1050 586 ora·

94 619 217 682 tionem
242 618 343 682 fuisse
365 616 444 694 cira,
472 613 528 697 qui
553 616 718 698 negasset,
744 633 841 696 quam
867 611 969 693 illius,
995 609 1052 693 qui

94 706 276 789 recepisset.
322 701 374 768 sie
401 702 549 767 homines
575 701 683 765 fronte
712 704 746 764 et
772 699 918 765 oratione
946 699 1051 784 magis

96 815 192 878 quam
215 794 285 876 ipso
309 790 463 857 beneficio
490 810 587 873 reque
615 789 795 872 capiuntur.
840 786 962 853 Verum
989 786 1052 851 hoc

95 881 263 965 probabile
285 883 348 963 est,
369 878 450 944 illud
472 879 609 942 alterum
632 876 808 941 subdurum
829 875 905 958 tibi,
926 875 1053 940 homini

95 969 278 1052 Platonico,
301 967 447 1051 suadere,
474 967 530 1030 sed
556 969 667 1031 tamen
688 963 826 1048 tempori
853 966 909 1028 tuo
937 983 1051 1029 consu·

96 1058 174 1122 lam:
201 1057 317 1140 quibus
344 1056 431 1120 enim
457 1058 490 1118 te
517 1057 649 1138 propter
676 1051 806 1135 aliquod
833 1050 975 1117 officium
996 1071 1052 1114 nc-

97 1145 300 1210 cessitudinis
332 1143 507 1208 affuturum
537 1142 680 1228 rogerie,
715 1143 826 1206 tamen
861 1139 885 1203 ii
915 1141 1054 1224 possunt

94 1234 155 1298 abs
186 1236 219 1297 te
250 1233 370 1316 placati
401 1231 557 1315 aequique
589 1229 766 1312 discedere3
797 1228 912 1312 quibus
944 1231 1053 1292 autem

96 1321 215 1385 idcirco
238 1321 377 1406 negaris,
399 1318 486 1403 quod
507 1322 540 1383 te
562 1318 751 1402 impeditum
774 1337 843 1382 esse
862 1315 978 1380 dixeris
996 1319 1054 1378 aut

98 1410 274 1473 amicorum
295 1408 464 1474 hominum
485 1406 625 1492 negotiis
649 1409 706 1471 aut
724 1404 925 1491 graviofibus
948 1403 1053 1468 causis

98 1502 155 1561 aut
187 1500 262 1561 ante
299 1496 470 1581 susceptis,
504 1495 626 1560 inimici
662 1493 843 1577 discedunt,
878 1512 1053 1576 omnesque

97 1585 160 1650 hoc
188 1586 295 1650 animo
328 1589 417 1668 sunt,
443 1587 482 1649 ut
508 1583 570 1649 sibi
596 1586 629 1647 te
656 1583 786 1648 mentiri
813 1582 929 1648 malint
955 1600 1053 1666 quam

98 1695 226 1759 negare.
271 1671 306 1738 O.
329 1671 440 1756 Cotta,
468 1672 503 1736 in
526 1671 701 1737 ambitione
724 1671 853 1754 artifex,
876 1671 980 1735 dicero
1004 1691 1053 1734 so·
1066 1677 1090 1742 ρ’

98 1762 186 1825 lebat
209 1784 242 1826 se
266 1783 398 1845 operam
421 1782 525 1843 suam,
553 1760 659 1843 quoad
685 1780 753 1824 non
776 1763 890 1822 contra
913 1757 1060 1823 officium*

98 1853 281 1933 rogaretur,
311 1849 457 1933 polliceri
489 1849 591 1912 solere
619 1847 782 1931 omuibus,
809 1846 974 1929 impertire
1005 1845 1055 1929 iis,

99 1937 187 2020 apud
215 1959 295 2021 quos
323 1937 444 2021 optime
474 1937 554 2020 poni
584 1935 808 2018 arbitraretur;
837 1934 910 2000 ideo
937 1955 972 1999 se
999 1953 1053 1997 ne·

99 2025 179 2090 mini
207 2045 341 2110 negare,
373 2025 459 2108 quod
486 2045 581 2108 saepe
609 2023 767 2088 accideret
793 2044 903 2106 causa,
934 2043 991 2088 cur
1016 2022 1062 2105 is,

99 2114 151 2177 cui
177 2114 340 2196 pollicitus
372 2116 470 2196 esset,
501 2133 569 2178 non
599 2115 757 2196 uteretur,
788 2132 896 2196 saepe,
922 2115 960 2176 ut
984 2111 1054 2194 ipse

99 2202 203 2286 magis
232 2206 316 2266 esset
346 2222 480 2284 vacuus,
508 2222 605 2285 quam
634 2203 792 2284 putasset3
824 2221 928 2283 neque
959 2219 1054 2284 posse

99 2291 168 2354 eius
191 2290 323 2354 domum
345 2289 512 2374 compleri,
539 2289 594 2374 qui
615 2292 745 2354 tantum
772 2288 867 2353 modo
890 2288 1055 2372 reciperet,

99 2381 257 2461 quantum
279 2378 402 2442 videret
420 2398 454 2443 se
473 2377 561 2443 obire
580 2399 688 2463 posse:
711 2399 787 2443 casu
803 2377 883 2460 fieri,
900 2379 938 2441 ut
955 2396 1054 2462 agan·

98 2470 152 2530 tur
175 2488 226 2550 ea,
254 2488 335 2551 quae
363 2488 431 2531 non
456 2466 594 2551 putaris,
620 2467 690 2550 illa,
717 2486 799 2550 quae
826 2465 997 2530 credideris
1018 2466 1059 2528 in

98 2555 248 2620 manibus
281 2576 364 2639 esse,
395 2558 433 2620 ut
465 2555 573 2638 aliqua
604 2553 643 2619 de
674 2575 771 2619 causa
802 2574 869 2618 non
902 2556 1055 2637 agantur3

99 2643 215 2708 deinde
239 2665 308 2708 esse
332 2647 522 2728 extremum,
543 2647 582 2708 ut
603 2643 761 2708 irascatur
781 2643 823 2725 is,
849 2641 902 2705 cui
923 2640 1054 2705 menda·

97 2732 182 2795 cium
210 2733 335 2797 dixeris.
381 2731 427 2815 Id,
450 2733 478 2796 si
498 2732 684 2815 promittas,
713 2733 747 2795 et
768 2730 926 2794 incertum
949 2732 999 2794 est
1021 2731 1095 2799 ctis

97 2820 132 2882 in
160 2820 244 2884 diem
277 2824 310 2883 et
341 2820 376 2882 in
403 2820 622 2903 paucioribus3
655 2820 707 2884 sin
739 2823 847 2883 autem
877 2838 988 2904 neges,
1020 2820 1054 2883 et

97 2910 183 2970 certe
215 2906 378 2971 abalienes
410 2910 443 2970 et
473 2908 584 2971 statim
616 2911 649 2971 et
674 2908 796 2992 plures,
826 2907 935 2992 plures
967 2907 1054 2971 anim

97 2995 199 3059 multo
223 2998 308 3078 sunt,
331 2995 386 3078 qui
408 2998 536 3080 rogant,
558 2998 595 3059 ut
613 2996 661 3059 uti
678 2996 773 3060 liceat
796 3017 894 3080 opera
912 2995 1057 3081 alterius,

98 3103 196 3165 quam
219 3083 275 3166 qui
297 3086 443 3147 utuntur.
480 3082 585 3159 Quare
609 3084 709 3148 satius
733 3087 781 3148 est
804 3107 842 3147 ex
864 3085 904 3148 iis
927 3085 1053 3168 aliquos

96 3171 270 3254 aliquando
292 3171 328 3234 in
350 3171 423 3237 foro
445 3171 506 3237 tibi
528 3172 623 3236 irasci
646 3194 742 3256 quam
763 3193 874 3238 omnes
897 3173 1053 3239 contiuuo

95 3258 199 3343 domi,
233 3260 423 3343 praesertim
460 3281 559 3343 quum
595 3262 697 3326 multo
733 3261 836 3345 magis
872 3261 1054 3325 irascantur
1095 3311 1098 3316 .

94 3346 190 3431 this,
209 3348 265 3431 qui
283 3352 413 3434 negent,
437 3369 534 3432 quam
551 3349 596 3432 hi,
615 3350 670 3434 qui
687 3348 819 3414 videant
838 3370 876 3413 ea
898 3369 1055 3414 excausa

167 3543 209 3607 12,
223 3544 265 3596 48.
302 3543 321 3607 t
338 3539 391 3608 tis,
408 3540 458 3610 qua
474 3544 580 3612 repeat,
597 3555 680 3612 quam
696 3541 740 3609 tt,
756 3542 807 3612 uui
823 3557 850 3596 s.
867 3557 902 3597 eo
917 3556 953 3596 ec
969 3554 1062 3594 causa

218 3655 222 3661 ’
797 3631 854 3685 aa*
