2370 3878
99 199 212 254 EPIST.
232 199 264 266 Q.
279 197 470 254 CICERONIS
487 196 537 253 DE
554 195 673 254 PETIT.
688 195 789 254 CONS.
805 199 858 253 eto.
879 205 955 254 1-6.
990 197 1055 263 645

100 345 192 428 quasi
214 345 249 409 in
271 343 407 431 singulis
435 344 540 408 causis
563 341 717 409 iudicium
746 342 786 408 de
808 343 898 409 omni
923 343 1055 429 ingenio

100 439 151 498 tuo
173 432 319 498 futurum
346 433 397 497 sit.
446 431 528 496 Eius
554 431 718 497 facultatis
746 431 947 517 adiumenta,
973 445 1082 516 quaes

99 521 159 585 tibi
182 522 247 587 scio
271 542 341 586 esse
365 519 521 604 seposita,
546 522 585 585 ut
611 523 725 605 parata
752 540 790 585 ao
815 523 968 605 prompta
991 521 1057 586 sint

99 630 175 674 cura
198 644 240 655 -·
264 613 297 674 et
324 626 433 692 saepe,
461 626 543 692 quac
570 607 610 672 de
636 607 865 674 Demosthenis
892 609 1000 674 studio
1024 613 1057 675 et

99 697 327 762 exercitatione
341 695 470 780 scripsit
483 695 676 781 Demetrius,
689 696 856 762 recordare
871 733 924 782 -,
941 696 1056 763 deinde

98 790 136 850 ut
167 784 343 849 amicorum
375 787 408 849 ot
438 784 611 849 multitudo
648 787 681 849 et
712 805 833 870 genera
865 790 1057 872 appareant3

97 873 199 937 habes
222 873 309 937 enim
332 894 386 956 ea,
414 894 496 956 quae
522 893 587 938 acu
611 873 704 937 multi
728 870 866 939 bases
896 875 974 940 novi
999 875 1056 942 ha·

99 962 252 1026 buerunt:
280 981 391 1026 omnes
418 960 624 1045 publicanos,
649 963 755 1026 toturn
782 961 849 1026 fere
876 967 1057 1046 equestrem

99 1047 259 1133 ordinem,
285 1050 388 1114 multa
414 1050 545 1134 propria
571 1049 761 1134 municipia,
792 1050 911 1116 multos
939 1051 997 1115 abs
1024 1056 1057 1118 ts

99 1136 248 1203 defensos
271 1136 418 1203 homines
437 1138 590 1223 cuiusque
610 1137 743 1222 ordinis,
764 1138 888 1223 aliquot
913 1139 1057 1225 collegia,

98 1229 267 1309 praeterea
293 1224 401 1292 studio
429 1226 556 1291 dicendi
582 1227 771 1292 conciliatos
797 1227 953 1311 plurimos
981 1227 1057 1294 ado·

97 1315 306 1398 lescentulos,
328 1314 551 1399 quotidianam
573 1315 749 1381 amicorum
775 1315 998 1381 assiduitatem
1025 1322 1058 1382 et

98 1402 327 1488 frequentiam:
349 1402 430 1469 haec
453 1424 530 1467 cura
552 1407 589 1469 ut
610 1407 722 1469 teneas
745 1404 1000 1470 commendando
1023 1409 1085 1473 ete

98 1489 245 1576 rogando
270 1495 303 1556 et
325 1491 414 1557 omni
440 1492 567 1557 ratione
590 1491 773 1577 efficiendo,
802 1496 840 1558 ut
861 1493 1058 1579 intelligant,

99 1579 155 1662 qui
177 1578 296 1644 debent
321 1582 380 1645 tua
406 1600 517 1664 causa,
544 1580 730 1646 referendae
758 1581 894 1666 gratiae,
924 1584 980 1666 qui
1001 1602 1057 1650 vo·

98 1666 180 1752 lunt,
201 1667 368 1753 obligandi
394 1669 444 1732 tui
465 1672 593 1753 tempus
622 1669 682 1732 sibi
706 1669 794 1734 aliud
821 1671 949 1737 nullum
976 1670 1057 1736 fore.

97 1753 209 1820 Etiam
229 1755 292 1822 hoc
315 1757 453 1821 multum
479 1757 606 1822 videtur
633 1756 784 1821 adiuvare
811 1779 906 1840 posse
935 1779 1057 1824 novum

97 1843 276 1908 hominem:
303 1843 472 1910 hominum
499 1843 658 1909 nobilium
684 1845 836 1910 voluntas
864 1848 897 1909 et
919 1846 1057 1911 maximo

98 1931 330 2014 consularium
356 1932 503 2016 prodest,
524 1953 661 2016 quorum
687 1933 723 1996 in
750 1933 857 1998 locum
886 1954 924 1998 ae
946 1954 1058 1999 nume·

97 2040 170 2083 rum
196 2019 364 2104 pervenire
390 2020 484 2104 velis,
511 2020 552 2085 ab
579 2021 619 2085 iis
646 2020 726 2105 ipsis
752 2021 808 2086 illo
836 2022 908 2086 loco
938 2043 975 2087 ac
998 2044 1057 2088 nn·

97 2128 186 2173 mero
210 2107 346 2193 dignm
367 2109 484 2195 putari.
524 2107 569 2173 Hi
589 2109 729 2195 rogandi
752 2130 863 2174 omnes
887 2114 964 2175 sunt
985 2110 1084 2176 dili-⁵

99 2198 213 2280 genter
235 2200 269 2260 et
290 2194 332 2260 ad
355 2217 411 2262 eos
434 2195 641 2282 allegandum
663 2200 714 2262 est
735 2197 1058 2283 persuadendumque

97 2284 137 2348 iis
160 2305 221 2349 nos
239 2305 366 2369 semper
386 2306 460 2350 cum
482 2283 692 2369 optimatibus
715 2285 754 2351 de
777 2307 812 2351 re
834 2286 964 2370 publica
986 2308 1057 2353 sen·

98 2372 191 2456 sisse,
213 2373 345 2438 minime
371 2373 544 2457 populares
571 2372 685 2457 fuisso,
714 2375 742 2438 si
769 2374 846 2458 quid
873 2376 974 2442 locuti
1000 2397 1057 2462 po·

96 2461 254 2544 puleriter
280 2459 459 2546 videamur,
489 2461 523 2526 id
550 2483 612 2527 nos
638 2480 676 2527 eo
704 2464 839 2529 consilio
866 2463 993 2547 fecisse,
1020 2468 1059 2530 ut

96 2548 192 2613 nobis
220 2547 279 2614 (lm
304 2548 496 2635 Pompeium
527 2549 788 2636 adiungeremus,
819 2555 858 2616 ut
883 2573 970 2635 eum,
1002 2553 1058 2636 qui

96 2637 272 2720 plurimum
294 2642 419 2725 posset,
448 2641 506 2704 eut
534 2638 673 2704 amioum
699 2640 734 2703 in
761 2642 874 2706 nostra
900 2641 1058 2725 petitione

96 2724 288 2793 haberemus
316 2731 374 2793 aut
401 2730 487 2793 corte
514 2749 582 2793 non
610 2727 836 2793 adversarium.
886 2727 1084 2794 Praetereao

97 2812 318 2879 adolescentes
336 2815 462 2880 nobiles
481 2816 612 2880 elabora
630 2818 668 2880 ut
685 2815 806 2882 habeas
825 2817 877 2882 val
895 2821 932 2882 ut
945 2820 1057 2882 teneas

98 2900 259 2967 studiosos
284 2899 367 2989 [tui],
390 2925 471 2987 quos
492 2904 606 2968 habes:
628 2904 767 2969 multum
790 2904 958 2991 dignitatis
982 2905 1056 2970 affe·

96 2992 178 3053 rent.
222 2988 383 3056 Plurimos
406 2991 519 3057 habes:
546 2991 677 3076 perfice,
699 2995 737 3058 ut
759 2993 877 3078 scient,
899 2984 1057 3077 quantum

96 3077 131 3141 in
153 3077 193 3142 iis
215 3081 310 3163 putes
329 3100 408 3145 esse.
444 3079 537 3156 Quod
556 3080 585 3145 si
603 3080 782 3166 adduxeris,
803 3085 842 3149 ut
859 3082 892 3165 ii,
915 3081 1057 3165 quinon

96 3166 223 3250 nolunt,
245 3167 387 3252 cupiant,
408 3167 584 3253 plurimum
606 3168 793 3253 proderunt.

95 3396 112 3446 3
169 3328 192 3390 1,
207 3328 232 3378 2.
268 3323 380 3394 inuecto
397 3330 445 3380 tuo
460 3324 535 3452 (lab).
572 3325 803 3453 om'iwdi'lm'
839 3331 888 3382 tuo
902 3326 1007 3428 esurii.
1023 3324 1056 3451 3

93 3400 701 3605 walqptaaiaatl
723 3400 767 3534 εἰ·
782 3402 1056 3539 stuf-ttae
