2370 3878
375 199 635 284 xrlsrcnuccn
652 201 686 255 11.
706 205 730 254 5.
750 206 774 255 o.
1014 202 1056 265 39

95 350 207 431 petere
229 346 350 428 aliquid
373 366 529 430 magnum
552 345 592 409 ab
616 367 663 427 e0,
686 345 725 409 de
749 367 812 428 quo
836 367 871 409 se
889 345 972 409 bene
993 369 1057 410 me-

80 435 196 498 ritum
218 437 319 519 putet,
342 455 383 497 ne
401 434 444 517 id,
466 433 553 516 quod
569 437 669 517 petat,
692 434 818 518 exigere
836 435 941 520 magis
960 457 1058 518 quam

94 544 212 608 rogare
241 527 274 587 11
301 524 335 587 in
362 521 518 586 mercedis
545 523 654 606 potius
687 543 784 605 quam
810 522 958 587 beneficii
984 525 1056 588 loco

95 633 268 675 numerare
294 611 453 693 videatu13
481 609 551 694 sed,
578 611 654 695 quia
681 612 738 674 tua
764 610 801 675 in
829 633 881 674 me
904 611 955 675 vel
978 615 1093 676 notas

97 700 249 765 omnibus
271 701 323 764 111
350 700 421 783 ipsa
447 699 593 763 novitate
615 719 761 763 meorum
788 703 971 782 temporum
995 701 1057 764 cla-

95 789 224 852 rissima
239 791 271 852 11
284 788 425 852 maxima
442 787 598 852 beneficia
617 788 809 852 exstiterunt
827 791 939 872 estque
958 789 1058 852 animi

97 877 241 961 ingenui,
265 877 316 940 cui
339 877 477 940 multum
500 876 631 960 debeas,
655 875 758 940 eidem
780 877 954 959 plurimum
976 878 1058 941 velle

97 965 227 1048 debere,
259 985 328 1030 non
355 963 500 1035 dubitavi
528 964 561 1029 id
589 968 667 1028 ate
700 986 757 1048 per
788 965 913 1028 litteras
940 968 1058 1048 petere,

98 1053 184 1136 quod
207 1053 288 1117 mihi
311 1053 458 1119 omnium
480 1056 565 1116 esset
587 1052 762 1115 maximum
780 1054 980 1136 maximeque
1002 1076 1058 1116 ne·

98 1142 285 1226 cessarium,
317 1161 422 1224 neque
450 1140 537 1203 enim
565 1163 636 1204 sum
663 1141 798 1223 veritus,
829 1162 871 1204 nc
901 1142 1058 1205 sustinere

96 1234 156 1294 tua
178 1232 213 1293 in
235 1251 286 1293 me
310 1231 362 1293 vel
385 1228 634 1292 innumerabilia
655 1228 812 1293 beneficia
833 1250 902 1293 non
921 1251 1059 1314 possem,

98 1340 200 1400 quum
225 1317 415 1400 praesertim
444 1316 636 1381 confiderem
667 1318 791 1381 nullam
824 1340 892 1382 esse
920 1319 1059 1403 gratiam

97 1409 239 1488 tantam,
267 1427 365 1488 quam
385 1427 453 1471 non
475 1407 526 1469 vel
549 1426 662 1489 capere
686 1405 813 1470 animus
836 1429 926 1471 meus
948 1408 985 1471 in
1007 1429 1058 1471 ac·

98 1492 248 1576 cipiendo
275 1494 327 1557 vel
352 1492 388 1557 in
413 1494 648 1559 remunerando
676 1496 840 1558 cumulare
868 1499 964 1580 atque
987 1496 1058 1559 illu-

98 1585 202 1646 strare
237 1585 356 1666 posset.
410 1581 483 1666 Ilgo
516 1583 626 1647 omnia
660 1605 733 1648 mea
773 1584 894 1668 studia,
930 1606 1059 1648 omnem
1078 1607 1094 1649 a

99 1692 244 1756 operam,
267 1693 391 1755 curam,
418 1671 624 1756 industriam,
651 1673 894 1758 cogitationem,
916 1675 1058 1736 mentem

99 1758 237 1842 denique
261 1781 390 1824 omnem
412 1759 448 1823 in
470 1759 601 1825 Milonis
625 1761 795 1825 consulatu
822 1761 878 1824 fixi
901 1765 934 1824 11
955 1761 1058 1824 locavi

100 1848 261 1931 statuique
284 1849 320 1913 in
342 1870 380 1913 eo
404 1863 455 1911 m'e
478 1870 546 1912 non
569 1848 668 1912 officii
692 1850 796 1913 solum
818 1849 973 1931 fructum,
1004 1849 1059 1912 sed

100 1936 199 1999 etiam
221 1936 352 2019 pietatis
375 1936 504 2001 laudem
527 1936 641 2000 debere
665 1957 831 2020 quaerere,
853 1958 957 2018 neque
982 1957 1058 1999 vero

101 2024 251 2107 cuiquam
283 2025 420 2088 salutem
456 2046 494 2087 ac
529 2025 678 2088 fortunas
715 2045 790 2087 suas
821 2026 932 2087 tantae
965 2045 1058 2088 curae

101 2111 202 2174 fuisse
223 2134 377 2196 umquam
398 2115 492 2196 puto,
516 2116 655 2195 quantae
678 2111 758 2175 mihi
780 2115 830 2175 est
855 2111 960 2177 honos
983 2113 1060 2195 eiua,

101 2200 137 2262 in
151 2220 214 2287 quo
229 2200 338 2264 omnia
351 2223 423 2264 mea
441 2201 546 2283 posita
565 2223 634 2265 esse
653 2200 790 2264 decrevi:
813 2200 889 2265 huic
907 2205 940 2276 te
959 2223 1060 2265 unum

101 2290 194 2351 tanto
223 2288 410 2353 adiumento
438 2310 520 2373 esse,
549 2289 576 2352 si
602 2289 754 2372 volueriS,
781 2311 876 2373 posse
903 2290 1060 2373 intelligo,

91 2375 140 2438 'ut
161 2375 243 2441 nihil
265 2377 309 2440 sit
327 2380 494 2460 praetcrea
512 2377 607 2441 nobis
627 2377 862 2461 requirendum.
893 2377 1059 2442 Habemus

102 2463 329 2528 haecomnia:
357 2465 517 2531 bonorum
545 2465 687 2530 studium
709 2466 915 2531 conciliatum
943 2489 982 2530 cx
1003 2467 1060 2530 tri·

102 2550 227 2615 bunatu
257 2557 391 2638 propter
422 2557 581 2636 nostram,
612 2558 650 2618 ut
681 2577 774 2638 spero
805 2558 839 2619 te
870 2554 1061 2639 intelligere,

103 2661 249 2723 causam,
275 2644 365 2726 vulgi
393 2665 430 2706 ac
456 2643 672 2707 multitudinis
699 2646 831 2726 propter
854 2643 1061 2726 magnificen-

103 2728 184 2791 tiam
206 2750 375 2794 munerum
397 2731 687 2814 liberalitatemque
709 2736 854 2813 naturae,
883 2731 1060 2794 iuventutis

104 2820 138 2880 et
165 2816 380 2901 gratiosorum
411 2819 446 2882 in
474 2819 635 2904 suffragiis
668 2818 774 2882 studia
800 2821 933 2902 propter
959 2818 1060 2902 ipsius

104 2905 314 2971 excellentem
338 2907 373 2970 in
402 2929 439 2972 eo
467 2928 584 2992 genere
608 2908 659 2971 vel
686 2907 825 2991 gratiam
852 2908 903 2971 111
927 2907 1061 2993 diligen·

104 2993 198 3077 tiam,
224 2996 368 3059 nostram
396 2995 673 3080 suffragationem,
703 2995 730 3058 si
752 2995 859 3059 minus
886 2999 1062 3079 potentem,

106 3084 140 3143 at
165 3082 336 3164 probatam
361 3087 471 3147 tamen
498 3087 531 3147 et
556 3085 676 3148 iustam
703 3086 736 3146 et
763 3082 903 3146 debitam
931 3086 963 3147 11
989 3104 1061 3166 pro·

105 3170 217 3250 pterea
229 3169 366 3235 fortasse
380 3172 477 3236 etiam
495 3173 684 3256 gratiosam3
708 3170 771 3235 dux
784 3170 879 3235 nobis
898 3174 932 3233 et
950 3174 1062 3235 auctor
1081 3191 1098 3236 r

104 3278 188 3339 opus
210 3262 260 3322 est
282 3262 315 3322 et
337 3280 447 3323 eorum
464 3264 644 3343 ventorum,
668 3280 748 3343 quos
768 3258 932 3343 proposui,
955 3257 1062 3322 mode-

174 3465 225 3536 Ep.
247 3473 271 3534 6,
287 3474 311 3521 2.
349 3469 564 3524 innumerabilia
582 3469 710 3537 beneficia
728 3482 785 3522 acu
810 3468 918 3537 (margo
937 3465 1067 3537 111,

104 3534 163 3590 11111.
182 3552 239 3591 aaa
256 3537 321 3591 ΜΒ.
