2370 3878
384 177 643 245 EPISTULARUM
662 178 721 232 XV.
741 184 766 231 2.
989 181 1054 244 503

94 345 157 388 suo
190 322 332 406 accipere
364 343 431 387 non
462 322 619 405 potuisse3
655 343 689 386 se
720 325 831 387 tamen
867 326 943 388 ante
974 324 1054 388 illud

94 415 225 494 tempus
249 431 409 475 1111111111
432 431 608 493 numquam
631 410 666 473 in
684 410 825 475 medium
846 415 979 495 propter
1000 434 1054 495 pe·

96 500 190 564 riculi
213 502 335 564 metum
357 499 538 582 protulisse.
579 497 667 573 Quae
690 521 789 583 quum
812 503 898 564 esset
918 501 1055 584 locutus,

98 586 211 653 monui
233 607 351 672 regem,
374 590 411 651 ut
433 608 562 651 omnem
583 586 783 672 diligentiam
806 586 847 652 ad
871 609 904 653 se
928 609 1053 653 conser-

97 675 241 739 vandum
264 675 438 758 adhiberet,
461 676 644 758 amicosque
657 676 678 753 †
691 676 727 739 in
749 676 850 758 patris
870 676 939 740 eius
958 680 1054 759 atque

97 764 216 828 iudicio
248 763 402 847 probatos
438 763 587 828 hortatus
624 785 709 846 sum,
745 764 830 848 regis
868 763 917 829 sui
953 765 1055 828 vitam

98 852 186 915 docti
209 873 285 917 casu
308 851 512 917 acerbissimo
535 851 637 936 patris
660 852 728 916 eius
747 852 836 916 omni
854 874 931 917 cura
949 856 1054 916 eusto-

100 939 215 1023 diaque
249 939 465 1004 defenderent.
519 939 625 1015 Quum
656 962 712 1004 rex
741 963 761 1003 1
792 961 843 1004 me
876 940 1089 1022 equitatum?

100 1027 311 1111 cohortesque
338 1027 377 1092 de
401 1029 541 1092 exercitu
563 1049 634 1092 meo
658 1029 849 1111 postularet,
878 1029 938 1091 etsi
961 1029 1053 1091 intel-

101 1115 242 1199 ligebam
268 1119 375 1180 vestro
404 1119 535 1180 senatus
563 1117 710 1181 consulto
738 1137 806 1179 11011
837 1116 932 1181 modo
960 1137 1054 1198 posse

99 1224 151 1266 me
174 1203 207 1266 id
229 1203 348 1286 facere,
376 1205 431 1267 sed
459 1204 556 1267 etiam
579 1204 706 1287 debere,
733 1207 856 1288 tamen,
883 1225 981 1286 quum
1003 1225 1054 1267 res

99 1290 230 1373 publica
265 1292 444 1375 postularet
478 1295 610 1375 propter
647 1292 851 1374 quotidianos
889 1312 927 1355 ex
963 1288 1055 1374 Syria

99 1380 247 1460 nuntios,
263 1382 316 1443 =ut
347 1401 444 1463 quam
474 1381 614 1463 primum
646 1380 820 1444 exercitum
852 1379 893 1443 ad
925 1377 1054 1443 Ciliciae

98 1466 181 1530 fines
204 1467 406 1551 adducerem,
434 1490 595 1551 quumque
618 1468 698 1533 mihi
720 1490 776 1533 rex
798 1468 968 1552 patefactis
990 1468 1055 1530 iam

101 1554 226 1618 insidiis
258 1577 325 1620 non
358 1577 454 1641 egere
491 1557 630 1621 exercitu
665 1557 778 1641 populi
808 1556 963 1639 Romani,
999 1555 1054 1620 sed

101 1664 196 1726 posse
219 1663 250 1707 se
273 1643 337 1708 suis
362 1644 476 1728 opibus
499 1645 668 1711 defendere
691 1646 867 1727 rideretur,
889 1646 981 1709 illum
1004 1665 1055 1708 co·

101 1730 249 1819 hortatus
273 1754 357 1815 sum,
379 1736 416 1797 ut
438 1733 473 1797 in
495 1755 555 1798 sua
581 1734 648 1798 vita
670 1733 890 1799 conservanda
915 1733 1054 1817 primum

99 1838 237 1903 regnare
270 1820 417 1884 disceret:
449 1842 468 1884 a
499 1821 613 1904 quibus
644 1823 859 1904 perspexisset
891 1821 952 1884 sibi
978 1820 1054 1882 insi-

101 1906 171 1970 dias
203 1911 346 1991 paratas,
382 1908 418 1972 in
449 1929 504 1972 eos
536 1911 679 1972 uteretur
710 1909 778 1972 iure
810 1907 913 1992 regio,
950 1928 1055 1990 poena

100 1994 245 2059 afficeret
264 2017 328 2079 eos,
351 2017 431 2078 quos
449 2017 579 2060 necesse
598 1999 690 2079 esset,
713 1996 852 2078 reliquos
871 1998 960 2059 metu
978 1995 1054 2058 libe·

100 2087 200 2165 raret,
231 2084 390 2167 praesidio
423 2083 579 2148 exercitus
611 2083 675 2147 mei
707 2083 747 2147 ad
780 2105 902 2166 eorum,
934 2083 989 2167 qui
1020 2083 1055 2145 in

100 2172 196 2255 culpa
215 2176 331 2254 essent,
351 2166 499 2236 timorem
517 2171 625 2254 potius
644 2193 740 2254 quam
759 2172 800 2235 ad
814 2171 1055 2236 contentionem

97 2261 258 2340 uteretur,
284 2259 354 2324 fore
382 2262 503 2342 autem,
529 2262 566 2322 ut
593 2280 718 2343 omnes,
748 2259 900 2343 quoniam
924 2263 1054 2323 senatus

99 2347 286 2410 consultum
312 2350 458 2429 nossent,
484 2347 703 2431 intelligerent
728 2369 779 2412 me
806 2348 888 2432 regi,
919 2348 946 2410 si
974 2369 1054 2431 opus

101 2437 195 2515 esset,
219 2454 257 2496 ex
281 2435 469 2499 auctoritate
493 2438 599 2499 vestra
621 2435 780 2519 praesidio
804 2436 957 2500 futurum.
1003 2434 1054 2498 Ita
1074 2453 1090 2498 s

101 2521 291 2586 confirmato
315 2522 370 2586 illo
394 2544 432 2587 ex
456 2523 586 2589 101010
610 2527 715 2589 castra
737 2525 836 2607 movi3
863 2525 924 2588 iter
946 2524 980 2586 iu
1004 2520 1053 2586 Ci-

100 2609 208 2673 lieiam
231 2609 335 2675 facere
362 2611 498 2695 institui,
507 2631 604 2695 quum
620 2611 681 2677 hac
710 2613 861 2696 opinione
890 2633 906 2674 1
930 2608 1053 2693 Cappa-

98 2696 193 2761 doeia
211 2697 414 2784 discederem,
436 2704 473 2764 ut
491 2700 624 2765 consilio
643 2705 760 2784 vestro,
779 2721 855 2764 casu
875 2697 1054 2762 incredibili

100 2807 138 2849 11
160 2807 262 2869 paene
282 2787 389 2853 divino
409 2809 527 2874 regem,
545 2809 640 2870 quem
660 2810 717 2853 vos
731 2787 1053 2853 honorificentissime

99 2874 321 2957 appellassetis
349 2874 438 2940 nullo
465 2875 650 2958 postulante
679 2897 835 2960 quemque
867 2898 956 2940 111111
979 2875 1054 2938 fidei

97 2962 384 3026 commendassetis
408 2964 440 3025 et
462 2963 551 3027 cuius
573 2964 709 3027 salutem
731 2984 868 3048 magnae
886 2964 977 3029 vobis
1000 2985 1052 3027 cu·

96 3070 154 3112 rae
186 3070 256 3113 esse
288 3049 487 3132 decressetis,
518 3071 609 3115 meus
641 3050 797 3117 adventus
828 3051 1052 3136 praesentibus
1150 3058 1158 3072 ⁹

170 3220 221 3290 Ep.
242 3228 265 3289 2,
282 3229 305 3276 6.
343 3224 492 3291 amicosque
510 3227 527 3288 †
546 3206 578 3276 'ia
595 3223 689 3290 patris
711 3239 732 3277 1.
756 3229 835 3292 atquc
857 3223 960 3276 iudicio
984 3223 1051 3290 (Ml.

95 3308 124 3345 0.
139 3307 170 3360 p.
190 3309 211 3346 1.
230 3293 327 3361 coique
344 3294 402 3346 iad.
422 3293 550 3360 (Schott.)
568 3295 618 3347 aut
636 3311 662 3347 a.
675 3294 733 3348 iam
746 3310 777 3361 p.
792 3310 813 3346 e.
832 3298 911 3360 atquc
929 3294 975 3348 101·
993 3294 1051 3348 iad.

110 3361 152 3428 L)
167 3365 217 3416 cut
231 3379 256 3416 a.
267 3379 297 3430 p.
308 3379 328 3416 e.
343 3368 422 3431 atquc
436 3364 483 3418 aci
495 3364 552 3417 iad.
564 3363 689 3432 (Popma,
699 3363 750 3432 B.).
766 3393 799 3402 -
809 3363 940 3430 probatos
953 3364 1051 3418 oolmrt.

94 3364 183 3500 lW.)?
218 3433 332 3500 probato
350 3434 474 3488 hortatus
486 3434 523 3487 M.
544 3465 576 3472 —
594 3449 664 3499 sum,
677 3439 708 3487 ut
721 3435 792 3501 repis
807 3432 889 3502 (W.)?
927 3440 951 3488 7.
970 3435 1052 3490 disce·

92 3507 194 3589 retro.
215 3519 238 3574 q.
259 3503 333 3570 (W.).
370 3504 413 3568 d.;
432 3521 458 3558 a.
477 3520 500 3572 q.
520 3502 551 3556 B.
