2370 3878
352 181 611 236 EPISTOLARUM
629 183 664 235 11.
685 188 797 235 10-12.
1011 182 1053 246 47

94 350 240 411 causam,
268 328 354 411 quod
382 326 514 391 mirifice
542 349 614 391 sum
641 326 810 404 sollicitus,
834 327 987 409 quidnam
1016 328 1054 391 da

93 415 269 503 provinciis
293 416 496 480 decernatur:
524 415 642 479 mirum
668 436 719 478 me
747 414 940 479 desiderium
965 419 1056 480 tenet

94 506 194 591 urbiS,
207 504 396 569 incredibile
409 525 555 568 meorum
569 505 665 586 atque
679 503 715 566 in
728 503 841 586 primis
856 505 913 587 tui,
923 505 1055 568 satietas

95 599 204 660 autem
236 592 434 678 provinciae,
466 592 518 656 vel
549 591 625 675 quia
654 591 800 655 videmur
832 613 903 655 eam
934 592 1056 657 famam

95 683 273 765 consecuti,
304 684 343 745 ut
373 702 441 745 non
472 685 541 745 tam
573 681 712 745 accessio
747 680 929 765 quaerenda
958 702 1055 764 quam

94 773 229 837 fortuna
246 770 420 834 metuenda
439 770 489 853 sit,
512 768 564 833 vel
586 770 661 853 quia
679 772 785 833 totum
803 769 970 854 negotium
988 792 1056 834 non

95 864 146 925 est
169 859 304 944 dignum
326 858 448 923 viribus
471 857 602 942 nostris,
625 858 681 940 qui
704 859 827 922 maiora
847 879 946 922 onera
968 858 1004 922 in
1021 880 1055 922 re

95 948 226 1033 publica
243 947 402 1012 sustinere
421 949 454 1010 et
471 947 594 1030 possim
612 949 645 1009 et
663 947 792 1030 soleam,
817 946 866 1011 vel
886 947 961 1031 quia
979 948 1056 1011 belli

95 1037 208 1122 magni
229 1036 327 1099 timor
353 1035 532 1119 impendet,
562 1035 647 1119 quod
675 1034 820 1098 videmur
847 1035 1000 1119 effugere,
1029 1036 1056 1099 si

95 1126 138 1189 ad
161 1124 373 1189 constitutam
395 1124 480 1187 diem
502 1123 700 1188 decedamus.
736 1121 785 1186 Dc
804 1123 980 1207 pantheris,
998 1136 1089 1206 perr

96 1235 165 1296 eos,
197 1213 253 1297 qui
280 1212 393 1278 venari
419 1213 538 1296 solent,
570 1213 677 1300 agitur
704 1211 861 1275 mandatu
887 1233 958 1276 meo
987 1211 1055 1275 dili·
1137 1210 1140 1219 '

96 1305 225 1386 gentem
257 1301 312 1364 sed
339 1301 421 1364 mira
451 1302 597 1385 paucitas
626 1305 675 1364 est
702 1304 735 1363 et
762 1322 829 1384 eas,
862 1322 943 1384 quae
972 1305 1056 1384 sunt,

95 1389 192 1455 valde
219 1389 312 1452 aiunt
339 1389 441 1473 queri,
469 1390 554 1474 quod
581 1389 664 1453 nihil
691 1389 840 1473 cuiquam
867 1389 1057 1453 insidiarum

96 1480 132 1543 in
155 1499 228 1541 mea
250 1477 417 1560 provincia
437 1478 502 1542 nisi
528 1478 589 1542 sibi
616 1478 686 1560 fiat,
713 1478 822 1561 itaque
851 1478 1055 1542 constituisse

98 1568 250 1631 dicuntur
275 1566 311 1629 iu
338 1563 466 1630 Cariam
499 1588 537 1631 ex
564 1570 677 1631 nostra
702 1566 870 1650 provincia
897 1566 1056 1630 decedere.

98 1654 161 1719 Sed
183 1659 294 1718 tamen
317 1654 428 1719 sedulo
451 1654 499 1739 fit,
521 1659 554 1719 et
576 1656 611 1719 in
628 1656 741 1739 primis
761 1678 780 1718 a
800 1654 943 1719 Patisco:
966 1655 1055 1738 quid-

98 1743 175 1827 quid
198 1743 267 1825 erit,
290 1742 351 1806 tibi
374 1744 444 1827 erit,
467 1744 532 1828 scd,
556 1744 632 1827 quid
655 1747 753 1827 esset,
775 1745 871 1828 plane
894 1744 1055 1807 nescieba-

98 1854 178 1896 mus.
227 1830 310 1895 Mihi
337 1832 519 1896 mehercule
545 1854 683 1917 magnae
711 1854 805 1896 curae
834 1835 883 1895 est
911 1832 1056 1896 aedilitas

96 1924 168 1983 tua:
199 1920 269 2003 ipse
301 1919 369 1983 dies
397 1942 448 1984 me
476 1921 684 2004 admonebat,
716 1921 829 2002 scripsi
859 1920 945 1983 enim
976 1919 1056 1982 haec

97 2008 178 2091 ipsis
200 2007 450 2093 Megalensibus.
497 2008 546 2071 Tu
568 2010 665 2072 velim
692 2009 733 2071 ad
756 2029 807 2071 me
835 2007 874 2070 de
898 2007 986 2073 omni
1010 2009 1056 2071 rei

98 2095 246 2178 publicae
273 2100 361 2161 statu
389 2117 485 2180 quam
518 2097 762 2180 diligentissime
793 2096 986 2180 perscribam
1019 2118 1057 2160 ea

99 2183 187 2248 enim
210 2184 388 2249 certissima
410 2184 542 2269 putab0,
566 2207 647 2268 quae
671 2207 709 2249 ex
731 2189 764 2249 te
788 2206 940 2269 cognoro.

537 2396 611 2461 XII.

99 2524 156 2579 Ser.
172 2524 203 2579 in
218 2525 317 2582 Cilicia
330 2542 424 2581 mense
439 2526 517 2580 Iunio
534 2528 618 2595 (inter
631 2528 703 2581 Non.
719 2529 748 2580 et
757 2526 790 2579 V.
801 2526 874 2594 Kal.)
889 2543 913 2579 a.
925 2545 950 2579 u.
962 2545 984 2581 c.
997 2533 1055 2580 704.

179 2668 216 2720 M.
234 2666 363 2722 CICERO
378 2666 450 2721 lMP.
467 2667 495 2722 S.
509 2667 541 2721 D.
556 2668 592 2722 M.
608 2666 738 2722 CAELIO
753 2666 878 2721 AEDILI
892 2666 971 2720 OUR.

166 2783 330 2850 Sollicitus
358 2786 506 2869 equidem
534 2807 621 2849 eram
649 2784 806 2847 derebus
834 2784 979 2849 urbanis:
1010 2785 1091 2849 ital

97 2874 317 2938 tumultuosae
350 2875 535 2956 conciones,
571 2875 617 2936 ita
652 2874 806 2936 molestae
837 2871 1056 2957 Quinquatrus

98 2961 317 3025 afferebantur
339 2998 380 3008 -—
404 2984 481 3025 nam
505 2962 654 3025 citeriora
681 2960 825 3024 nondum
849 2962 1056 3026 audiebamus

98 3073 155 3132 ἐς
179 3050 234 3113 sed
256 3054 367 3114 tamen
390 3050 472 3115 nihil
494 3071 545 3113 me
569 3049 672 3133 magis
693 3049 887 3112 sollicitabat
907 3072 1004 3132 quam
1022 3050 1057 3110 in

96 3138 137 3201 iis
161 3139 315 3203 molestiis
339 3161 407 3203 non
429 3160 490 3221 mc,
513 3139 540 3201 si
564 3159 645 3220 quae
663 3137 797 3200 ridenda
816 3142 931 3220 essent,
954 3136 1056 3199 ridere

166 3383 218 3453 Ep.
239 3390 281 3450 11,
294 3390 316 3436 1.
349 3385 453 3452 possim
473 3383 614 3436 eracleam
633 3382 698 3449 (M).
735 3381 874 3449 possimus
888 3383 913 3432 et
925 3380 1057 3433 soleamus

95 3453 127 3507 Β.
148 3470 182 3507 ex
201 3453 290 3508 altero
309 3454 346 3507 M.
366 3454 494 3522 exemplo
514 3455 660 3522 (possemus
679 3457 704 3505 et
721 3453 853 3515 solemus).
899 3448 950 3519 Ep.
971 3456 1012 3517 12,
1033 3456 1056 3503 1.

95 3525 127 3578 ia
146 3525 183 3578 iic
201 3526 261 3578 mol.
284 3524 338 3592 (W.
358 3540 392 3578 ex
412 3525 460 3576 alt.
480 3524 517 3577 M.
537 3526 600 3594 en).
637 3521 874 3577 11111131111111ἱ
