2370 3878
310 170 570 227 EPISTOLARUM
588 170 648 225 vll.
669 176 781 224 13-16.
960 165 1026 231 209

80 292 221 403 lebenti
247 317 342 382 faeile
369 316 516 401 patiebar
544 319 576 380 et
603 335 690 379 nune
718 334 821 399 angor
853 313 1027 396 quidquam

81 384 132 454 tu
162 405 227 470 sine
250 427 301 471 me
329 426 398 469 esse
421 404 609 485 iueundnm3
637 403 693 467 sed
719 403 782 467 hoo
808 406 919 465 tamen
941 402 1026 465 malo

86 471 158 551 Ῑθῑῑθ
177 515 236 560 nos
260 493 461 577 desiderium,
484 514 581 577 quam
603 495 635 555 te
658 513 726 556 non
748 511 796 573 ea,
819 512 900 574 quae
924 511 1027 573 spero,

87 582 232 665 sonasque
269 581 363 657 Quod
380 602 456 646 vero
475 582 510 644 in
533 578 567 645 Ο.
585 579 688 662 blatii,
709 579 889 644 suavissimi
913 578 1062 642 doctis-2

88 663 206 752 unique
238 669 392 754 hominis,
424 670 678 733 familiaritatem
708 668 840 751 venisti,
871 688 939 731 non
967 667 1029 731 dici

88 752 191 843 nest,
218 779 316 841 quam
338 758 431 823 valde
460 758 631 842 gaudeam3
661 756 716 840 qui
742 756 795 821 fae
817 761 855 819 ut
876 759 908 819 te
932 776 1029 839 quam

89 845 208 911 maxime
231 846 361 931 diligat:
385 847 465 910 mihi
488 845 589 930 erede,
612 845 693 909 nihil
717 866 755 908 ex
778 845 842 908 ista
864 845 1030 927 provincia

88 934 174 1021 mus,
186 933 273 1020 quod
286 935 457 999 iucundius
472 934 522 1018 sit,
536 934 714 1017 deportare.
751 931 845 1016 Oura,
863 935 899 996 ut
912 934 1030 997 valeas.

507 1090 597 1158 XVI.

229 1195 287 1252 Ser.
306 1196 412 1251 Romae
432 1197 478 1264 (m.
497 1195 661 1263 Novembri)
681 1209 705 1247 a.
725 1212 752 1247 u.
772 1211 794 1248 e.
815 1199 875 1249 700.

294 1302 353 1373 [m]
373 1299 502 1355 orosae
521 1301 548 1357 s.
567 1300 600 1355 u.
621 1299 812 1354 reserem.

140 1393 181 1459 In
212 1390 307 1477 Equo
340 1391 481 1457 Troiano
514 1393 576 1457 seis
609 1414 677 1458 esse
709 1393 744 1455 in
773 1394 914 1456 extremo
941 1407 1065 1474 „serol

77 1480 237 1569 sapiunt‘:
263 1485 300 1545 tu
322 1484 446 1565 tamen,
473 1482 518 1544 nri
545 1483 665 1564 vetule,
692 1501 760 1545 uon
783 1502 863 1545 seru.
906 1479 1031 1545 Primas

77 1572 147 1636 illas
169 1568 349 1635 rabiosulas
377 1572 428 1633 sat
454 1568 562 1633 fatuas
586 1570 715 1652 dedisti3
743 1569 856 1633 deinde
885 1569 970 1652 quod
997 1571 1033 1633 in

77 1658 247 1724 Britannia
260 1679 329 1722 non
341 1657 438 1721 nimis
454 1655 669 1740 φιλοθέωρον
687 1661 719 1721 te
733 1657 918 1740 praebuisti,
936 1659 1032 1741 plane

77 1770 144 1814 non
174 1746 389 1831 reprehend03
424 1766 511 1810 nuno
542 1765 618 1810 vero
650 1746 685 1810 in
716 1746 859 1810 hibernis
893 1745 1032 1810 intectus

77 1835 157 1901 mihi
178 1835 306 1918 videris,
328 1835 437 1918 itaque
460 1838 492 1898 te
516 1854 715 1901 commovere
739 1855 806 1897 non
829 1854 931 1896 ouras.

119 1939 360 2025 Usquequaque
384 1962 495 2042 sapere
519 1943 658 2024 oportet:
686 1938 718 2003 id
742 1938 803 2002 erit
824 1938 925 2002 telum
947 1959 1033 2003 acer-

449 2051 574 2093 mmum.

77 2132 153 2221 Ego
177 2134 205 2197 si
227 2134 306 2199 foris
326 2135 530 2218 coenitarenq
553 2132 610 2199 On.
629 2133 772 2216 Octavio,
794 2131 946 2196 familiari
968 2134 1069 2216 tuqr

77 2243 147 2288 non
170 2221 355 2305 defuissem3
378 2223 430 2287 eui
452 2228 562 2287 tamen
581 2223 654 2304 dixi,
678 2244 776 2305 quum
794 2243 845 2284 me
865 2221 1034 2303 aliquoties

77 2309 243 2377 invitaret:
266 2332 341 2395 „oro
360 2314 402 2394 te,
421 2312 492 2395 quis
505 2315 542 2376 tu
562 2311 641 2376 esl“
664 2311 720 2375 sed
733 2310 930 2374 mehercules
946 2312 1034 2373 extra

77 2400 186 2465 iocum
216 2399 314 2465 homo
347 2399 450 2463 bellus
483 2404 545 2481 est3
581 2401 696 2465 vellem
733 2421 806 2463 eum
841 2402 949 2463 tecum
981 2399 1035 2460 ab·

77 2486 232 2551 duxisses.
273 2486 357 2563 Quid
381 2488 485 2573 agatis
509 2491 542 2551 et
564 2488 677 2571 ecquid
699 2488 734 2551 in
757 2486 886 2551 Italiam
908 2486 1036 2550 venturi
1054 2499 1069 2546 3

77 2575 151 2640 sitis
172 2574 234 2640 hae
255 2575 370 2658 hieme,
392 2576 444 2640 fao
461 2577 558 2660 plane
578 2577 685 2639 seiam.
721 2574 844 2639 Balbus
862 2574 942 2637 milri
961 2594 1034 2638 oon-

77 2662 220 2728 firmavit
250 2668 282 2728 te
317 2664 450 2729 divitem
485 2664 642 2728 futurum:
678 2664 711 2727 id
747 2667 855 2727 utrum
887 2662 1035 2728 Romano

77 2772 168 2816 more
190 2751 317 2817 loeutus
341 2753 396 2835 sit,
418 2753 500 2817 bene
524 2755 726 2815 nummatum
747 2756 780 2816 te
803 2751 962 2835 futurum,
985 2771 1036 2835 an,

78 2840 239 2923 quomodo
255 2838 355 2906 Stoici
374 2841 494 2925 dieunt,
513 2862 624 2905 omnes
643 2862 712 2904 esse
731 2841 859 2922 divites,
878 2839 933 2923 qui
947 2839 1035 2903 eaelo

77 2930 111 2990 et
134 2931 220 2991 terra
242 2929 307 2992 frui
329 2930 465 3013 possint,
488 2932 602 3012 postea
625 2929 743 2993 videro.
781 2928 843 3003 Qui
864 2928 962 2993 istinc
984 2949 1035 2992 ve·

77 3015 187 3100 niunt,
218 3017 402 3101 superbiam
428 3022 519 3082 tuam
547 3020 713 3101 accusant,
743 3018 828 3100 quod
855 3020 977 3102 negent
1003 3019 1036 3079 te

77 3105 344 3188 percontantibus
377 3107 584 3191 respondere3
621 3105 676 3170 sed
708 3109 818 3169 tamen
851 3109 912 3189 est,
949 3103 1036 3187 quod

77 3190 233 3276 gaudeam
257 3196 385 3258 constat
404 3195 490 3258 enim
508 3195 593 3258 inter
611 3215 723 3259 omnes
737 3193 899 3259 neminem
917 3196 950 3256 to
968 3211 1034 3255 uno

77 3277 322 3347 Samarobrivae
345 3283 424 3348 iuris
447 3283 632 3367 peritiorem
656 3303 734 3347 esse.

148 3435 201 3507 Ep.
222 3442 303 3505 16,1.
342 3437 454 3492 Primos
471 3439 535 3493 illas
555 3439 621 3508 (M.).
663 3440 787 3507 primulo
799 3439 823 3496 i·
848 3435 929 3502 Crat,
948 3434 979 3490 B.
1000 3463 1033 3473 —

77 3506 179 3562 rabios.
196 3512 242 3561 aot
258 3507 355 3573 fatuas
368 3509 482 3578 (vulgo).
519 3526 560 3576 „a
581 3525 599 3563 ς.
618 3509 658 3576 f.“
675 3508 795 3576 Mollem,
813 3507 844 3560 B.
1035 3518 1038 3522 ’

131 3592 246 3636 clear-onir
258 3596 319 3644 apua
333 3597 352 3636 L
797 3602 838 3651 qq
