2370 3878
387 180 644 237 EPISTOLARUM
662 180 708 234 Vl.
729 187 752 234 6.
989 181 1051 243 169

91 327 190 393 fidele
212 325 381 410 Pompeio,
407 327 479 390 tum
502 326 641 389 salutare
669 325 805 409 utrique.
851 323 938 400 Quae
961 337 1086 408 prae-5

94 422 185 481 terea
207 414 410 499 providerim,
432 417 611 497 praeberem
634 414 710 477 nolo
734 413 820 476 enim
837 412 924 477 hunc
943 412 982 477 de
1000 435 1051 478 me

96 505 218 589 optime
241 503 391 567 meritum
409 501 591 566 existimare
610 523 648 564 ea
666 522 716 564 me
737 501 875 565 suasisse
888 500 1052 585 Pompeio,

95 592 215 676 quibus
236 591 291 655 ille
315 591 344 655 si
365 590 533 673 paruisset,
556 592 641 653 esset
662 588 715 653 hic
738 589 867 672 quidem
890 589 995 656 claras
1017 590 1052 654 in

94 685 176 765 toga
203 682 236 745 et
262 677 425 763 princeps,
458 677 514 742 sed
540 680 649 741 tantas
677 698 769 761 opes,
800 681 938 762 quantas
965 699 1052 741 nunc

94 769 209 851 habet,
240 788 309 832 non
340 765 485 831 haberet:
518 765 658 829 eundum
690 765 724 827 in
755 763 948 848 Hispaniam
980 787 1051 829 cen·
1139 774 1142 779 '

96 857 162 939 sui3
189 855 277 939 quod
299 854 326 919 si
348 853 491 936 fecisset,
513 853 605 917 civile
628 853 748 916 bellum
772 854 897 919 nullum
921 853 1051 917 omnino
1147 922 1150 929 ,

95 945 220 1009 fuisset.
255 942 429 1007 Rationem
446 941 559 1007 haberi
577 941 720 1005 absentis
738 945 892 1005 nontam
909 942 1054 1025 pugnavi

96 1035 135 1096 ut
152 1032 272 1112 liceret,
295 1052 391 1113 quam
410 1033 456 1113 ut,
474 1028 627 1113 quoniam
645 1029 715 1111 ipso
735 1030 864 1092 consule
886 1033 1052 1112 pugnante

98 1121 238 1204 populus
261 1120 412 1201 iusserat,
433 1117 615 1181 haberetur.
661 1114 766 1180 Causa
794 1121 865 1180 orta
893 1117 970 1181 belli
992 1120 1052 1180 est:

98 1207 176 1291 quid
203 1227 263 1292 ego
291 1205 492 1290 praetermisi
521 1208 577 1269 aut
604 1204 801 1269 monitorum
828 1208 885 1268 aut
912 1204 1053 1288 querela-

97 1317 181 1378 rum,
202 1296 301 1377 quain
323 1295 374 1359 vel
392 1293 627 1377 iniquissimam
645 1313 757 1375 pacem
774 1292 949 1357 iustissimo
969 1292 1053 1356 bello

98 1381 314 1449 anteferrem?
360 1381 456 1446 Victa
479 1386 528 1446 est
551 1381 725 1445 auctoritas
748 1402 833 1465 mea,
855 1403 923 1446 non
945 1382 1012 1445 tam
1032 1403 1054 1445 a
1073 1403 1089 1450 a

97 1471 252 1554 Pompeio
277 1507 318 1516 —
342 1491 418 1533 nam
445 1470 472 1533 is
504 1469 693 1537 movebatur
716 1506 772 1553 -‚
804 1491 901 1554 quam
933 1469 974 1533 ab
1006 1469 1056 1552 iis,

99 1559 157 1642 qui
188 1558 267 1622 duce
298 1557 451 1642 Pompeio
483 1558 559 1621 freti
590 1561 865 1643 peropportunam
898 1561 930 1622 et
959 1558 1054 1621 rebus

99 1646 284 1713 domesticis
304 1650 336 1710 et
354 1645 584 1729 cupiditatibus
603 1647 669 1711 suis
687 1647 775 1710 illius
792 1647 869 1711 belli
887 1647 1055 1710 victoriam

99 1735 171 1799 fore
202 1733 371 1817 putabant.
416 1731 608 1817 Susceptum
639 1735 759 1799 bellum
791 1738 841 1799 est
872 1735 1054 1817 quiescente

98 1843 165 1905 me,
187 1822 356 1905 depulsum
383 1843 422 1885 ex
443 1821 539 1885 ltalia
561 1827 712 1887 manente
735 1844 799 1906 me,
827 1822 933 1905 quoad
955 1822 1056 1905 potui,

100 1911 158 1976 sod
180 1910 283 1975 valuit
304 1910 390 1994 apud
413 1931 464 1974 me
487 1911 560 1993 plus
583 1910 687 1994 pudor
714 1932 803 1974 meus
827 1931 924 1992 quam
946 1911 1055 1973 timor:

98 1998 222 2063 veritus
245 2019 317 2063 sum
344 1998 453 2062 deesse
480 1997 626 2082 Pompeii
654 1998 763 2080 saluti,
791 2019 890 2080 quum
917 1997 971 2060 ille
1000 1996 1056 2060 ali-

100 2086 230 2169 quando
254 2107 321 2151 non
345 2086 499 2151 defuisset
520 2107 619 2150 meae.
663 2085 777 2168 Itaque
800 2086 851 2149 rel
875 2084 982 2149 officio
1005 2084 1056 2149 vel

99 2176 188 2238 fama
210 2175 371 2241 bonorum
393 2174 444 2239 vel
467 2173 589 2258 pudore
607 2174 719 2257 victus,
739 2173 828 2237 utin
846 2171 1055 2238 fabulisAm·

99 2263 263 2346 phiaraus,
286 2263 331 2326 sie
354 2283 414 2347 ego
437 2262 579 2347 prudens
603 2265 635 2326 et
657 2262 760 2326 sciens
779 2262 820 2326 ad
838 2264 962 2345 pestem
981 2265 1056 2325 ante

101 2351 212 2417 oculos
239 2351 379 2433 positam
406 2373 478 2415 sum
499 2350 677 2434 profectus3
709 2372 771 2435 quo
799 2350 835 2417 in
861 2350 946 2414 bello
974 2349 1056 2413 nihil

101 2438 227 2503 adversi
251 2437 366 2502 accidit
397 2460 465 2503 non
496 2439 700 2523 praedicente
726 2460 787 2502 me.
833 2437 951 2520 Quare,
979 2455 1091 2521 quo-'1

101 2526 204 2610 niam,
230 2529 268 2591 ut
291 2546 429 2610 augures
456 2530 489 2590 et
516 2527 672 2611 astrologi
695 2527 813 2609 solent,
841 2545 901 2613 ego
930 2546 1057 2608 quoque

102 2635 206 2698 augur
228 2614 376 2697 publicus
399 2636 437 2678 ex
457 2615 536 2680 meis
556 2614 773 2699 superioribus
791 2612 963 2697 praedictis
983 2633 1057 2677 con-

102 2702 193 2767 stitui
216 2702 302 2785 apud
324 2706 357 2769 te
381 2703 607 2769 auctoritatem
635 2702 761 2788 augurii
789 2705 822 2767 et
849 2699 1057 2766 divinationis

100 2811 202 2874 meae,
222 2789 352 2855 debebit
374 2791 491 2856 habere
514 2791 612 2856 fidem
633 2794 747 2857 nostra
764 2788 949 2873 praedictio.
980 2786 1058 2854 Non

100 2877 263 2961 igiturex
285 2879 371 2943 alitis
394 2879 504 2943 volatu
528 2899 587 2943 nec
611 2899 627 2942 e
651 2880 747 2945 cantu
776 2877 906 2943 sinistro
930 2876 1058 2962 ominis,

100 2965 195 3029 utin
216 2969 330 3031 nostra
352 2966 522 3052 disciplina
544 2970 602 3050 est,
624 2987 685 3029 nec
707 2987 746 3030 ex
767 2965 917 3049 tripudiis
941 2965 1057 3031 solisti-

101 3052 163 3116 mis
185 3057 242 3119 aut
264 3054 397 3120 soniviis
415 3054 477 3119 tibi
495 3075 646 3139 auguror,
668 3053 723 3118 sed
740 3053 845 3119 habeo
869 3053 932 3119 alia
955 3053 1058 3137 signa,

101 3161 182 3223 quae
211 3142 391 3226 observem5
420 3163 500 3226 quae
529 3142 589 3207 etsi
617 3163 686 3205 non
718 3145 794 3207 sunt
821 3142 958 3206 certiora
984 3140 1058 3223 illis,

170 3296 222 3367 Ep.
247 3304 263 3352 6
269 3339 276 3365 ‚
296 3302 319 3350 5.
366 3299 549 3366 querelarum,
574 3312 657 3366 quum
677 3338 682 3350 .
699 3338 704 3349 .
721 3338 727 3351 .
747 3292 930 3362 anteferrem?
978 3293 1058 3348 Victa

100 3367 175 3436 (W).
213 3369 254 3437 a!
272 3369 572 3434 cura...aateferrem.
609 3369 682 3421 uicta
696 3367 726 3419 B.
764 3372 788 3420 6.
812 3365 949 3420 smensad
969 3405 991 3416 ..
1007 3379 1057 3431 po-

98 3439 182 3492 sitam
199 3453 260 3495 ram
274 3437 350 3506 (W.).
385 3453 421 3493 sc.
440 3439 496 3505 „od
516 3477 538 3492 ..
553 3440 603 3508 p.“
621 3453 682 3492 sam
695 3436 789 3506 vulgo.
828 3443 850 3489 7.
875 3435 1057 3490 ulitirvolotu
1089 3495 1092 3500 ,

99 3507 204 3575 (Orati.
242 3509 278 3564 ul.
298 3509 425 3586 inuoluta
441 3508 507 3563 ΜΒ.
