2370 3878
328 168 585 230 rersrouraun
603 170 650 224 111.
670 176 765 224 s-n.
801 150 813 247 ᾗ
958 169 1022 233 355

63 317 291 380 veteranorum
310 317 343 377 et
361 317 558 378 armatorum
578 313 656 378 satis
674 313 825 398 frequens
844 334 917 377 curn
935 313 1022 378 Ven-

63 402 155 468 tidio.
200 399 344 467 Consilia
366 400 504 467 Antonii
526 401 606 466 haec
634 402 700 465 sint
721 422 851 487 neeesse
875 406 937 465 est:
965 407 1022 465 aut
1040 419 1057 466 4

65 492 107 555 ad
130 489 287 574 Lepidum
304 494 341 554 ut
360 511 394 554 se
413 490 567 572 conferat,
590 490 617 553 si
637 489 798 573 recipitur,
822 494 878 553 aut
891 489 1021 573 Appen-

63 580 143 644 nino
158 577 359 662 Alpibusque
374 600 407 642 se
430 581 540 642 teneat
554 581 587 642 et
600 577 841 642 decursionibus
860 599 916 660 per
936 578 1021 660 equi·

62 672 122 751 tes,
146 689 227 750 quos
249 666 349 730 habet
370 667 500 749 multos,
521 669 628 729 vastet
650 687 688 729 ea
710 667 790 750 loca,
812 666 847 729 in
870 687 951 748 quae
974 666 1021 728 in·

65 756 213 838 currerit,
242 758 298 818 aut
324 775 435 819 rursus
464 774 498 819 se
525 754 560 817 in
587 753 751 817 Etruriam
778 754 910 837 referat,
937 753 1022 837 quod

65 865 103 907 ea
135 864 210 927 pars
242 841 356 906 Italiae
389 842 458 905 sine
494 842 635 905 exercitu
672 846 729 906 est.
779 840 871 916 Quod
908 842 934 905 si
970 862 1022 905 me

65 929 185 995 Caesar
216 930 359 994 audisset
391 933 487 1013 atque
520 929 751 1014 Appenninum
778 930 961 1012 transisset,
987 929 1023 993 in

65 1023 175 1083 tantas
211 1019 379 1103 angustias
411 1016 592 1082 Antonium
627 1017 866 1100 compulissem,
902 1020 939 1080 ut
974 1018 1021 1079 in·

67 1107 142 1190 opia
173 1106 281 1189 potius
318 1128 415 1189 quarn
448 1106 534 1170 ferro
572 1105 794 1188 conficeretur3
832 1105 887 1168 sed
918 1126 1022 1186 neque

66 1192 197 1258 Caesari
224 1195 375 1277 imperari
401 1197 510 1277 potest
538 1215 598 1258 nec
621 1191 739 1258 Caesar
771 1193 923 1257 exercitui
956 1214 1023 1275 suo,

67 1282 154 1365 quod
185 1285 356 1364 utrumque
388 1282 562 1365 pessimum
594 1286 651 1346 est.
697 1280 802 1356 Quum
833 1281 913 1345 haec
944 1281 1024 1344 talia

68 1370 148 1452 sint,
176 1391 239 1452 quo
267 1370 388 1453 minuS,
410 1371 495 1453 quod
522 1370 563 1434 ad
586 1392 637 1434 me
659 1369 846 1454 pertinebit,
875 1370 1022 1434 homines

67 1457 288 1540 interpellent,
319 1462 356 1521 ut
387 1479 484 1541 supra
507 1459 633 1542 scripsi,
662 1481 730 1523 non
757 1458 911 1543 impedio,
942 1457 1023 1520 haec

69 1545 337 1627 quemadmodum
369 1547 520 1630 explicari
551 1547 678 1630 possint
709 1550 778 1629 aut,
808 1569 827 1610 a
858 1550 891 1610 te
924 1567 1022 1629 quum

68 1633 326 1717 explicabuntur,
353 1655 394 1698 116
422 1635 651 1718 impediantur,
677 1635 785 1699 timeo.
835 1634 930 1698 Alere
958 1634 1058 1697 iamt

68 1721 185 1786 milites
208 1743 275 1786 non
298 1743 439 1805 possum.
479 1721 584 1796 Quum
607 1722 647 1785 ad
670 1744 738 1785 rem
760 1722 923 1804 publicam
945 1721 1023 1785 libe·

68 1810 203 1874 randam
222 1810 350 1893 accessi,
367 1808 433 1874 HS.
451 1810 531 1872 mihi
549 1810 612 1872 fuit
629 1809 784 1892 pecuniae
808 1841 814 1855 ·
829 1822 933 1870 cccc·
958 1831 1023 1872 am-

67 1897 160 1980 plius.
206 1896 348 1960 Tantum
375 1896 480 1979 abest,
507 1900 545 1959 ut
570 1917 660 1960 meae
687 1897 733 1960 rei
756 1896 923 1959 familiaris
946 1897 1024 1959 libe·

67 2007 140 2048 rum
164 1984 206 2048 sit
229 1983 413 2067 quidquam,
435 1987 473 2048 ut
491 2005 602 2048 omnes
620 1985 685 2048 iarn
704 2005 792 2049 meos
814 1984 932 2048 amicos
951 2005 1024 2047 aere

68 2072 174 2136 alieno
199 2070 434 2135 obstrinxerim.
474 2069 603 2154 Septem
625 2094 794 2138 numerum
817 2093 903 2135 nunc
925 2073 1023 2157 legio-

67 2182 146 2224 num
166 2160 232 2240 alo;
256 2180 319 2241 qua
338 2159 535 2244 difficultate,
553 2164 589 2224 tu
608 2161 776 2225 arbitrare:
799 2182 875 2245 non,
898 2162 925 2224 si
942 2160 1023 2224 Var-

67 2249 156 2312 ronis
170 2247 341 2311 thesauros
354 2247 515 2331 haberem,
534 2248 707 2314 subsistere
726 2250 868 2332 sumptui
886 2270 1023 2332 possem.

69 2335 175 2410 Quum
206 2336 346 2419 primum
383 2335 422 2400 de
453 2336 598 2402 Antonio
635 2340 836 2421 exploratum
871 2337 1024 2419 habuero,

67 2423 187 2487 faciam
213 2427 245 2487 16
274 2424 451 2488 certiorem.
502 2424 551 2488 Tu
583 2446 634 2489 me
666 2427 789 2491 amabis
816 2426 876 2509 ita,
908 2427 934 2488 si
961 2425 1023 2488 hoc

68 2511 153 2575 idem
181 2533 231 2575 me
258 2512 293 2575 in
322 2516 354 2576 16
377 2513 483 2577 facere
512 2513 659 2579 senseris.
704 2528 752 2577 111.
775 2511 859 2577 Non.
886 2513 961 2576 Mai.
985 2533 1023 2575 ex

69 2599 192 2683 cestrie,
214 2598 367 2665 Dertona.

514 2810 571 2876 XI.

68 2922 143 2976 Data
162 2925 204 2977 est
223 2939 256 2977 ex
275 2923 386 2990 castris,
410 2939 443 2976 ex
462 2922 563 2977 finibus
583 2921 815 2991 Statiellensium,
838 2922 908 2992 prid.
929 2922 1023 2977 Nonas

395 2993 486 3047 Maias
505 3008 530 3046 a.
549 3011 576 3047 u.
596 3009 619 3047 c.
640 2999 698 3047 711.

112 3116 144 3169 Ι).
164 3115 308 3172 BRUTUS
328 3116 400 3171 IMP.
420 3115 493 3170 COS.
512 3114 628 3171 DESIG.
648 3116 674 3172 S.
694 3116 726 3172 D.
745 3117 782 3172 M.
801 3116 978 3173 CICERONI.

134 3213 257 3280 Eodem
277 3216 422 3299 exemplo
442 3238 462 3279 a
480 3219 512 3279 te
531 3216 610 3280 mihi
628 3217 753 3282 litterae
772 3217 915 3280 redditae
939 3218 1024 3298 sunt,
1044 3236 1058 3284 1

68 3325 131 3387 quo
155 3305 246 3386 pueri
269 3305 332 3368 mei
356 3305 542 3368 attulerunt.
588 3304 729 3369 Tantum
752 3326 802 3368 me
825 3304 885 3367 tibi
909 3303 1023 3366 debere

67 3392 229 3476 existimo,
259 3395 416 3475 quantum
438 3393 619 3475 persolvere
643 3392 772 3456 difficile
800 3395 857 3456 est.
904 3389 1024 3474 Scripsi

66 3481 136 3565 tibi,
159 3501 240 3563 quae
263 3480 316 3544 hic
337 3483 535 3564 gererentur.
560 3478 621 3546 ·In
642 3481 760 3548 itinere
784 3483 837 3546 est
860 3477 1043 3560 antonius,

770 3590 829 3643 ‘23⁹⁵
