2370 3878
132 152 197 216 360
413 153 450 207 Μ.
470 153 593 209 TULLII
612 152 801 208 CICERONIS

130 298 262 367 timores
284 301 433 363 retexunt
456 297 630 381 superiora.
667 295 828 381 Scripsisti
847 303 955 363 autem
974 301 1015 363 ad
1034 324 1089 367 me

130 386 179 469 iis,
202 407 281 469 quas
304 383 414 450 Idibus
437 384 533 450 Maiis
556 385 684 471 dedisti,
706 386 801 451 modo
825 389 857 449 te
881 389 1042 470 accepisse
1069 413 1089 454 a

129 473 250 538 Planco
274 473 397 538 litteras
420 494 488 538 non
510 474 609 557 recipi
631 474 812 538 Antonium
835 496 854 538 a
877 474 1010 558 Lepide.
1048 477 1088 541 Id

130 562 157 625 si
179 562 226 625 ita
248 565 307 645 est,
329 562 438 627 omnia
459 561 620 645 faciliora3
643 562 694 626 sin
718 563 823 646 aliter,
851 584 1006 648 magnum
1029 587 1089 629 ne-

130 650 267 734 gotium,
290 649 380 714 cuius
406 650 527 714 exitum
553 671 595 714 ne
623 651 840 734 extimescam,
872 655 947 715 tuae
975 658 1088 735 partes

130 741 218 801 sunt:
247 757 306 822 ego
334 738 420 821 plus,
448 760 545 823 quam
566 738 642 821 feei,
664 738 769 803 facere
792 761 860 803 non
882 761 1029 823 possum3
1052 748 1088 805 te

128 832 247 910 tamen,
269 825 301 889 id
325 826 410 909 quod
433 847 537 911 spero,
560 827 703 891 omnium
721 827 896 891 maximum
920 832 953 892 et
976 830 1087 892 claris-

130 914 246 978 simum
268 913 375 979 videre
398 915 502 999 cupio.

569 1106 642 1174 XV.

199 1219 256 1275 Sor.
279 1218 385 1275 Romae
407 1236 502 1276 mense
525 1219 604 1274 lunIo
632 1221 707 1290 (post
729 1219 780 1286 Id.)
805 1235 829 1274 a.
853 1238 880 1273 u.
904 1237 926 1274 c.
951 1225 1011 1275 711.

251 1342 288 1396 M.
307 1341 437 1398 CICERO
454 1342 487 1396 D.
508 1341 630 1398 BRUTO
649 1341 724 1397 COS.
743 1341 858 1397 DESIO.
879 1342 906 1397 S.
925 1342 957 1397 D.

93 1464 107 1512 1
193 1441 267 1507 ntsi
289 1441 368 1506 mihi
395 1446 469 1507 tuae
495 1443 622 1507 litterae
648 1442 896 1518 iucundissimae
919 1447 1009 1526 sunt,
1035 1448 1084 1508 ta-

127 1552 203 1595 men
231 1530 401 1595 iucundius
432 1530 509 1614 fuit,
540 1530 626 1614 quod
656 1531 692 1594 in
719 1552 845 1595 summa
872 1533 1084 1614 occupatione

126 1624 184 1683 tua
206 1617 327 1684 Planco
356 1618 497 1704 collegae
524 1618 699 1701 mandasti,
722 1623 759 1683 ut
784 1623 817 1683 te
844 1619 924 1683 mihi
946 1641 1004 1702 per
1031 1621 1083 1685 lit·

126 1711 212 1772 teras
245 1710 423 1789 excusaret3
455 1706 541 1790 quod
572 1706 650 1771 fecit
680 1707 735 1771 ille
767 1706 946 1792 diligenter.
1000 1707 1083 1772 Mihi

128 1798 235 1860 autem
253 1794 336 1860 nihil
354 1795 523 1860 amabilius
538 1794 644 1861 officio
662 1798 719 1860 tuo
739 1798 772 1859 et
785 1795 962 1880 diligentia.
999 1793 1082 1860 Con-

126 1884 248 1951 iunctio
270 1887 328 1951 tua
350 1904 423 1949 cum
446 1885 570 1969 collega
597 1883 829 1967 concordiaque
853 1888 972 1966 vestra,
1000 1906 1083 1967 quae

126 1973 242 2038 litteris
266 1973 489 2038 communibus
517 1973 679 2037 declarata
706 1975 769 2056 est,
798 1973 924 2036 senatui
947 1973 1081 2055 populo-

91 2072 187 2145 2quc
219 2061 367 2127 Romano
400 2060 584 2147 gratissima
621 2060 744 2125 accidit.
803 2058 895 2135 Quod
928 2064 1082 2142 superest,

126 2170 233 2234 perge,
255 2150 300 2213 mi
322 2148 432 2232 Brute,
454 2153 488 2215 et
509 2149 575 2213 iam
597 2169 666 2214 non
688 2169 761 2212 cum
784 2147 869 2230 aliis,
897 2147 952 2212 sed
974 2152 1081 2211 tecum

126 2237 195 2320 ipse
223 2240 318 2302 certa.
366 2236 465 2301 Plura
492 2237 630 2302 scribere
657 2259 724 2302 non
752 2235 866 2317 debeo,
892 2236 1080 2318 praesertim

127 2324 167 2389 ad
189 2328 231 2409 te,
254 2346 317 2409 quo
340 2324 495 2410 magistro
518 2325 685 2390 brevitatis
708 2324 756 2388 uti
780 2324 896 2408 cogito.
941 2323 1080 2386 Litteras

125 2416 199 2478 tuas
226 2412 432 2478 vehementer
458 2417 607 2497 exspecto
635 2417 668 2478 et
695 2411 823 2497 quidem
850 2411 940 2494 tales,
970 2412 1081 2496 quales

126 2501 263 2567 maxime
286 2505 373 2586 opto.

559 2690 648 2759 xvi.
717 2653 721 2660 ’

206 2805 263 2862 Ser.
282 2821 377 2862 mense
395 2806 501 2862 incerto
520 2808 649 2876 (exeunte
666 2805 787 2876 Aprilil)
806 2819 830 2858 a.
849 2821 876 2858 u.
895 2819 919 2859 c.
940 2809 998 2858 711.

249 2929 286 2984 M.
306 2927 432 2985 CICERO
451 2929 484 2985 D.
503 2929 625 2986 BRUTO
645 2928 718 2985 COS.
736 2926 852 2982 DESIO.
872 2925 899 2981 S.
917 2927 950 2981 D.

93 3050 106 3100 1
192 3028 365 3115 Permagni
392 3031 539 3115 interest,
569 3052 631 3116 quo
658 3029 720 3093 tibi
741 3027 821 3092 haec
847 3030 991 3110 tempore
1016 3026 1080 3110 epi-

127 3120 210 3184 stola
232 3119 357 3183 reddita
381 3119 435 3202 sit,
458 3123 566 3183 utrum
590 3139 689 3202 quum
712 3115 936 3180 sollicitudinis
959 3114 1081 3198 aliquid

125 3206 275 3290 haberes,
302 3229 346 3272 an
368 3228 466 3292 quum
490 3207 530 3271 ab
555 3207 643 3272 omni
665 3205 812 3270 molestia
835 3225 954 3268 vacuus
980 3224 1080 3267 esses:

196 3416 218 3471 Ε
241 3421 349 3486 .14,3.
386 3432 420 3471 uc
437 3416 615 3480 extimescam,
633 3418 697 3469 tuoe
715 3411 819 3482 (Crat).
855 3427 912 3466 nou
932 3412 1081 3465 extimesco.

111 3485 196 3539 suae
209 3435 276 3542 IUB.
