2370 3878
358 186 617 245 EPISTOLARUM
635 188 694 242 vll.
715 194 738 243 s.
758 194 784 245 s.
983 185 1047 251 201

539 437 596 504 VI.

269 547 329 606 Sor.
347 550 453 605 Romae
472 566 567 605 meuse
585 549 660 604 Maio
680 565 749 604 au.
770 565 792 604 c.
813 553 872 604 ⁷00.

350 665 478 730 CICERO
498 673 524 728 S.
543 673 576 728 D.
596 672 788 728 TREBATIO.

159 773 201 838 In
228 773 378 838 omnibus
410 774 490 839 meis
518 774 676 859 epistolis,
707 795 787 860 quas
818 771 858 837 ad
882 767 1085 841 Caesaremr

93 865 151 929 aut
169 862 211 927 ad
223 860 364 927 Balbum
382 862 486 947 mitto,
503 863 648 948 legitima
667 863 824 947 quaedam
842 865 893 926 est
911 860 1050 925 accessio
1175 918 1178 923 .

94 951 386 1016 commendationis
416 954 505 1034 tuae,
540 971 600 1014 nec
632 972 671 1014 ea
701 950 860 1034 vulgaris,
892 949 947 1014 sed
979 969 1052 1012 cum

94 1039 203 1124 aliquo
226 1039 349 1123 insigni
376 1038 494 1103 indicio
522 1059 612 1103 meae
640 1056 717 1122 erga
743 1041 776 1101 te
799 1037 1051 1102 benevolentiae.

95 1127 146 1192 Tu
168 1126 264 1193 modo
287 1127 428 1211 ineptias
450 1127 529 1190 istas
553 1128 586 1190 et
608 1125 765 1190 desideria
791 1125 881 1188 urbis
904 1127 938 1189 et
958 1123 1051 1188 urba-

97 1215 209 1280 nitatis
232 1216 356 1300 depone
375 1218 416 1298 et,
439 1235 503 1299 quo
522 1214 656 1278 consilio
675 1213 840 1298 profectus
858 1234 902 1297 es,
922 1212 957 1276 id
975 1212 1052 1276 assi-

96 1304 218 1369 duitate
241 1308 274 1368 et
296 1304 416 1368 virtute
434 1322 641 1386 consequere:
663 1302 726 1367 hoc
743 1301 804 1365 tibi
821 1303 891 1366 tam
907 1301 1053 1386 ignosce-

96 1413 169 1456 mus
192 1412 252 1456 nos
276 1391 379 1475 amici,
402 1413 499 1475 quam
521 1390 718 1476 ignoverunt
738 1389 882 1474 Medeae,

142 1535 224 1599 quaa
243 1510 435 1580 Corinthum
458 1536 564 1580 arcem
587 1515 686 1580 altam
703 1513 869 1580 habebant
886 1517 1053 1579 matronae
1113 1583 1115 1586 ,

471 1604 653 1688 opulentae,
676 1604 859 1689 optimates,

98 1725 216 1810 quibus
235 1726 292 1789 illa
314 1726 464 1792 manibus
483 1726 720 1812 gypsatissimis
737 1726 907 1810 persuasit,
928 1747 971 1790 ne
994 1724 1055 1790 sibi

98 1814 178 1879 vitio
200 1814 275 1879 illae
298 1819 469 1900 verterent,
491 1815 578 1899 quod
601 1814 729 1880 abesset
751 1836 771 1878 a
792 1815 913 1899 patria,
934 1835 1011 1877 narn

145 1938 239 2002 multi
262 1959 354 2004 suam
376 1960 445 2002 rem
466 1939 549 2002 bene
568 1955 696 2023 gessere
720 1940 752 2001 et
770 1937 933 2020 publicam
951 1936 1056 2020 patria

145 2114 248 2198 multi,
271 2114 326 2197 qui
349 2114 436 2179 domi
459 2027 598 2178 aiiiiiii
621 2117 764 2199 agerent,
786 2116 957 2198 propteroa
980 2115 1057 2178 sunt

473 2202 659 2286 improbati,

103 2345 166 2408 quo
189 2324 223 2388 in
247 2346 381 2390 numero
404 2328 441 2390 tu
465 2330 550 2390 certe
572 2326 704 2410 fuisses,
730 2326 848 2391 uisite
871 2326 1091 2397 extrusisses

102 2433 183 2476 mus.
228 2410 291 2478 Sed
313 2415 407 2498 plura
435 2413 609 2479 scribemus
637 2415 725 2480 alias.
771 2413 834 2498 Tu,
862 2415 918 2499 qui
944 2414 1057 2478 ceteris

103 2520 214 2564 cavere
236 2502 384 2588 didicisti,
405 2503 441 2568 in
463 2502 634 2567 Britannia
656 2524 698 2567 ne
721 2503 762 2567 ab
785 2502 952 2568 essedariis
976 2502 1057 2565 deci-

102 2588 201 2672 piaris
219 2595 332 2656 caveto
351 2594 392 2675 et,
410 2592 563 2676 quoniam
580 2591 729 2656 Medeam
747 2592 839 2675 coepi
857 2611 961 2675 agere,
978 2589 1058 2653 illud

104 2697 229 2762 semper
250 2683 425 2746 memento:

147 2802 202 2885 qui
224 2802 294 2887 ipse
317 2803 379 2868 sibi
401 2804 531 2889 sapiens
551 2803 704 2905 prodesse
727 2823 795 2868 non
818 2802 901 2889 quit,
926 2801 1058 2887 nequid·

103 2974 198 3062 Oura,
219 2982 257 3044 ut
278 2979 397 3043 valeas.
475 2911 573 2975 quam
595 2894 688 2977 Μή·

174 3202 226 3273 Ep.
246 3209 275 3271 6,
296 3210 318 3256 1.
355 3203 490 3259 habebunt
506 3208 647 3260 matronae
672 3203 747 3274 (W.).
796 3204 836 3270 ia,
853 3220 888 3258 m.
911 3200 1004 3272 vulgo.
1024 3194 1058 3242 ..’

102 3275 290 3416 mmcd
308 3274 382 3331 mma·
409 3274 494 3345 (W.)?
543 3280 568 3330 2.
595 3276 778 3346 nequidquam
802 3274 917 3345 (vulgo).
967 3274 1059 3343 aaut
