2370 3878
309 180 570 238 EPISTOLARUM
586 182 633 239 XI.
653 187 766 239 21-23.
950 183 1012 247 367

483 431 588 496 XXII.

54 545 116 599 Ser.
127 543 232 599 Romae
245 559 340 598 mense
351 543 485 608 Quinotili
499 543 607 614 (paullo
621 545 686 598 ante
699 560 741 614 pr.
752 542 835 614 Non.)
846 560 871 598 a.
881 561 908 597 u.
918 560 941 598 o.
953 549 1012 598 711.

291 666 329 720 Μ.
349 665 478 721 CICERO
498 666 524 721 S.
543 666 576 720 D.
595 666 628 720 D.
647 667 778 723 BRUTO.

125 765 206 832 Cum
228 766 337 850 Appio
361 763 495 830 Claudio
519 763 553 830 C.
576 765 598 831 f.
622 788 747 830 summa
775 767 854 831 mihi
877 768 1046 831 necessi-1

56 855 137 920 tudo
160 858 210 920 esi
232 855 342 919 multis
366 855 434 919 eius
458 853 572 918 officiis
596 858 629 917 et
651 855 731 919 meis
754 856 873 919 mutuis
896 857 1014 920 eonsti-

56 947 139 1008 tuta.
183 942 264 1007 Peto
291 964 312 1006 a
334 947 366 1007 be
393 943 547 1007 maiorem
574 943 610 1006 in
632 943 764 1007 modum
790 944 841 1008 vel
867 943 1014 1007 humani·

56 1032 137 1096 tabis
158 1035 235 1096 tuae
257 1031 308 1095 rel
330 1052 403 1094 mea
430 1052 540 1114 eausa,
566 1035 604 1095 ut
631 1052 704 1095 eum
732 1031 923 1096 auctorstate
949 1036 1015 1115 tua,

58 1141 142 1204 quae
164 1119 339 1204 plurimum
361 1120 462 1202 veleb,
485 1123 711 1184 conservatum
733 1119 821 1184 velis.
866 1119 951 1184 Volo
974 1123 1016 1202 te,

58 1230 160 1291 quum
181 1208 377 1273 fortissimus
399 1208 448 1270 vir
471 1208 621 1292 cognitus
644 1208 697 1291 sis,
720 1208 817 1271 etiam
836 1208 1014 1272 elementis-

60 1297 179 1360 simum
201 1296 384 1360 existimari.
428 1294 550 1381 Magno
572 1296 633 1360 tibi
661 1296 723 1360 erit
745 1299 935 1360 ornamento
958 1318 1015 1361 no-

60 1383 254 1448 bilissimum
276 1383 511 1448 adolescentem
533 1384 688 1450 beneficio
711 1388 768 1449 buo
786 1406 856 1449 esse
878 1385 1014 1449 salvum:

60 1472 153 1536 euius
181 1471 308 1554 quidem
334 1493 430 1536 eausa
456 1473 518 1537 hoe
550 1473 663 1538 melior
690 1472 786 1537 debet
814 1494 897 1556 esse,
929 1473 1015 1557 quod

60 1561 182 1644 pietate
196 1559 350 1624 adductus
369 1565 501 1644 propter
518 1562 619 1645 patris
637 1561 875 1627 restitutionem
893 1583 928 1625 se
943 1583 1015 1626 eum

60 1648 207 1713 Antonio
226 1649 405 1732 coniunxib3
428 1670 535 1734 quare,
553 1650 614 1714 etsi
631 1651 738 1714 minus
756 1671 865 1714 veram
884 1671 1014 1714 eausam
1033 1658 1050 1706 2

60 1737 209 1822 habebis,
230 1742 340 1802 tamen
363 1739 414 1802 vel
435 1739 638 1821 probabilem
659 1739 800 1822 aliquam
824 1738 945 1821 poteris
967 1738 1015 1800 in·

61 1825 185 1889 ducere.
229 1824 337 1889 Nutus
364 1829 440 1889 tuus
467 1830 576 1909 pobesi
601 1825 766 1890 homiuem
796 1847 921 1889 summo
944 1825 1016 1888 loeo

61 1917 184 1998 natum,
207 1935 332 1979 summo
354 1914 501 1998 ingenio,
524 1935 650 1977 summa
671 1913 799 1994 virtute,
822 1911 1016 1976 offieIosissi-

61 2024 152 2066 mum
173 2006 340 2086 praeterea
363 2006 396 2065 et
418 2002 647 2086 gratissimum,
669 2001 863 2064 ineolumem
885 2001 920 2063 In
942 1999 1017 2063 eivi-

59 2094 129 2154 tate
143 2091 294 2155 retinere:
318 2091 404 2172 quod
422 2093 460 2153 ut
472 2089 581 2172 faciae,
598 2089 645 2153 ita
659 2111 679 2152 a
692 2092 725 2152 te
743 2091 829 2171 pete,
847 2092 884 2152 ut
897 2088 1016 2153 maiore

62 2179 169 2243 studio
192 2179 336 2262 magisve
360 2199 398 2242 ex
421 2177 529 2243 animo
552 2181 660 2261 petere
682 2197 750 2241 non
771 2176 901 2260 possim.

479 2369 600 2435 XXIII.

176 2481 234 2536 Ser.
253 2481 408 2551 Eporediae
426 2481 499 2536 VIII.
519 2482 581 2537 Kal.
599 2483 693 2538 Iunias
711 2499 736 2538 a.
755 2502 781 2538 u.
801 2499 824 2538 c.
845 2488 903 2537 711.

267 2604 299 2658 D.
319 2605 462 2661 BRUTUS
482 2607 507 2662 S.
526 2606 560 2662 D.
578 2607 615 2662 M.
635 2607 813 2663 CICERONI.

129 2702 198 2769 Nos
220 2705 273 2769 hie
295 2707 439 2771 valemus
456 2710 542 2771 reete
561 2710 602 2790 et,
625 2728 689 2790 quo
711 2706 826 2770 melius
845 2706 1051 2789 valeamus,1

62 2813 195 2876 operam
218 2793 373 2858 dabimus.
418 2793 558 2879 Lepidus
586 2794 752 2859 commode
780 2794 875 2859 nobis
899 2795 1016 2858 sentire

61 2880 201 2945 videtur:
233 2883 322 2946 omni
348 2883 464 2948 timore
492 2883 638 2965 deposiIo
666 2882 818 2946 debemus
845 2882 943 2946 libere
971 2883 1017 2945 rei

61 2969 210 3053 publicae
238 2971 413 3035 consulere.
458 2969 550 3046 Quod
578 2970 606 3034 si
633 2971 741 3034 omnia
768 2974 877 3034 essent
904 2971 1018 3052 aliena,

61 3061 173 3121 ’tamen
194 3058 298 3122 tribus
321 3059 424 3123 tantis
447 3058 651 3141 exereibibus,
677 3058 815 3143 propriis
845 3059 891 3122 rei
914 3057 1017 3140 publi·

62 3165 134 3228 eae,
161 3147 344 3210 valentibus
372 3167 527 3231 magnum
551 3147 694 3210 animum
722 3147 841 3211 habere
869 3146 1018 3226 debebas,

63 3254 158 3317 quem
181 3238 214 3298 eb
237 3255 361 3318 semper
379 3235 521 3298 habuisti
540 3239 572 3298 et
590 3256 677 3298 nune
694 3236 827 3299 fortuna
846 3233 1017 3296 adiuvante

63 3342 181 3407 augore
208 3327 310 3406 potes.
355 3321 443 3397 Quae
471 3322 532 3386 tibi
559 3323 775 3406 superdoribus
802 3321 918 3384 litteris
946 3328 1052 3382 meaa

62 3431 161 3474 manu
186 3411 312 3493 scripu,
338 3410 479 3474 berrendi
506 3411 555 3474 tui
582 3432 679 3475 eausa
704 3409 852 3475 homines
882 3408 1017 3489 loquuu-

60 3504 127 3562 tur:
156 3496 184 3561 si
210 3498 336 3562 frenum
362 3499 588 3585 momorderis,
611 3521 761 3586 peream,
789 3498 822 3564 si
844 3499 883 3563 be
910 3516 1045 3575 omues,
