2370 3878
165 176 230 241 586
447 175 485 231 Μ.
504 175 627 229 TULLII
645 174 834 230 CICERONIS

164 326 197 386 te
219 342 287 385 non
309 320 384 403 vidi,
406 342 469 404 quo
492 320 574 384 nihil
597 321 825 386 amantissimis
848 326 882 385 et
898 323 1126 387 coniunctissi-

165 409 225 473 mis
251 408 406 472 fratribus
433 409 619 472 acerbius*
643 410 789 474 miserius
822 409 950 475 videtur
981 412 1125 476 accidere

165 497 317 580 potuisse,
335 496 442 560 minus
461 498 620 576 acerbum,
637 499 744 561 minus
762 499 915 562 miserum
933 499 1009 583 fuit,
1029 522 1124 582 quam

165 585 280 648 fuisset
302 606 401 667 quum
423 586 617 669 congressio,
639 590 709 649 tum
729 608 804 650 vero
824 586 983 671 digressio
1003 592 1124 652 nostra.

138 672 270 755 ⁶Nunc,
293 673 320 736 si
343 676 434 757 potes
456 674 499 756 id,
522 674 608 757 quod
630 694 701 757 ego,
723 676 778 757 qui
798 675 858 738 tibi
879 697 1009 758 semper
1030 676 1123 740 fortis

167 760 310 842 videbar,
332 783 400 825 non
423 783 568 845 possum,
595 763 681 846 erige
704 765 737 825 te
761 766 793 826 et
811 750 986 847 'confirma,
1011 765 1038 827 si
1063 787 1123 847 qua

165 848 332 913 subeunda
360 850 523 914 dimicatio
551 850 624 913 erit:
652 871 759 933 spero,
789 851 817 914 si
844 852 921 934 quid
947 873 1023 915 mea
1052 874 1122 935 spes

164 936 264 1001 habet
282 938 491 1019 auctoritatis,
508 937 569 1001 tibi
587 941 620 1002 et
636 938 857 1022 integritatem
874 943 965 1003 tuam
985 944 1019 1003 et
1038 962 1122 1004 amo-

165 1047 234 1090 rem
260 1026 295 1089 in
322 1030 355 1089 te
378 1026 516 1089 civitatis
540 1030 573 1090 et
598 1026 719 1108 aliquid
746 1027 842 1090 etiam
870 1028 1123 1092 misericordiam

166 1115 270 1179 nostri
296 1114 449 1199 praesidii
475 1115 627 1197 laturam,
655 1115 706 1178 sin
733 1115 795 1178 eris
823 1115 864 1178 ab
892 1115 954 1178 isto
980 1117 1122 1198 periculo

166 1224 300 1285 vacuus,
332 1223 409 1286 ages
432 1202 565 1285 scilicet,
593 1203 622 1266 si
648 1202 725 1286 quid
752 1203 806 1287 agi
834 1225 928 1286 posse
956 1203 997 1266 de
1028 1204 1124 1268 nobis

166 1291 304 1375 putabis.
358 1289 407 1354 De
440 1312 503 1373 quo
536 1290 682 1354 scribunt
713 1291 753 1353 ad
785 1312 836 1355 me
868 1290 998 1374 quidem
1029 1293 1124 1356 multi

165 1380 269 1443 multa
301 1382 334 1443 et
364 1400 399 1443 se
427 1400 555 1462 sperare
582 1378 818 1461 demonstrant3
851 1379 906 1443 sed
929 1400 1008 1463 ego,
1038 1381 1124 1463 quod

167 1488 305 1551 sperem,
332 1488 400 1530 non
428 1466 575 1549 dispicio,
602 1488 701 1549 quum
722 1467 845 1530 inimici
871 1468 1048 1549 plurimum
1073 1491 1123 1531 va·

166 1555 269 1636 leant,
297 1554 390 1617 amici
417 1554 536 1636 partim
563 1555 762 1618 deseruerint
788 1577 852 1637 me,
878 1555 999 1638 partim
1026 1557 1124 1620 etiam

166 1641 379 1727 prodiderint,
407 1642 462 1723 qui
488 1641 524 1705 in
551 1663 622 1706 meo
650 1642 755 1707 reditu
786 1643 923 1707 fortasse
950 1645 1124 1726 reprehen-

167 1730 292 1795 sionem
315 1730 365 1793 sui
388 1729 516 1794 sceleris
547 1731 785 1813 pertimescunt.
831 1729 907 1814 Sed,
929 1731 994 1795 ista
1017 1733 1125 1816 qualia

167 1819 247 1903 sint,
278 1822 315 1883 tu
347 1819 443 1883 velim
474 1819 649 1902 perspicias
680 1820 822 1902 mihique
850 1820 1000 1883 declares.
1052 1820 1124 1904 Ego

166 1912 286 1991 tumen,
309 1907 461 1990 quamdiu
479 1908 540 1970 tibi
558 1929 638 1990 opus
662 1908 731 1989 erit,
754 1908 782 1971 si
801 1908 876 1990 quid
895 1908 1030 1990 periculi
1053 1910 1124 1974 sub-

168 1998 308 2061 eundum
335 1995 471 2078 videbis,
502 1996 621 2058 vivam:
653 1996 773 2059 diutius
804 1996 840 2059 in
870 1995 931 2059 hau
959 1997 1028 2059 vita
1058 2019 1126 2062 esse

167 2106 236 2149 non
258 2106 402 2167 possum,
425 2104 529 2166 neque
553 2084 637 2147 enim
657 2087 784 2147 tantum
801 2084 918 2147 virium
935 2083 1036 2147 habet
1060 2087 1127 2149 ulla

169 2177 226 2237 aut
239 2172 410 2255 prudentia
424 2175 481 2236 aut
494 2171 650 2255 doctrina,
667 2176 704 2235 ut
716 2175 845 2236 tantum
859 2173 1003 2236 dolorem
1021 2175 1128 2256 possit

138 2276 155 2327 ,θ
170 2260 336 2325 sustinere.
382 2259 454 2324 Scio
481 2260 580 2324 fuisse
608 2264 641 2324 et
666 2260 833 2324 honestius
861 2260 1019 2324 moriendi
1045 2265 1127 2325 tem·

168 2371 230 2432 pus
253 2352 286 2411 et
308 2348 432 2430 utilius,
455 2349 510 2413 sed
528 2370 596 2413 non
614 2349 676 2413 hoo
695 2349 809 2431 solum,
831 2349 933 2412 multa
952 2348 1016 2412 alia
1034 2372 1128 2432 prae-

169 2436 301 2521 termisi,
324 2457 405 2520 quae
429 2437 457 2500 si
480 2437 570 2520 queri
592 2436 688 2501 velim
710 2437 893 2519 praeterita,
914 2436 997 2499 nihil
1020 2458 1128 2522 agam,

169 2526 233 2590 nisi
255 2530 293 2589 ut
315 2546 450 2609 augeam
474 2525 617 2589 dolorem
648 2528 754 2608 tuum,
784 2525 923 2588 indicem
953 2525 1128 2590 stultitiam

169 2636 283 2679 meam.
328 2613 413 2678 Illud
441 2612 568 2696 quidem
597 2633 657 2676 nec
684 2613 866 2676 faciendum
893 2615 942 2676 est
968 2634 1029 2676 nec
1057 2614 1129 2678 fieri

169 2706 292 2786 potest,
323 2724 374 2766 me
406 2701 539 2785 diutius,
570 2722 667 2784 quam
699 2705 756 2765 aut
785 2705 878 2765 tuum
909 2705 1036 2784 tempus
1072 2707 1130 2766 aut

170 2791 263 2854 firma
286 2811 359 2873 spes
381 2790 572 2874 postulabit,
598 2791 633 2869 in
655 2793 723 2853 tam
745 2790 863 2853 misera
884 2792 1015 2873 tamque
1037 2791 1129 2874 turpi

171 2878 238 2942 vita
260 2879 460 2961 commorari,
482 2881 527 2960 ut,
550 2878 605 2962 qui
628 2877 723 2942 modo
741 2878 841 2941 fratre
859 2877 984 2959 fuerim,
1006 2877 1130 2960 liberis,

170 2966 322 3050 coniuge,
349 2966 462 3048 copiis,
491 2986 608 3050 genere
634 2966 705 3050 ipso
732 2965 886 3050 pecuniae
913 2964 1131 3050 beatissimus,

242 3158 294 3228 Ep.
314 3163 339 3224 Β,
354 3163 379 3211 4.
416 3158 539 3212 acatius
558 3161 573 3195 *
591 3159 716 3212 misenus
733 3158 808 3227 (W.).
853 3175 894 3224 a,
911 3158 982 3212 nihil
998 3173 1033 3211 m.
1061 3159 1131 3227 (W.)

171 3231 224 3283 aut
241 3246 266 3283 o.
286 3233 336 3282 aut
353 3244 388 3282 m.
412 3230 462 3282 aut
480 3245 505 3282 o.
525 3244 558 3281 ac
575 3244 608 3281 m.
628 3229 702 3297 (RIL)
726 3230 776 3282 aut
794 3245 819 3283 a.
838 3234 864 3282 et
880 3245 915 3282 m.
938 3228 1004 3296 (W.)
1027 3231 1080 3282 aut
1104 3249 1131 3283 a.

171 3315 219 3352 nec
236 3315 270 3351 m.
290 3299 359 3367 (W.)
378 3300 429 3352 aut
446 3316 471 3352 u.
491 3299 648 3352 miseriasve
665 3298 828 3368 (Bucheler,
847 3299 898 3365 Β.).
945 3303 968 3350 5.
993 3304 1072 3366 potes
1091 3302 1133 3366 id,

171 3386 195 3437 q.
215 3369 289 3437 (Ν).
323 3386 361 3436 p.,
379 3369 411 3422 id
428 3385 451 3437 q.
471 3368 565 3437 vulgo.
590 3400 623 3410 —
647 3385 725 3438 opere
738 3385 819 3437 posse
841 3369 909 3438 (Ml,
931 3374 992 3437 101,
1011 3368 1074 3437 R.)?
1095 3387 1132 3424 an

172 3455 250 3565 opleta
263 3443 288 3492 te
301 3455 331 3507 p.
351 3438 435 3508 (W.)?
463 3466 497 3478 -
521 3441 715 3506 pertimescunt
739 3439 799 3508 (h).
832 3440 1026 3507 pertirrrescunt
1043 3439 1132 3503 MRI,

166 3526 260 3585 rugo.
