2370 3878
191 138 255 201 164
472 140 509 193 u.
529 116 653 194 runnu
670 114 862 197 crcunoms
890 154 893 159 ·

188 284 316 347 videtur
338 304 439 347 secus
474 281 643 367 Equidem,
665 306 764 367 quum
781 285 862 349 hoec
880 287 1075 375 scribebam,
1093 290 1142 355 uli·
1177 274 1180 302 ³

190 372 266 455 quid
288 372 353 434 iam
380 374 489 434 actum
516 372 683 454 putabam:
710 392 778 436 non
801 394 865 456 quo
887 374 920 458 *,
946 377 1006 440 sed
1022 378 1047 457 †
1065 378 1141 463 quod

189 460 329 523 difficilis
362 462 431 523 erat
461 460 659 542 coniectura3
688 481 779 543 nam,
810 481 909 544 quum
936 464 1047 529 omnis
1074 467 1142 533 belli

189 547 277 612 Mars
295 548 475 612 communis
494 551 527 610 et
544 568 643 630 quum
661 568 787 631 semper
804 549 919 613 incerti
935 552 1046 617 exitur
1058 574 1142 639 proc·

189 637 307 701 liorum
333 640 422 719 sunt,
449 638 520 699 tum
546 634 609 699 hoc
634 640 779 719 tempore
801 637 849 701 ite
870 658 1011 723 magnae
1038 642 1142 707 utrim-

190 746 251 807 que
275 724 399 807 copiae,
425 724 473 786 itu
499 727 632 807 paratae
659 723 700 787 od
727 724 982 809 depugnandum
1009 748 1083 795 esse
1104 730 1142 795 ‹li-

190 814 316 895 cuntur,
338 816 383 895 ut,
405 815 613 894 utercumque
635 812 755 896 vicerit,
777 834 845 877 non
863 814 907 877 sit
923 814 1047 881 mirum
1064 818 1143 883 lutu-

189 920 270 964 rum.
314 899 375 963 Illa
397 900 433 963 in
455 900 522 964 dies
544 899 690 984 singulos
719 901 823 985 magis
845 902 1015 986 magisque
1038 906 1143 990 opinio

190 987 359 1052 hominum
372 988 590 1070 confirmatur,
608 988 734 1051 etiamsi
751 989 836 1053 inter
854 1006 968 1054 causas
983 1008 1143 1059 armorum

191 1077 392 1159 aliquantum
413 1076 551 1160 intersit,
572 1079 683 1139 tamen
704 1076 789 1140 inter
811 1076 962 1142 victorias
980 1099 1053 1147 non
1070 1082 1143 1147 mul·

190 1168 260 1228 tum
281 1163 525 1228 interfuturum:
552 1164 670 1228 alteros
692 1165 925 1248 propemodum
947 1166 1015 1231 iam
1037 1188 1143 1235 sumus

191 1253 327 1334 experti3
349 1253 388 1314 (le
410 1253 513 1315 altero
535 1268 630 1316 nemo
653 1254 704 1316 cst
726 1254 804 1335 quin
826 1254 961 1337 cogitet,
982 1274 1086 1339 quom
1108 1257 1144 1323 sir

156 1353 172 1401 2
191 1339 381 1403 metuendus
404 1340 506 1403 iratus
529 1340 631 1404 victor
653 1344 805 1404 armatus.
849 1340 921 1406 Hoc
950 1343 1025 1408 loco
1052 1344 1083 1409 oi
1104 1344 1144 1409 ri·

192 1427 269 1491 deor
287 1448 403 1511 augere
422 1426 565 1492 dolorem
582 1431 683 1511 tuum,
704 1448 801 1511 quem
818 1430 1020 1496 consolando
1041 1433 1144 1497 lovere

192 1514 356 1598 debebam,
378 1514 483 1579 fateor
505 1534 555 1579 me
579 1517 798 1581 communium
819 1518 979 1582 melorum
1001 1522 1143 1587 console·

191 1604 314 1666 tionem
341 1603 463 1666 nullam
489 1604 633 1668 invenire
659 1608 789 1688 praeter
815 1606 905 1669 illam
927 1636 971 1652 —·-
995 1626 1080 1691 quoe
1101 1612 1143 1673 tc·

192 1712 275 1774 men,
298 1692 325 1754 si
347 1692 451 1774 possis
475 1710 545 1754 cem
571 1694 747 1776 suscipere,
778 1693 918 1757 maxima
946 1698 1000 1759 est
1019 1714 1143 1781 queque

192 1800 253 1865 ego
285 1776 427 1863 quotidie
458 1780 562 1864 magis
589 1783 664 1844 utor
690 1803 746 1844 -z
778 1782 1013 1846 conscientiam
1041 1788 1143 1849 rector

191 1869 369 1933 voluntatis
391 1868 564 1932 maximam
592 1868 846 1937 consolationem
872 1888 942 1933 esse
968 1886 1080 1935 rerum
1099 1872 1143 1935 in·

192 1958 433 2022 commodarum
453 1977 514 2037 nec
536 1978 605 2021 esse
623 1957 725 2021 ullum
743 1976 899 2041 magnum
915 1958 1041 2023 molum
1058 1978 1143 2045 prae

192 2048 242 2107 ter
273 2047 412 2128 culpem:
445 2067 465 2108 a
487 2067 551 2129 qua
582 2045 736 2128 quoniam
757 2048 886 2108 tantum
913 2045 1083 2133 absumus,
1111 2050 1145 2113 ut

193 2132 290 2195 etiam
313 2133 433 2215 optime
457 2133 661 2216 senserimus,
688 2135 884 2215 eventusque
911 2133 1017 2219 magis
1045 2134 1145 2201 nostri

193 2220 320 2283 consilii
343 2241 439 2302 quam
462 2221 631 2284 consilium
653 2220 915 2305 reprehendatur,
938 2223 972 2284 et
993 2224 1146 2306 quonium

193 2307 421 2390 praestitimus„
440 2307 525 2389 quod
543 2307 718 2392 debuimus,
735 2309 909 2393 moderate,
925 2308 1015 2391 quod
1033 2310 1147 2395 evenit,

192 2394 343 2458 feramus.
388 2392 451 2458 Sed
481 2395 544 2459 hoc
575 2396 655 2459 mihi
681 2399 791 2460 tamen
816 2418 886 2462 non
912 2417 1020 2481 sumo,
1051 2402 1090 2463 ut
1116 2400 1146 2463 te

194 2484 340 2548 consoler
367 2482 406 2546 de
434 2484 656 2547 communibus
681 2485 829 2567 miseriiS,
856 2502 938 2568 quae
965 2483 1008 2549 ad
1037 2506 1147 2553 conso-
1181 2534 1185 2591 Ι

193 2572 326 2636 landum
349 2571 479 2636 maioris
501 2572 625 2656 ingenii
651 2574 685 2636 et
707 2573 748 2636 ud
774 2571 946 2636 ferundum
974 2570 1146 2659 singularis
1182 2594 1185 2611 ¹

194 2661 322 2725 virtutis
344 2659 504 2744 indigent:
532 2660 612 2724 mur
634 2660 734 2725 cuivis
756 2660 851 2724 saeue
874 2663 925 2724 err
945 2659 1073 2748 roem,
1092 2682 1148 2727 eur
1182 2632 1185 2749 l

193 2748 364 2832 praecipue
390 2751 428 2811 tu
455 2747 562 2812 dolere
594 2748 676 2812 nihil
703 2748 833 2831 debeos3
864 2748 933 2812 eius
964 2748 1069 2834 enim,
1096 2748 1148 2835 qui

194 2836 316 2900 tardior
342 2837 378 2900 in
402 2839 435 2900 te
462 2836 599 2901 levando
626 2836 702 2920 fuit,
729 2856 827 2919 quem
852 2836 923 2901 fore
949 2839 1149 2939 putaremus,

194 2943 262 2988 non
285 2927 334 2988 est
356 2924 436 2989 mihi
458 2923 556 2989 dubia
577 2925 616 2989 de
633 2928 692 2990 tua
708 2926 812 2989 salute
831 2926 1000 3009 sententis,
1022 2925 1150 2991 duillio

195 3015 303 3077 autem
333 3034 401 3077 non
431 3013 570 3078 arbitror
604 3016 637 3077 te
673 3017 857 3097 exspectare
893 3010 970 3096 quid
1002 3014 1151 3081 sentium.

264 3188 316 3258 Ep.
340 3194 414 3256 4,1.
450 3203 508 3243 rum
546 3187 861 3256 uo*,eed†quodd.
886 3186 960 3256 (W.).
1003 3202 1065 3243 oon
1088 3204 1153 3258 quc

194 3259 280 3326 mode,
298 3260 346 3314 sed
362 3259 438 3328 quid,
456 3260 508 3325 u(
547 3261 583 3326 .)?
618 3273 675 3312 ocu
692 3272 745 3327 quo
760 3290 855 3312 ......
869 3258 916 3312 recl
932 3256 1047 3327 quood.
1062 3255 1109 3327 V,
1122 3260 1153 3314 B.

195 3336 220 3384 2.
238 3330 364 3386 debebam
378 3330 439 3398 (L).
475 3329 584 3385 debeam
601 3328 666 3383 ΜΒ.
686 3329 1155 3398 -r'tlam-quce...ut0r—:

195 3400 376 3525 comchffl’p
412 3400 442 3467 i,
459 3416 483 3470 q.
504 3439 528 3454 ..
547 3403 623 3455 utor:
640 3414 727 3455 coner.
745 3399 839 3470 vulgo.
858 3429 892 3439 —
911 3412 981 3469 quae
998 3402 1024 3453 et
1037 3400 1079 3455 acl
1091 3416 1155 3457 corr

195 3472 272 3539 sor(
297 3513 302 3525 .
323 3473 421 3540 rosor
