2370 3878
358 114 745 208 marcianenses.
1015 152 1034 214 7
1139 126 1143 137 '

76 321 201 364 summo
235 298 344 364 dolore
372 296 528 363 eiusmodi
554 299 702 380 tempora
733 299 809 380 post
838 299 929 360 tuam
961 319 1035 382 pro·

76 388 250 452 lectionem
273 389 446 452 consecuta
469 407 547 468 esse,
570 388 608 449 ut
629 388 663 449 et
680 405 786 449 meam
804 388 837 448 et
855 388 1035 449 ceterorum

76 496 155 562 erga
177 479 209 539 te
231 475 328 540 fidem
355 478 388 539 et
414 474 673 539 benevolentiam
700 474 816 538 absens
844 473 1034 558 experirere:

76 569 109 628 te
131 564 239 628 ridere
261 567 295 628 et
317 563 435 627 sentire
458 563 593 628 eandem
611 563 708 626 fidem
725 584 794 627 esse
811 562 980 627 hominum
999 562 1035 627 in

77 657 135 717 tua
158 653 325 737 dignitate,
348 673 446 736 quam
469 672 529 736 ego
552 652 588 715 in
610 672 682 715 mea
705 652 808 715 salute
831 673 903 716 sum
925 672 1033 736 exper-

77 745 140 824 tus,
159 762 198 804 ex
215 741 280 804 tuis
298 740 414 804 litteris
428 740 581 815 intellexi.
612 738 682 804 Nos
696 762 795 824 quum
808 741 945 803 maxime
960 761 1034 805 con·
1053 751 1070 797 2

78 829 150 892 silio
175 829 291 912 studio,
313 828 423 893 labore
442 829 548 912 gratia
566 828 605 893 de
629 849 726 892 causa
744 829 833 913 regia
851 829 1035 911 niteremur,

78 917 186 981 subito
210 921 321 982 exorta
340 919 390 980 est
408 916 533 981 nefaria
552 914 685 981 Catonis
703 917 931 1001 promulgatio,
953 938 1034 1000 quae

78 1009 191 1071 nostra
210 1005 316 1070 studia
334 1005 504 1087 impediret
522 1008 554 1069 et
572 1005 696 1068 animos
718 1027 738 1069 a
755 1005 879 1069 minore
899 1026 975 1068 eura
994 1005 1035 1068 ad

79 1117 240 1159 summum
266 1094 416 1158 timorem
441 1093 638 1175 traduceret3
670 1091 724 1156 sed
751 1096 874 1176 tamen,
905 1094 940 1156 in
967 1094 1035 1156 eius

79 1184 163 1247 modi
188 1182 431 1266 perturbatione
459 1202 566 1245 rerum
598 1201 793 1264 quamquam
819 1181 929 1245 omnia
960 1184 1036 1244 sunt

79 1271 261 1353 metuenda,
283 1269 365 1333 nihil
387 1269 491 1354 magis
515 1291 612 1353 quam
633 1268 801 1352 perfidiam
820 1269 980 1352 timemus,
1003 1272 1036 1332 et

81 1356 198 1422 Catoni
217 1358 354 1441 quidem,
376 1380 505 1442 quoquo
524 1358 619 1423 modo
639 1378 673 1421 se
691 1377 742 1421 res
760 1357 868 1441 habet,
889 1357 1035 1440 profecto

80 1445 273 1509 resistemus.
308 1444 357 1509 De
376 1446 596 1511 Alexandrina
619 1466 653 1510 re
672 1466 831 1529 causaque
853 1447 943 1531 regia
964 1450 1036 1509 tan-

80 1537 150 1597 tum
172 1532 275 1597 habeo
298 1534 457 1617 polliceri,
484 1556 536 1599 me
562 1534 623 1598 tibi
647 1534 773 1617 absenti
795 1534 922 1617 tuisque
945 1555 1035 1618 prae·
1055 1553 1071 1600 3

80 1621 225 1685 sentibus
249 1623 408 1686 cumulate
428 1623 678 1706 satisfacturum,
700 1623 755 1686 sed
777 1643 898 1706 vereor,
920 1644 961 1686 ne
980 1626 1037 1685 aut

80 1709 234 1792 eripiatur
262 1731 358 1774 eausa
384 1711 475 1795 regia
497 1711 591 1776 nobis
614 1715 672 1774 aut
694 1711 871 1794 deseratur,
900 1732 1037 1794 quorum

80 1801 189 1860 utrum
211 1798 318 1861 minus
340 1799 449 1882 velim,
476 1821 544 1864 non
566 1799 660 1863 facile
686 1820 820 1882 possum
842 1799 1036 1882 existimare3

80 1885 145 1968 sed,
168 1885 195 1948 si
222 1907 273 1950 res
301 1890 409 1970 coget,
437 1890 487 1951 est
514 1886 666 1970 quiddam
692 1888 837 1968 tertium,
864 1887 949 1969 quod
977 1908 1037 1951 nee

81 1971 117 2046 Q.
146 1970 261 2037 Selicio
288 1994 349 2036 nee
379 1974 461 2037 mihi
492 1975 695 2057 displicebat,
726 1977 764 2038 ut
795 1995 898 2058 neque
933 1976 1049 2039 iacere·

80 2060 216 2144 †regem
233 2063 416 2144 pateremur
435 2082 494 2125 nee
512 2062 606 2127 nobis
629 2063 885 2147 repugnantibus
904 2064 1037 2129 adeum

80 2147 211 2231 deferri,
243 2148 284 2212 ad
312 2170 407 2232 quern
438 2171 539 2234 prope
567 2151 632 2214 iarn
658 2149 800 2216 delatum
827 2152 1036 2216 existimatur.

80 2235 110 2300 A
129 2236 223 2301 nobis
242 2241 381 2321 agentur
399 2238 508 2302 omnia
526 2238 705 2323 diligenter,
727 2242 765 2303 ut
782 2261 895 2324 neque,
913 2241 941 2304 si
960 2239 1035 2324 quid

80 2325 220 2388 obtineri
241 2327 370 2410 poterit,
392 2349 460 2392 non
479 2328 710 2392 contendamus
727 2348 796 2409 nec,
819 2329 848 2392 si
870 2328 946 2411 quid
968 2350 1036 2394 non

79 2412 322 2498 obtinuerimus,
339 2415 460 2499 repulsi
479 2437 547 2480 esse
565 2416 743 2480 videamur:
765 2419 840 2480 tuae
859 2417 1035 2500 sapientiae
1054 2430 1072 2480 4

80 2501 375 2586 magnitudinisque
399 2505 499 2568 animi
518 2508 567 2569 est
585 2525 714 2569 omnem
736 2504 981 2587 amplitudinem
1004 2508 1037 2569 et

80 2588 271 2672 dignitatem
297 2595 388 2656 tuam
419 2593 454 2656 in
480 2593 599 2656 virtute
626 2595 723 2676 atque
750 2592 786 2656 in
812 2591 908 2656 rebus
936 2593 1035 2677 gestis

78 2676 144 2740 tuis
168 2681 263 2761 atque
285 2680 321 2744 in
348 2684 405 2745 tua
432 2681 591 2766 gravitate
618 2681 759 2765 positam
786 2680 980 2764 existimare3
1008 2682 1036 2746 si

79 2764 156 2847 quid
175 2785 213 2828 ex
231 2766 270 2830 iis
288 2769 393 2850 rebus,
416 2791 495 2853 quas
513 2769 574 2833 tibi
591 2769 725 2834 fortuna
742 2769 860 2854 largita
878 2771 936 2853 est,
954 2790 1035 2835 non·

79 2853 242 2918 nullorum
272 2854 441 2921 hominum
471 2857 606 2942 perfidia
637 2857 823 2942 detraxerit,
855 2857 889 2922 id
920 2859 1035 2923 maiori

104 3128 111 3140 ,
148 3059 200 3130 Ep.
224 3069 248 3118 5.
263 3080 288 3118 a.
312 3070 336 3118 2.
377 3066 530 3122 resisterem
552 3068 615 3136 (A.).
656 3067 807 3122 resistimus
828 3067 893 3122 ΜΒ.
935 3073 960 3121 3.
983 3065 1033 3121 eri·

77 3133 175 3212 proter
200 3148 284 3189 causo
307 3137 384 3205 repta
409 3136 467 3205 (Μ).
513 3152 549 3192 er.
576 3138 609 3208 [e.
631 3137 667 3208 n]
694 3137 783 3206 Man,
806 3137 837 3192 B.
866 3168 900 3179 -
927 3151 976 3191 nec
1001 3136 1032 3207 Q.

78 3197 178 3254 Seiano
200 3202 241 3269 (B.
260 3204 351 3275 coni).
387 3223 472 3276 neque
494 3209 522 3264 S.
546 3209 612 3264 ΜΒ.
635 3239 671 3248 -
696 3210 785 3264 iacere
802 3212 917 3277 nepem
996 3208 1034 3262 ad

77 3285 139 3352 eam
156 3271 258 3337 deferri
337 3277 456 3332 &tutam
475 3279 584 3348 (MW.).
616 3281 635 3332 ι’.
654 3294 741 3347 repam
822 3280 860 3333 ad
877 3293 937 3331 eum
954 3293 1033 3346 nepo·

77 3345 147 3395 teum
165 3342 267 3407 deferri
345 3348 464 3402 delatam
482 3350 621 3416 (W.),aut
638 3350 657 3403 i.
676 3365 764 3418 repom
844 3349 882 3402 od
900 3364 960 3403 eron
977 3365 1034 3405 rem

76 3411 130 3477 def.
150 3412 206 3479 (rel
224 3414 250 3467 d.
269 3418 334 3485 rem)
415 3419 507 3474 delato
525 3419 600 3488 (Ν).
636 3421 657 3474 i.
675 3434 731 3474 rem
812 3418 849 3472 ad
867 3432 927 3474 eum
944 3420 971 3475 ol.

76 3481 168 3537 &lota
187 3483 410 3558 (Martynideg,
428 3488 479 3559 B.).
