2370 3878
366 208 625 265 EPISTOLARUM
643 209 703 263 XII.
725 215 765 263 lt.
980 208 1043 271 397

88 373 194 435 neque
221 352 402 416 imminenti
430 351 543 416 Italiae
571 352 705 435 urbique
736 356 866 417 nostrae
894 352 1045 435 periculo,

87 440 118 504 si
136 440 190 503 ille
209 440 368 523 parricida
386 461 458 504 cum
477 441 542 504 suis
560 439 740 504 latronibus
758 440 894 505 navibus
913 461 952 502 ex
965 438 1045 503 Asia

87 525 246 610 Syriaque
274 528 424 611 expulsus
450 526 578 591 Italiam
610 528 756 611 petisset,
783 527 915 610 mederi,
948 549 1045 610 quum

88 614 185 679 facile
207 618 350 699 possent,
372 615 551 680 voluerunt.
586 613 760 679 Nonnullis
784 615 881 678 etiam
899 615 961 698 ipsi
979 628 1080 679 mas

90 703 246 786 gistratus
274 702 447 766 veniebant
474 703 508 765 in
537 703 751 784 suspicionem
783 703 957 766 detinuisse
985 724 1045 766 nos

90 793 125 853 et
152 789 309 853 demorati
341 811 423 872 esse,
459 789 534 853 dum
566 790 676 853 elassis
708 789 896 853 Dolabellae
930 791 1045 854 certior

89 877 183 940 fieret
210 876 248 940 de
281 877 421 940 adventu
447 880 573 958 nostru,
607 898 703 960 quam
731 878 945 960 suspicionem
972 899 1045 942 oon·

90 967 220 1028 secutae
243 985 294 1027 res
318 965 441 1046 aliquot
463 967 634 1045 auxerunt,
661 965 797 1027 maxime
825 964 911 1048 quod
939 965 1045 1029 subito

91 1073 132 1115 ex
145 1050 243 1135 Lycia
263 1049 332 1114 Sex.
353 1050 475 1116 Marius
493 1056 526 1115 et
544 1048 578 1115 O.
597 1051 710 1133 Titius,
732 1052 832 1134 legati
850 1051 1046 1133 Dolabellae,

90 1160 112 1202 a
145 1139 245 1202 classe
277 1139 491 1203 discesserunt
526 1139 663 1222 navique
699 1140 799 1223 longa
833 1139 1047 1222 profugerunt

25 1262 32 1270 ·
92 1226 248 1290 onerariis
275 1227 407 1309 relictis,
438 1228 473 1290 in
501 1226 616 1309 quibus
645 1226 833 1310 colligendis
861 1248 928 1290 non
955 1227 1046 1289 mini-

92 1335 182 1377 mum
208 1314 363 1397 temporis
390 1315 571 1398 laborisque
602 1317 876 1397 consumpserant.
925 1313 1046 1396 Itaque,

92 1422 192 1484 quum
216 1401 255 1464 ab
279 1401 395 1466 Rhodo
419 1423 491 1465 cum
513 1403 567 1479 iis,
595 1423 673 1484 quas
702 1401 931 1485 habueramus,
958 1402 1046 1466 navi·

92 1489 154 1553 bus
176 1489 211 1551 in
234 1488 365 1571 Lyciam
388 1490 598 1573 venissemus,
620 1511 719 1555 naves
743 1490 906 1554 onerarias
928 1491 1046 1573 recepi-

91 1598 165 1640 mus
179 1575 379 1659 dominisque
397 1577 603 1661 restituimus,
620 1578 788 1661 iidemque,
807 1578 891 1661 quod
910 1579 1047 1642 maxime

92 1664 291 1748 verebamur,
313 1686 354 1728 ne
377 1669 486 1749 posset
503 1665 673 1730 Dolabella
692 1687 764 1729 cum
783 1667 848 1730 suis
867 1666 1047 1730 latronibus

92 1751 129 1814 in
150 1749 280 1815 Italiam
302 1753 420 1836 venire,
441 1755 554 1818 timere
578 1753 741 1817 desiimus:
766 1755 900 1817 classem
922 1753 1047 1836 fugien-

93 1841 160 1902 tem
187 1841 345 1923 persecuti
377 1862 485 1904 sumus
516 1862 616 1924 usque
644 1838 766 1922 Sidam,
799 1860 879 1922 quae
908 1843 1048 1902 extrema

93 1926 183 2011 regio
216 1931 265 1991 est
295 1928 478 2011 provinciae
510 1948 607 1991 meae.
664 1926 715 1991 Ibi
751 1927 889 2010 cognovi
924 1930 1083 2009 partemo

93 2014 227 2077 navium
253 2013 440 2080 Dolabellae
463 2015 643 2099 diffugisse,
669 2015 809 2096 reliquas
837 2012 962 2097 Syriam
990 2012 1048 2096 Cy-

71 2122 250 2185 prumque
273 2104 404 2186 petisse:
432 2103 547 2186 quibus
570 2103 724 2184 disiectis,
752 2123 851 2185 quum
879 2102 992 2165 scirem
1015 2100 1049 2166 O.

94 2184 212 2274 Cassii,
239 2191 411 2274 singularis
435 2191 512 2255 civis
541 2194 573 2254 et
596 2191 697 2272 ducis,
720 2190 855 2253 classem
878 2191 1049 2254 maximam

93 2274 164 2340 fore
190 2282 319 2360 praesto
351 2280 386 2341 in
413 2276 518 2363 Syria,
550 2277 590 2341 ad
617 2298 724 2341 meum
756 2277 897 2341 officium
924 2279 1049 2359 reverti,

93 2363 241 2449 daboque
261 2387 400 2450 operam,
423 2371 459 2430 ut
477 2387 584 2429 meum
603 2365 753 2448 studium,
776 2365 977 2449 diligentiam
994 2387 1048 2429 vo-

93 2451 159 2535 bis,
185 2474 217 2537 p.
240 2474 279 2536 c,
309 2455 417 2537 reique
445 2453 591 2538 publicae
618 2456 791 2536 praestem,
818 2454 1048 2537 pecuniamque

34 2556 40 2565 ·
93 2559 192 2622 quam
218 2541 390 2605 maximam
417 2546 530 2625 potero
558 2545 590 2605 et
618 2563 714 2624 quam
746 2542 907 2604 celerrime
935 2561 1049 2623 cogam

94 2627 307 2712 omnibusque
329 2630 508 2694 rationibus
536 2629 577 2693 ad
600 2651 656 2693 vos
680 2629 817 2695 mittam.
862 2626 896 2690 si
922 2647 1049 2709 percur-

92 2735 166 2778 rero
198 2717 397 2799 provinciam
429 2721 461 2781 et
493 2738 688 2801 cognovero,
725 2717 781 2799 qui
813 2714 906 2779 nobis
939 2717 971 2776 et
1002 2715 1049 2777 rei

93 2802 241 2885 publicae
264 2805 360 2868 fidem
377 2805 597 2887 praestiterint
619 2805 654 2866 in
672 2800 891 2886 conservanda
913 2802 1049 2884 pecunia

91 2911 114 2952 a
137 2912 188 2954 me
212 2892 370 2975 deposita,
400 2893 517 2975 quique
541 2893 657 2954 scelere
680 2892 766 2955 ultro
790 2890 968 2954 deferentes
996 2911 1049 2972 pe-

93 2978 223 3042 cuniam
245 2980 407 3062 publicam
430 2979 492 3043 hoo
515 3000 646 3042 munere
666 2979 851 3042 societatem
868 2977 1049 3041 facinorum
1117 3028 1120 3033 .

93 3086 167 3128 cum
194 3066 364 3132 Dolabella
391 3067 535 3148 inierint,
566 3067 683 3129 faciam
710 3087 767 3130 vos
795 3066 954 3129 certiores.
999 3063 1048 3126 De

93 3153 223 3237 quibus,
251 3155 279 3218 si
301 3154 393 3218 vobis
415 3154 588 3237 videbitur,
612 3155 651 3236 si,
674 3156 711 3216 ut
734 3153 838 3216 meriti
861 3155 951 3234 sunt,
977 3170 1048 3233 gra·

93 3240 175 3304 viter
198 3242 428 3307 constitueritis
451 3264 574 3327 nosque
597 3245 703 3305 vestra
731 3239 920 3304 auctoritato
943 3237 1047 3300 firma·

164 3449 216 3519 Ep.
242 3456 287 3516 15,
303 3456 326 3503 6.
355 3452 475 3504 stadium
494 3451 713 3518 diligentiamque
732 3447 815 3514 (W.)?
835 3475 868 3484 -
889 3461 920 3514 p.
939 3461 961 3500 o.
981 3445 1046 3512 (Mb.

88 3524 184 3589 patres
202 3521 350 3588 conscripti
368 3521 461 3592 vulgo.
480 3551 515 3560 —
534 3521 660 3576 scelerate
687 3518 762 3573 ultro
786 3516 856 3588 tlibi
