2370 3878
358 169 616 228 nplsnolentn
633 171 666 225 v.
687 177 727 226 20.
748 176 790 226 21.
989 167 1053 233 155

531 453 619 519 XXI.

224 574 280 631 Sor.
300 575 404 631 Romee
424 576 500 643 (ante
518 593 554 629 m.
574 575 711 645 Aprilem)
730 590 754 629 a.
774 592 800 628 u.
820 590 842 628 e.
863 579 922 629 708.

306 717 344 771 Μ.
363 716 492 772 CICERO
512 716 538 770 S.
558 716 590 770 D.
609 716 640 770 L.
659 714 840 770 MESCINIO.

166 822 283 889 Gratae
306 824 386 889 mihi
408 829 483 889 tuae
506 825 632 888 litterae
653 824 793 908 fuerunt,
817 846 855 888 ex
873 825 988 908 quibus
1006 825 1087 890 in·1

90 914 216 995 tellexi,
235 913 320 996 quod
339 913 437 977 etiam
455 914 524 978 sine
543 912 658 977 litteris
674 912 862 995 arbitrabar,
883 915 915 977 te
931 934 1055 977 summa

98 1001 276 1085 cupiditate
300 1001 450 1066 affectum
473 1023 542 1065 esse
566 1000 695 1064 videndi
717 1001 792 1064 mei:
817 999 903 1082 quod
925 1021 986 1084 ego
1009 1002 1055 1065 ite

95 1091 238 1154 libenter
260 1090 392 1174 accipio,
414 1093 452 1153 ut
473 1093 584 1152 temen
605 1088 666 1152 tibi
683 1108 751 1153 non
771 1087 958 1170 concedam3
980 1110 1056 1152 nem

94 1182 208 1242 tecum
230 1199 308 1261 esse,
330 1178 377 1241 ite
399 1177 479 1241 mihi
503 1177 620 1260 omnia,
643 1197 724 1260 quae
745 1179 832 1261 opto,
855 1175 1056 1260 contingant,

99 1270 138 1331 ut
160 1265 366 1331 vehementer
387 1266 497 1330 velim!
521 1265 649 1349 etenim,
672 1286 769 1348 quum
792 1266 877 1328 esset
898 1264 1002 1328 maior
1024 1267 1057 1328 et

98 1354 243 1418 virorum
266 1357 299 1417 et
326 1354 443 1418 civium
469 1354 628 1418 bonorum
657 1356 689 1416 et
715 1352 927 1417 iucundorum
954 1353 1055 1416 homi·

98 1463 180 1505 num
212 1445 245 1505 et
272 1442 451 1506 amentium
482 1442 545 1505 mei
577 1442 683 1525 eopia,
715 1444 824 1505 tamen
856 1445 925 1505 erat
952 1462 1056 1524 nemo,

100 1528 231 1613 quicum
254 1551 357 1594 essem
378 1530 531 1594 libentius
555 1551 651 1613 quam
673 1532 788 1613 tecum,
812 1533 844 1593 et
861 1530 966 1613 peuri,
988 1530 1056 1612 qui-

100 1617 236 1681 buscum
264 1639 367 1681 essem
394 1639 493 1701 aeque
525 1618 676 1701 libentem
707 1618 769 1682 hoe
801 1639 876 1682 vero
891 1622 1056 1700 tempore,

100 1726 202 1788 quum
226 1705 280 1768 alii
303 1706 493 1789 interierint,
516 1707 570 1769 elii
593 1706 709 1789 absint,
732 1705 787 1769 alii
805 1707 921 1769 mutati
944 1707 1056 1770 volun·

100 1795 169 1857 tate
191 1792 267 1877 sint,
289 1816 390 1858 unum
408 1794 532 1858 medius
555 1794 649 1858 fidius
671 1798 779 1857 tecum
797 1793 881 1857 diem
903 1794 1056 1858 libentius

101 1881 265 1964 posuerim
293 1904 389 1964 quem
420 1882 482 1946 hoe
511 1903 604 1947 omne
635 1886 762 1964 tempus
795 1903 867 1946 eum
896 1882 1056 1965 plerisque

103 1990 223 2053 eorum,
244 1969 434 2052 quibuscum
452 1970 525 2035 vivo
545 1969 737 2051 neeessari03
760 1969 828 2033 noli
847 1969 933 2032 enim
951 1970 1057 2033 existi-

101 2078 191 2120 mare
214 2056 294 2121 mihi
316 2079 384 2122 non
414 2057 619 2123 solitudinem
641 2056 863 2122 iucundiorem
885 2078 967 2140 esse,
995 2079 1058 2141 qua

100 2148 213 2209 tamen
235 2145 306 2228 ipse
332 2146 381 2210 uti
408 2168 475 2211 non
501 2146 589 2230 licet,
620 2167 717 2230 quam
748 2166 911 2209 sermones
939 2162 1058 2228 eorum,

104 2233 160 2316 qui
191 2232 400 2318 frequentent
431 2235 561 2300 domum
592 2256 710 2318 meam,
742 2237 874 2317 excepto
906 2255 971 2299 uno
1002 2238 1059 2298 aut

104 2343 265 2385 summum
288 2324 399 2387 altero.
444 2322 557 2406 Itaque
580 2326 654 2389 utor
679 2322 791 2387 eodem
812 2322 971 2407 perfugio,
994 2345 1092 2407 quoe

103 2409 164 2472 tibi
196 2411 352 2474 utendum
384 2432 512 2494 cense0‚
542 2411 692 2475 litterulis
724 2411 857 2495 nostris,
893 2415 1059 2494 praeterea

104 2499 302 2562 conscientia
325 2499 422 2563 etiam
442 2499 648 2564 consiliorum
665 2521 823 2582 meorum3
846 2519 907 2583 ego
926 2500 1012 2563 enim
1030 2500 1058 2563 is

105 2607 189 2670 sum,
217 2587 486 2671 quemadmodum
512 2591 549 2650 tu
570 2586 722 2651 facillime
748 2590 841 2671 potes
868 2587 1058 2670 existimare,

105 2674 160 2758 qui
178 2674 260 2739 nihil
279 2697 431 2757 umquem
449 2696 521 2739 mea
538 2675 646 2758 potius
665 2696 761 2758 quam
779 2696 924 2740 meorum
942 2675 1059 2739 civium

102 2783 202 2827 eausa
224 2763 368 2845 fecerim3
392 2763 443 2828 eui
465 2763 529 2827 uisi
546 2763 714 2827 invidisset
735 2764 772 2847 is,
794 2785 890 2847 quem
912 2766 948 2827 tu
967 2785 1058 2828 num·

105 2872 203 2933 quam
226 2851 342 2915 amasti
366 2887 408 2896 —-
431 2873 481 2915 me
505 2850 591 2915 enim
614 2853 745 2916 amabas
765 2888 816 2935 —-,
839 2851 962 2936 etipse
985 2852 1058 2916 bee-

104 2941 158 3001 tus
187 2943 272 3003 esset
299 2943 332 3003 et
361 2961 472 3004 omnes
503 2939 590 3004 boni.
635 2938 708 3024 Ego
736 2962 821 3025 sum,
852 2940 907 3024 qui
939 2941 1058 3005 nullius

105 3025 172 3087 vim
193 3027 265 3108 plus
287 3028 394 3092 velere
417 3027 505 3092 volui
524 3048 620 3111 quom
637 3027 810 3093 honestum
829 3030 939 3113 otium,
960 3029 1059 3093 idem·

106 3132 178 3195 que,
201 3134 299 3196 quum
321 3114 378 3178 illa
399 3116 470 3199 ipsa
494 3137 596 3199 erma,
624 3137 705 3199 quae
732 3138 858 3202 semper
880 3117 1059 3200 timueram,

104 3200 178 3283 plus
201 3222 296 3284 posse
319 3204 405 3267 sensi
433 3226 529 3288 quam
555 3205 648 3269 illum
676 3225 869 3270 consensum
890 3205 1059 3287 bonorum,

104 3311 201 3372 quem
224 3309 285 3374 ego
312 3290 397 3355 idem
424 3293 603 3376 effeceram,
635 3294 747 3376 quavis
773 3296 845 3357 tuta
872 3291 1059 3356 condicione

175 3500 226 3571 Ep.
247 3505 328 3569 21,1.
365 3501 433 3556 midi
451 3503 543 3557 omniu
563 3501 625 3571 (V.).
662 3518 697 3556 ru.
717 3499 899 3573 [eouzuruuiul
913 3515 938 3555 o.
955 3501 1029 3554 ele.
