2370 3878
174 202 238 265 3(ῑῦ
455 203 492 256 Μ.
512 202 633 256 Tl'LLll
652 201 844 256 CICERONIS

174 347 214 410 ad
234 347 340 411 officia
360 350 544 428 certantem,
567 347 726 428 equitatus
745 347 997 429 auxiliorumque
1018 350 1129 411 tantas

175 436 299 518 copiaS,
326 439 464 517 quantas
486 433 547 497 hae
575 438 687 518 gentes
711 435 751 497 ad
775 436 1008 498 defendendam
1036 457 1128 498 suam

175 525 311 587 salutem
342 523 586 604 libertatemque
615 522 770 586 conficere
800 527 949 606 possunt,
981 524 1049 606 ipsc
1081 523 1129 585 ita

176 634 246 674 sum
277 611 385 674 animo
418 615 548 693 paratus
580 610 630 673 vel
657 611 855 693 provinciam
883 611 966 693 tueri
993 611 1042 673 vel
1072 611 1130 692 ire,

176 721 237 782 quo
256 721 307 762 res
326 698 454 781 publica
472 702 574 780 vocet,
596 700 646 761 vel
664 699 790 763 tradere
809 700 991 780 exercitum,
1009 699 1128 761 auxilia

175 786 444 870 provinciamque,
465 790 502 850 ut
524 787 574 849 vel
598 808 725 850 omnem
747 787 902 869 impetum
921 788 996 850 belli
1018 788 1053 849 in
1076 808 1127 848 me

176 880 361 937 convertere
388 895 454 938 non
484 895 641 957 recusem,
672 875 700 938 si
731 876 827 939 modo
860 897 931 939 meo
964 897 1039 938 casu
1071 879 1129 936 aut

176 962 365 1026 confirmare
396 963 519 1045 patriae
552 963 687 1025 salutem
719 966 776 1027 aut
802 964 979 1046 periculum
1005 963 1128 1045 possim
1171 1009 1174 1012 -

149 1051 302 1115 rmorari.
337 1056 423 1114 Haec
446 1051 474 1114 si
495 1052 560 1114 iam
584 1050 737 1134 expeditis
757 1051 906 1115 omnibus
927 1051 1021 1114 rebus
1040 1053 1128 1113 tran-

176 1140 337 1222 quilloque
362 1142 448 1202 statu
475 1138 614 1203 civitatis
637 1140 803 1222 polliceor,
830 1141 865 1201 in
892 1139 1009 1202 damno
1037 1159 1128 1200 meae

175 1228 279 1291 laudis
301 1228 347 1290 rei
369 1227 516 1309 publicae
534 1227 701 1290 commodo
720 1228 878 1308 laetabor,
901 1228 951 1290 siu
970 1227 1010 1290 ad
1030 1226 1127 1289 socic-

175 1319 276 1378 tatem
305 1315 585 1398 integerrimorum
612 1318 644 1377 et
671 1315 882 1380 maximorum
914 1314 1128 1398 periculorum

176 1403 334 1481 accedam,
358 1403 492 1467 consilia
514 1423 585 1465 mea
608 1403 717 1484 aequis
735 1403 892 1467 iudicibus
911 1404 951 1466 ab
971 1403 1127 1467 obtrecta-

176 1491 264 1554 tione
287 1490 469 1553 invidorum
491 1489 691 1553 defendenda
714 1490 910 1556 commendo.
956 1490 1036 1554 Mihi
1060 1489 1128 1571 qui·

177 1578 249 1641 dem
272 1578 333 1661 ipsi
355 1578 479 1641 fructus
497 1578 682 1641 meritorum
700 1599 844 1642 meorum
862 1580 897 1641 in
916 1579 963 1643 rei
980 1577 1128 1661 publicae

176 1665 396 1730 incolumitate
429 1666 507 1729 satis
538 1686 676 1750 maguus
708 1670 756 1729 est
783 1673 928 1749 paratus3
961 1687 1014 1730 eos
1041 1687 1128 1745 ver0,

177 1755 232 1837 qui
263 1776 367 1818 meam
397 1754 620 1818 auctoritatem
652 1757 685 1816 et
720 1756 821 1818 multo
854 1757 957 1839 magis
989 1760 1126 1818 vestram

176 1843 272 1907 fidem
295 1842 395 1906 secuti
417 1863 476 1906 nec
498 1843 564 1905 ulla
587 1863 643 1925 spe
666 1841 769 1925 decipi
791 1865 851 1907 nec
868 1844 935 1907 ullo
956 1846 1043 1906 metu
1064 1845 1126 1905 ter-

176 1933 240 1995 reri
262 1934 445 2014 potuerunt,
466 1934 504 1994 ut
527 1930 766 1995 commendatos
787 1932 877 1997 vobis
896 1931 1052 2014 habeatis,
1074 1951 1126 2014 pe·

176 2020 308 2084 tendum
331 2018 464 2083 videtur.

621 2209 679 2277 IX.

179 2324 234 2380 Scr.
253 2325 283 2378 in
301 2324 394 2379 Gallia
412 2323 588 2379 Narbonensi
603 2327 721 2379 excunte
734 2341 828 2380 mense
843 2324 934 2394 Aprili
948 2341 972 2378 a.
987 2342 1014 2379 u.
1028 2341 1051 2380 o.
1068 2331 1126 2380 711.

428 2447 592 2502 PLANCUS
612 2447 780 2503 CICERONI
799 2448 873 2503 SAL.

151 2544 165 2586 ¹
243 2547 334 2612 Nihil
352 2571 402 2612 me
420 2549 479 2612 tibi
498 2552 616 2612 temere
635 2553 692 2612 aut
708 2553 741 2613 ta
759 2549 872 2613 ceteris
891 2551 927 2613 de
944 2571 994 2613 me
1007 2549 1129 2613 frustra

178 2638 333 2719 recepisse
351 2638 465 2702 laetor:
487 2639 571 2700 certe
589 2636 651 2700 hoc
669 2638 772 2701 maius
790 2637 890 2701 habes
909 2637 1129 2702 testimonium

178 2725 296 2788 amoris
318 2726 390 2808 mei,
412 2746 475 2809 quo
494 2724 650 2788 maturius
668 2725 727 2788 tibi
746 2747 841 2808 quam
860 2727 972 2789 ceteris
996 2726 1130 2790 consilia

178 2833 249 2875 mea
272 2813 358 2875 volui
382 2835 449 2877 esse
472 2817 559 2878 nota.
595 2811 635 2876 ln
656 2813 722 2877 dies
745 2835 821 2878 vero
839 2814 1026 2878 meritorum
1044 2835 1129 2877 meo-

178 2922 250 2963 rum
268 2899 336 2962 fieri
355 2901 552 2965 accessiones
571 2901 735 2985 pervidere
753 2906 785 2965 te
805 2923 907 2985 spero,
926 2902 1130 2986 cogniturum

143 3011 159 3059 2
179 2989 282 3072 magis
304 2989 431 3070 recipio.
477 2988 569 3064 Quod
592 2989 632 3053 ad
655 3011 706 3053 me
730 2991 859 3074 attinet,
885 2990 930 3053 mi
953 2987 1063 3053 Cicero
1086 3026 1130 3035 -

178 3079 225 3140 ita
243 3076 284 3139 ab
303 3076 543 3140 imminentibus
562 3078 654 3142 malis
673 3098 724 3142 res
742 3078 871 3162 publica
888 3099 939 3140 me
958 3077 1131 3141 adiuvante

179 3165 342 3229 liberetur!
367 3200 408 3211 -
433 3165 477 3229 sic
490 3164 630 3230 honores
644 3166 848 3249 praemiaque
862 3168 969 3230 vestra
983 3165 1132 3249 suspicio,

248 3393 300 3464 Ep.
320 3399 344 3459 8,
360 3398 384 3447 6.
416 3398 536 3460 paratas
553 3392 594 3447 vel
608 3392 658 3459 (sic
671 3393 720 3461 M.)
818 3408 884 3447 aaa.
899 3393 1133 3461 provinciasque,

165 3468 201 3514 ut
216 3465 262 3517 ael
276 3463 351 3531 (edd.
374 3466 465 3535 vett).
496 3479 574 3536 par,
591 3468 624 3520 at
640 3464 682 3519 aet
699 3463 749 3533 (sic
768 3462 878 3532 Graev.)
977 3481 1003 3518 a.
1018 3464 1131 3531 provin·

149 3531 281 3602 etiamque
301 3537 347 3593 ael
361 3536 410 3608 M„
431 3537 466 3595 B.
