2370 3878
122 186 187 251 640
406 184 443 242 u„
463 184 587 243 TULLII
603 185 794 242 CICERONIS

93 332 251 417 squidem
278 335 362 396 uerte
389 331 480 396 nihil.
526 329 656 396 Serrani
683 331 861 398 Domestioi
893 332 961 398 filii
992 333 1089 400 funus

121 420 360 504 perluctuosum
382 419 446 483 fuit
467 441 496 483 a.
519 419 549 485 d.
571 437 641 484 vm.
667 418 739 484 Kal.
761 418 953 486 Decembr.:
982 421 1090 488 leudo-

92 509 170 573 evit
200 511 292 591 pater
324 506 443 590 scripto
475 528 556 572 meo.
605 506 702 572 Nune
733 508 772 571 de
802 507 945 576 Milone.
998 509 1090 577 Pom·

121 596 212 679 peius
236 596 264 659 ei
283 595 365 659 nihil
382 594 505 678 tribuit,
527 596 636 660 omnio
654 594 770 660 Guttae
790 595 939 681 dicitque
964 620 1000 664 se
1023 621 1090 685 per·

121 686 289 765 lecturum,
312 684 406 747 utin
429 683 520 747 illum
542 680 660 747 Caesar
681 682 861 748 incumbet:
884 685 958 751 hoo
981 687 1091 753 horret

120 770 214 854 Milo,
246 792 306 835 nee
337 771 469 853 iniuria,
500 773 546 854 et,
579 772 606 835 si
637 771 690 835 ille
722 771 864 837 (liniator
894 773 1016 841 faetus
1044 777 1090 860 sit

120 880 223 943 paene
251 858 378 923 diffidit
422 859 672 925 Intercessorem
699 859 880 925 dictaturae
912 862 944 926 si
975 864 1090 929 iuverit

120 968 220 1012 manu
252 951 285 1011 et
315 947 475 1031 praesidio
508 968 580 1031 suo,
606 946 794 1032 Pompeium
825 951 954 1015 metuit
988 953 1090 1017 inimi·

119 1057 207 1118 oum3
235 1035 262 1099 si
285 1057 352 1100 non
374 1035 499 1119 iuverit,
521 1036 627 1119 timet,
656 1057 698 1100 ne
720 1036 867 1120 pervim
888 1039 1090 1122 perferatur.

120 1122 229 1188 Ludos
252 1128 389 1207 apparat
411 1124 758 1209 magnificentissimos,
786 1125 846 1210 sio,
873 1125 1036 1213 iuquam,
1058 1133 1091 1194 ut

120 1232 214 1276 nemo
239 1212 503 1295 sumptuosiores:
531 1212 628 1276 stulte
656 1212 705 1276 bis
732 1216 844 1295 terque
872 1234 950 1279 non
980 1221 1090 1301 postu·

120 1300 213 1382 latos,
235 1300 285 1364 vel
309 1300 383 1384 quis
402 1321 519 1365 munus
539 1300 746 1385 magnifieum
764 1300 908 1386 dederat,
934 1305 992 1369 rel
1017 1307 1090 1390 quio

119 1388 290 1452 facultates
313 1409 380 1453 nou
403 1391 509 1473 erent,
536 1388 587 1452 vel
610 1388 686 1472 quia
711 1390 863 1472 potuerat
885 1394 1090 1478 magistrum

120 1497 163 1557 se,
185 1497 252 1541 non
276 1475 411 1541 aedilem
432 1479 555 1560 putare.
592 1475 709 1540 Omnia
730 1476 798 1542 fere
821 1477 954 1563 scripsi.
994 1479 1089 1567 Cura,

117 1562 164 1628 'mi
187 1564 349 1628 carissime
371 1564 480 1647 frater,
502 1567 540 1627 ut
562 1565 678 1632 valeas.

568 1790 626 1862 IX.

205 1940 208 1944 >
260 1911 318 1970 Sor.
335 1913 441 1968 Romae
459 1929 553 1968 mense
572 1913 720 1968 Decembri
738 1929 763 1968 e.
782 1930 809 1968 u.
827 1929 852 1969 e.
873 1919 938 1972 700.

226 2032 393 2111 urruns
412 2054 567 2126 Qururo
585 2053 748 2111 uersor
763 2053 984 2114 surorum·

93 2190 106 2233 r
185 2161 235 2231 De
258 2161 395 2229 Gabinio
418 2163 501 2229 nihil
522 2163 586 2227 fuit
606 2162 790 2228 faciendum
815 2163 972 2250 istorum,
1003 2189 1086 2275 puae

119 2274 140 2317 a
161 2254 194 2319 te
222 2252 441 2319 amantissime
468 2252 611 2336 cogitate
638 2253 722 2317 sunt
775 2245 856 2317 Τότε
883 2274 945 2335 μοι
973 2276 1085 2337 pavor„

118 2339 195 2405 Feci
217 2361 343 2405 summa
365 2362 437 2405 oum
460 2340 633 2424 greritste,
659 2341 698 2404 ut
720 2358 831 2403 omnes
854 2337 1025 2428 sentiunt,
1051 2347 1084 2408 et

119 2449 245 2493 summu
271 2449 345 2493 oum
371 2429 518 2512 lenitate,
545 2449 626 2512 quae
653 2427 729 2510 feei3
755 2427 847 2491 illum
873 2448 985 2513 neque
1017 2432 1083 2496 ursi

118 2537 222 2602 neque
245 2516 361 2582 levesi:
383 2515 476 2580 testis
498 2515 671 2580 vehemens
692 2515 750 2599 tui,
771 2518 941 2599 praeterea
963 2519 1083 2603 quievi

118 2603 254 2671 Exitum
284 2603 393 2670 iudicii
428 2601 559 2667 foedum
595 2606 628 2667 et
663 2603 879 2688 perniciosum
915 2604 1083 2673 levissime

118 2693 193 2775 tuli3
226 2693 312 2777 quod
339 2689 468 2775 quidem
494 2689 616 2754 bonum
642 2692 722 2756 mihi
748 2712 836 2772 nune
862 2690 1010 2777 denique
1038 2717 1084 2760 re

119 2780 256 2867 dundat,
285 2783 322 2846 ut
343 2779 383 2844 iis
405 2776 499 2845 malis
522 2779 569 2842 rei
591 2779 739 2864 publicae
761 2779 955 2865 licentiaque
983 2784 1083 2849 aude

119 2868 213 2952 oium,
236 2869 395 2951 queunte
413 2867 595 2950 rumpebar‚
617 2889 705 2934 nune
728 2889 769 2933 ne
787 2889 918 2932 movear
939 2871 1085 2957 quidem,

118 2955 201 3021 nihil
224 2958 273 3020 est
295 2954 381 3020 enim
403 2954 559 3038 perditius
581 2955 633 3020 his
656 2954 856 3040 hominibus,
878 2955 931 3021 his
953 2959 1087 3047 tempo·

189 3163 240 3232 Ep.
260 3167 286 3230 8,
299 3168 324 3218 6.
361 3161 472 3230 tribuit,
495 3165 588 3219 omnia
609 3164 684 3233 (Ν).
722 3164 1087 3242 rr.eto.M1t1.,vulgo.

119 3262 151 3271 -
172 3232 203 3286 in
221 3233 300 3287 illum
319 3230 347 3286 0.
367 3231 429 3300 (L).
473 3233 527 3305 [iu]
546 3236 595 3290 illo
614 3235 642 3289 0.
662 3235 737 3302 Ero..
755 3235 786 3290 B.
806 3266 839 3277 -
857 3239 1018 3304 postulatos
1044 3244 1087 3312 e).

114 3303 278 3385 postulatus
290 3302 390 3368 MRL,
409 3302 440 3357 B.
463 3334 498 3343 -
521 3310 608 3371 eraut,
626 3306 667 3360 vel
684 3306 752 3375 quio
764 3311 823 3375 pot.
844 3306 938 3390 (Seu).
963 3327 1013 3391 ¹n,
1047 3314 1090 3368 vel

27 3413 38 3437 ·
112 3372 759 3570 {perpetrauerit-.lu
774 3383 858 3502 ludu
875 3378 1090 3519 {ursel

159 3557 178 3583 .‚
202 3531 237 3569 vu
250 3529 296 3587 go.
779 3532 782 3536 ’
817 3528 819 3533 ’
