2370 3878
137 160 199 222 1-18
417 159 454 212 ll.
474 159 597 213 TELLII
615 158 809 215 CICERONIS

135 326 217 387 quae
240 304 355 383 sentio,
377 304 625 386 perscripserim,
648 325 689 367 ne
708 304 856 367 refricem
873 305 955 369 meis
976 306 1092 370 litteris

135 391 327 454 desiderium
351 412 388 453 ae
412 391 554 455 dolorem
576 404 682 471 tuum3
705 391 761 455 sed
782 396 893 456 tumen
910 393 1091 476 prudentis·

134 480 213 542 sime
235 479 344 562 facies,
367 479 395 541 si
417 479 504 542 illius
521 479 685 561 pietatem,
706 480 868 563 virtulem,
889 480 1091 565 indusffimn,

133 567 327 649 ubicumque
350 567 426 647 eris,
448 570 538 629 tuam
561 588 644 649 esse,
669 570 778 631 tecum
800 588 870 631 esse
892 568 1005 651 duees3
1034 591 1090 634 nee

133 655 220 717 enim
242 655 349 717 minus
372 658 484 717 nostra
503 658 588 735 sunt,
611 676 692 738 quae
711 656 820 719 animo
838 657 1090 741 complectimur,

98 761 230 825 squam
253 764 335 825 quae
359 743 460 806 oeulis
483 743 654 806 intuemur.
699 742 914 818 Quamobrem
942 748 977 809 et
1005 746 1089 811 illius

132 832 247 894 eximia
270 831 372 894 virtus
400 852 605 914 summusque
626 832 663 893 in
688 836 722 893 te
750 852 841 895 amor
867 853 1009 916 magnae
1031 834 1089 897 libi

132 920 347 984 consolationi
370 919 465 982 debet
482 940 551 982 esse
575 923 607 982 et
624 940 686 982 nos
705 920 873 1002 ceterique,
896 921 953 1003 qui
969 924 1005 984 11
1023 942 1088 986 non

132 1029 171 1071 ex
193 1008 334 1091 fortuna,
357 1007 413 1071 sed
435 1029 475 1070 11
496 1007 616 1069 virtute
638 1011 695 1070 tua
710 1007 880 1090 pendimus
900 1029 1087 1093 semperque

131 1096 320 1180 pendemus,
343 1100 375 1159 et
397 1095 534 1158 maxime
557 1095 657 1158 animi
678 1096 727 1157 tui
750 1096 961 1178 conscientie,
990 1119 1088 1180 quum

131 1185 192 1247 tibi
214 1185 297 1248 nihil
319 1184 434 1247 merito
457 1183 609 1246 aeeidisse
631 1183 796 1265 reputabis
820 1187 852 1247 el
874 1183 956 1246 illud
976 1185 1087 1249 adiun-

132 1293 202 1355 ges,
233 1271 381 1335 homines
413 1272 575 1353 sapientes
606 1270 821 1354 turpitudine,
847 1292 915 1334 non
938 1292 1031 1355 eusu,
1057 1276 1087 1337 et

131 1360 248 1422 delicto
272 1381 344 1441 suo,
370 1379 439 1422 non
466 1359 603 1422 aliorum
625 1359 742 1422 iniuria
766 1360 970 1423 commoveri.
1014 1360 1085 1445 Ego

131 1449 164 1510 et
186 1447 340 1511 memoria
362 1450 492 1510 nostrae
515 1447 632 1510 veteris
655 1446 814 1510 amicitiae
841 1451 875 1510 et
895 1447 1018 1511 1111111
1040 1452 1085 1511 11-

131 1556 192 1617 que
216 1534 419 1598 observantia
446 1534 506 1596 filii
532 1535 580 1599 tui
603 1535 745 1598 monitus
771 1535 862 1598 nullo
888 1535 962 1599 looo
991 1536 1083 1599 deero

130 1644 234 1706 neque
262 1622 303 1685 ad
330 1622 559 1687 consolandam
586 1644 690 1705 neque
718 1622 760 1685 ad
786 1622 958 1686 levandam
981 1623 1083 1693 fortu-

130 1732 207 1789 nam
229 1715 331 1774 tuam:
358 1715 396 1774 tu
419 1712 446 1773 si
469 1710 545 1793 quid
568 1709 609 1772 ad
632 1732 682 1772 me
704 1710 789 1774 forte
812 1711 992 1795 scripseris,
1015 1733 1082 1796 per-

130 1799 246 1885 ficiam,
266 1821 308 1864 ne
330 1805 363 1864 te
385 1799 505 1863 frustra
528 1797 694 1880 scripsisse
717 1799 881 1863 arbitrere.

542 1991 665 2057 xvm

384 2104 442 2160 Ser.
460 2104 566 2159 Romae
584 2120 658 2158 anuo
676 2121 704 2157 u
722 2119 745 2157 e.
766 2107 826 2158 702.

348 2226 386 2280 Μ.
411 2225 541 2280 CICERO
568 2225 595 2279 S.
623 2224 656 2279 D.
685 2226 717 2279 T.
742 2224 861 2281 FADIO.

95 2342 109 2390 1
194 2324 267 2388 Etsi
290 2329 431 2409 egomet,
458 2325 513 2407 qui
535 2328 568 2387 te
591 2325 752 2389 consolari
778 2323 886 2407 cupio,
913 2324 1082 2389 consolan-

128 2414 188 2478 dus
210 2414 280 2496 ipse
303 2435 388 2497 sum,
414 2416 584 2496 propterea
608 2413 693 2495 quod
715 2413 839 2476 nullam
861 2432 930 2476 rem
952 2413 1083 2497 gravius

127 2503 248 2567 iamdiu
277 2502 338 2565 tuli
370 2523 466 2585 quam
497 2500 736 2565 incommodum
771 2502 878 2584 tuum,
907 2502 1021 2563 tamen
1051 2504 1083 2564 te

128 2612 247 2676 magno
280 2611 375 2673 opere
408 2610 477 2653 non
507 2590 621 2653 hortor
652 2589 770 2670 solum,
806 2587 862 2651 sed
894 2588 994 2650 etiam
1023 2610 1083 2671 pro

128 2701 236 2743 amore
258 2683 371 2742 nostro
394 2698 474 2761 rogo
498 2682 594 2760 atque
617 2698 684 2759 oro,
706 2680 739 2739 te
758 2675 891 2759 colligas
913 2676 1083 2759 virumque

128 2768 282 2850 praebeas
305 2772 346 2849 et,
368 2788 431 2849 qua
450 2764 638 2829 condicione
659 2785 771 2829 omnes
788 2763 936 2827 homines
958 2766 993 2827 et
1015 2764 1084 2847 qni·

127 2854 188 2918 bus
210 2855 409 2937 temporibus
431 2874 492 2918 nos
514 2854 584 2917 nati
606 2853 719 2935 simus,
741 2852 873 2936 cogites.
917 2850 997 2915 Plus
1022 2851 1084 2915 ribi

127 2943 230 3006 virtus
252 2944 310 3005 tue
332 2942 433 3024 dedit,
460 2963 556 3025 quam
582 2940 715 3005 fortune
737 2939 884 3021 obstulit,
910 2942 1085 3023 propterea

127 3030 214 3114 quod
241 3029 376 3112 adeptus
403 3052 451 3114 eS,
478 3030 564 3112 qnod
594 3050 664 3093 non
695 3028 788 3091 multi
819 3027 967 3091 homines
996 3027 1085 3109 novi,

128 3118 273 3200 amisisti,
296 3139 377 3200 quae
399 3118 529 3201 plurimi
551 3118 699 3182 homines
720 3115 923 3181 nobilissimi.
958 3114 1011 3178 Es
1031 3115 1084 3179 de·

127 3209 224 3291 nique
245 3206 371 3270 videtur
384 3205 529 3270 condicio
544 3205 727 3288 impendere
745 3205 864 3288 legum,
883 3203 1086 3286 iudiciorum,

127 3301 322 3378 temporum,
344 3296 382 3358 ut
404 3294 524 3378 optime
547 3298 655 3357 aetum
678 3314 751 3357 cum
774 3314 812 3356 eo
834 3291 982 3355 rideatur
1004 3312 1085 3375 esse,

128 3384 182 3466 qui
201 3405 299 3466 quam
316 3382 476 3446 levissima
494 3403 601 3465 poena
623 3380 664 3445 ab
682 3381 744 3445 hae
762 3379 943 3464 republica
965 3379 1086 3445 disces·

88 3471 214 3537 eserit.
260 3470 310 3535 Tu
332 3492 433 3557 vero„
449 3470 504 3554 qui
532 3474 565 3535 et-
585 3470 734 3535 fortunas
761 3471 794 3533 et
814 3469 934 3532 liberos
959 3466 1086 3533 habeas
