2370 3878
400 185 660 241 EPISTOLARUM
678 186 743 240 Le.
1014 185 1054 247 19

96 336 214 419 agente
237 332 276 396 (16
299 332 424 416 reliqua
446 335 559 396 nostra
578 330 736 431 dignitate
756 333 814 393 aut
831 331 958 395 occulta
975 352 1056 395 non-

95 423 260 487 nullorum
283 420 357 484 odia
380 423 437 484 aut
460 419 628 484 obscura
618 440 653 482 m
673 440 725 519 rpe
744 418 851 483 studia
873 418 1057 501 cernebam3

95 533 173 575 nam
196 530 300 595 neque
324 509 363 573 de
386 511 575 574 monument
575 508 603 570 is
626 507 706 571 meis
729 506 819 569 ab
797 529 838 570 ns
861 507 990 571 adiutus
1013 529 1057 592 es,

97 583 257 682 aquibus
286 596 438 680 debuisti,
469 617 573 680 neque
606 596 645 660 de
672 595 704 659 vi
726 595 865 679 nefaria,
897 617 961 679 qua
983 617 1057 659 cum

96 688 197 751 fratre
225 707 313 750 eram
341 685 436 750 domo
464 685 628 768 expulsus,
659 705 763 767 neque
792 684 963 748 hercule
954 704 990 747 m
1016 684 1056 748 iis

97 775 177 859 ipsis
195 775 300 858 rebus,
320 794 411 858 quae,
435 795 632 874 quamquam·
647 775 740 836 erant
725 772 838 837 tmihi
855 776 988 856 propter
1010 772 1057 836 rei

96 863 266 927 familiaris
284 862 457 964 naufragia
474 862 682 946 necessariae,
700 865 810 925 tamen
828 882 912 925 ame
931 861 1057 925 minimi

97 952 311 1037 putabantur,
337 951 374 1014 in
396 949 475 1014 meis
499 950 625 1014 damnis
649 971 687 1013 ex
710 949 902 1014 auctoritate
926 952 1057 1014 senatus

100 1039 274 1105 sarciendis
289 1061 362 1103 eam
374 1038 524 1103 voluntat
509 1042 586 1121 tem,
604 1059 702 1121 quam
720 1041 949 1121 exspectaram,
966 1059 1057 1121 prae·

100 1129 265 1193 stiterunt:
293 1149 375 1212 quae
399 1149 498 1210 quum
525 1127 666 1190 viderem
690 1161 731 1171 -—
754 1146 859 1209 neque
887 1130 981 1189 erant
1003 1125 1058 1190 ob·

56 1242 59 1249 ·
100 1239 193 1282 scura
206 1253 263 1301 —-,
285 1238 354 1281 non
376 1219 486 1279 tamen
507 1217 577 1278 tam
599 1213 715 1279 acerba
736 1213 817 1277 mihi
839 1214 920 1278 haec
937 1214 1058 1278 accide-

99 1305 190 1388 bant,
213 1326 310 1388 quam
332 1306 426 1368 erant
447 1304 504 1366 illa
527 1306 635 1388 grata,
657 1324 738 1386 quae
761 1303 918 1386 fecerant3
940 1303 1094 1387 itaquae

102 1414 298 1476 quamquam
325 1396 358 1455 et
378 1391 532 1476 Pompeio
555 1391 741 1475 plurimum,
769 1395 802 1455 te
831 1390 960 1475 quidem
987 1392 1058 1475 ipso

100 1481 322 1565 praedicatore
345 1501 382 1544 ac
403 1482 499 1563 teste,
527 1479 683 1544 debebam
710 1483 743 1543 et
765 1501 838 1545 eum
864 1501 933 1545 non
955 1481 1060 1544 solum

100 1568 271 1652 beneficio,
307 1569 363 1633 sed
394 1590 502 1634 amore
537 1569 634 1632 etiam
666 1571 699 1632 et
729 1571 884 1652 perpetuo
920 1568 1060 1651 quodam

101 1656 219 1721 iudicio
243 1678 314 1721 meo
342 1657 530 1741 diligebam,
556 1660 667 1720 tamen
693 1678 761 1721 non
788 1660 955 1740 reputans,
983 1657 1060 1741 quid

101 1746 155 1809 ille
178 1745 284 1828 vellet,
305 1745 341 1808 in
359 1745 509 1809 omnibus
532 1745 611 1809 meis
629 1744 798 1809 sententiis
821 1745 913 1809 dere
931 1745 1060 1829 publica

102 1833 248 1916 pristinis
275 1833 513 1916 permanebam.
557 1832 630 1917 Ego
659 1831 789 1896 sedente
817 1830 875 1897 (ln.
897 1831 1094 1916 Pompei0,7

104 1943 212 2004 quum,
234 1924 273 1984 ut
293 1920 498 1984 laudaretP
521 1918 675 2002 Sestium,
703 1920 870 1997 introisset
891 1921 926 1984 in
949 1922 1062 1984 urbem

104 2009 299 2090 dixissetque
326 2008 418 2071 testis
441 2006 593 2070 Vatinius
621 2029 671 2070 me
694 1986 827 2072 fortuna
854 2011 887 2071 et
908 2008 1009 2073 felicit
994 2012 1062 2073 tate

105 2095 140 2160 Ο.
168 2093 315 2158 Caesaris
343 2097 539 2159 commotum
570 2094 618 2158 illi
645 2094 783 2159 amicum
810 2117 879 2160 esse
911 2098 1063 2182 coepisse,

105 2184 171 2248 dixi
184 2204 236 2247 me
255 2203 327 2246 eam
343 2183 392 2247 M.
410 2181 520 2247 Bibuli
533 2183 720 2335 fortunam,
726 2205 822 2285 quarn
835 2185 889 2249 ille
908 2185 1062 2250 afflictam

104 2273 247 2356 putaret,
280 2271 424 2336 omnium
450 2271 623 2357 triumphis
655 2271 860 2357 victoriisque
893 2274 1063 2358 anteferre,

105 2361 233 2444 dixique
256 2359 369 2424 eodem
390 2363 474 2424 teste
497 2360 560 2425 alio
583 2361 655 2425 loco
678 2361 807 2425 eosdem
830 2383 908 2446 esse,
931 2363 987 2445 qui
1008 2361 1063 2426 Bi·

105 2448 217 2512 bulum
240 2448 326 2512 exire
349 2448 445 2513 domo
461 2448 712 2533 prohibuissent,
735 2454 767 2513 et
790 2451 845 2532 qui
867 2472 919 2514 me
942 2452 1062 2536 coegis-

107 2539 192 2601 sent:
218 2539 289 2600 tota
315 2557 392 2601 vero
414 2537 627 2622 interrogatio
651 2559 723 2601 mea
749 2538 831 2601 nihil
857 2538 973 2602 habuit
999 2540 1063 2603 nisi

106 2624 389 2708 reprehensionem
402 2625 488 2689 illius
502 2625 700 2708 tribunatus,
722 2625 758 2689 in
777 2648 840 2709 quo
855 2627 965 2692 omnia
978 2627 1065 2691 dicta

107 2717 183 2778 sunt
205 2713 354 2776 libertate
372 2713 543 2799 animoque
561 2713 701 2778 maximo
725 2714 763 2777 de
782 2714 822 2797 vi,
846 2714 885 2778 de
904 2715 1065 2799 auspiciis,

107 2801 145 2865 de
170 2801 343 2866 donatione
367 2822 555 2886 regnorum,
583 2823 688 2886 neque
717 2824 793 2866 vero
820 2802 882 2866 hac
908 2803 944 2867 in
967 2826 1098 2888 eausag

107 2889 216 2972 modo,
244 2889 299 2954 sed
322 2893 510 2954 constanter
532 2911 626 2974 saepe
649 2890 684 2953 in
708 2894 834 2954 senatu:
865 2892 1064 2975 quinetiam

107 2977 295 3042 Marcellino
324 2982 357 3042 et
382 2977 533 3061 Philippo
561 2978 747 3043 consulibus
770 2977 874 3043 Nonis
898 2979 1063 3064 Aprilibus

107 3065 188 3129 mihi
211 3069 261 3130 est
282 3070 413 3130 senatus
432 3087 590 3150 assensus,
611 3069 649 3130 ut
667 3066 706 3131 de
725 3086 803 3153 agro
819 3065 983 3153 Campano
1001 3070 1063 3133 fre-

109 3153 221 3235 quenti
249 3158 362 3220 senatu
389 3153 500 3218 Idibus
527 3153 623 3218 Maiis
650 3155 836 3240 referretur,
867 3179 946 3222 num
972 3158 1064 3241 potui

180 3379 231 3449 Ep.
253 3386 277 3446 9,
294 3386 317 3433 7.
353 3397 412 3437 eam
431 3382 474 3436 M.
492 3382 592 3437 Bibuli
615 3382 691 3452 (Or).
732 3399 791 3438 eam
812 3383 878 3438 Bit.
896 3382 962 3437 ΜΒ.
981 3413 1015 3424 -
1033 3386 1066 3439 in

108 3465 161 3518 quo
180 3452 273 3505 omnio
291 3451 358 3518 (M.).
394 3454 426 3506 in
448 3470 504 3522 qao
521 3469 545 3507 o.
569 3453 626 3522 (V,
645 3453 707 3522 B.)?
762 3460 786 3508 8.
805 3468 968 3524 requorcuu,
983 3470 1074 3524 oeque

110 3519 185 3589 (W.).
222 3537 374 3591 coquorum.
392 3538 476 3593 acque
494 3523 524 3578 B.

831 3619 872 3676 ᾖ*
