2370 3878
338 160 596 224 EPISTOLARUM
618 162 690 216 XIII.
711 170 735 218 9.
756 169 798 219 10.
979 163 1044 226 427

546 409 586 476 Χ.

281 520 338 578 Ser.
357 521 463 577 Romae
481 521 595 577 ineunte
615 538 687 578 anno
706 541 732 578 n.
752 540 775 578 c.
796 528 855 579 708.

382 644 512 701 CICERO
531 646 654 702 BRUTO
674 646 749 702 SAL.

157 742 265 821 Quum
283 744 325 810 ed
341 747 375 809 te
392 747 467 810 tuus
487 748 646 829 quaestor,
668 744 712 809 M.
729 744 845 829 Varro,
867 745 1045 830 proficisce-
1066 762 1081 810 1

90 839 188 918 retur,
202 832 479 898 commendatione
494 853 587 918 egere
606 855 679 898 eum
696 855 765 898 non
777 835 945 917 putabam3
969 836 1046 899 satie

92 922 180 987 enim
210 921 470 987 commendatum
497 922 557 984 tibi
588 942 662 985 eum
693 922 873 986 arbitrabar
903 924 943 986 ab
975 925 1046 1007 ipso

91 1031 181 1075 more
203 1010 370 1092 maiorum,
393 1010 457 1093 qui,
479 1013 517 1073 ut
539 1012 570 1072 te
593 1031 661 1075 non
678 1008 772 1094 fugit,
794 1009 879 1074 hanc
898 1016 1046 1093 quaestu-

91 1119 148 1162 rae
161 1098 423 1163 coniunctionem
435 1098 609 1162 liberorum
627 1097 855 1162 necessitudini
868 1099 1048 1181 proximam

91 1186 196 1251 voluit
225 1206 309 1269 esse3
341 1185 409 1269 sed,
442 1207 540 1269 quum
568 1186 629 1249 sibi
655 1187 701 1249 ita
727 1186 940 1269 persuasisset
970 1187 1048 1270 ipse,

91 1293 180 1339 meas
198 1273 238 1339 de
257 1296 291 1339 se
310 1276 458 1339 accurate
477 1274 613 1358 scriptas
632 1274 756 1338 litteras
770 1275 944 1339 maximum
963 1274 1048 1358 apud

91 1364 126 1426 te
142 1361 270 1446 pondus
288 1362 465 1445 habituras,
488 1384 508 1426 a
525 1384 638 1446 meque
657 1362 874 1446 contenderet,
896 1365 933 1427 ut
952 1385 1048 1445 quam

92 1448 338 1535 diligentissime
369 1450 555 1534 scriberem,
582 1452 681 1514 malui
703 1450 821 1535 facere,
849 1451 934 1535 quod
957 1472 1047 1514 meus

92 1536 261 1602 familiaris
284 1538 369 1602 tanti
396 1558 454 1602 sua
476 1538 630 1603 interesse
658 1539 876 1604 arbitraretur.
921 1537 968 1603 Ut
990 1540 1083 1623 igi-2

92 1628 148 1689 tur
170 1624 284 1690 debere
307 1647 358 1690 me
381 1626 486 1690 facere
509 1626 571 1691 hoc
593 1628 766 1712 intelligas,
789 1649 887 1711 quum
909 1628 1049 1711 primum

92 1711 138 1777 M.
151 1712 321 1777 Terentius
340 1713 500 1778 inferum
520 1715 617 1798 venit,
640 1715 681 1778 ad
700 1716 873 1780 amicitiam
893 1736 925 1778 se
944 1737 1049 1778 meam

93 1801 245 1884 contulit3
273 1801 401 1885 deinde,
431 1805 469 1866 ut
496 1823 529 1865 se
556 1803 789 1886 corroboravit,
821 1803 901 1866 duae
934 1823 1048 1865 causae

94 1892 310 1973 accesserunt,
346 1911 427 1973 quae
460 1910 564 1953 meam
595 1891 630 1952 in
666 1890 757 1953 illum
793 1889 1047 1952 benevolentiam

93 1979 264 2061 augerent:
287 1998 362 2061 una,
380 1977 466 2060 quod
480 1978 668 2041 versabatur
680 1977 716 2040 in
729 1977 791 2041 hoe
807 1976 912 2040 studio
928 1980 1049 2059 nostro,

94 2085 158 2147 quo
182 2065 280 2129 etiem
301 2086 389 2129 nunc
411 2064 547 2128 maxime
571 2066 777 2148 delectamur,
806 2067 839 2127 et
865 2085 938 2128 cum
960 2065 1048 2150 inge-

94 2151 160 2235 nio,
182 2155 220 2216 ut
241 2153 338 2236 nosti,
360 2172 420 2217 nco
443 2153 512 2217 sine
535 2153 706 2235 industria3
729 2153 853 2236 deinde,
875 2154 961 2237 quod
984 2175 1049 2217 ma·

94 2242 166 2304 ture
182 2261 215 2304 sc
229 2240 368 2306 eontulit
379 2241 414 2304 in
429 2241 598 2306 societates
611 2241 866 2326 publicanorum,
882 2242 967 2325 quod
982 2243 1049 2324 qui·

95 2326 168 2391 dem
181 2329 302 2393 nollem
316 2365 358 2376 -
373 2329 519 2394 maximis
538 2331 624 2395 enim
638 2330 763 2395 damnis
782 2330 915 2394 affectus
930 2335 979 2395 est
993 2365 1048 2412 -,

94 2414 151 2479 sed
173 2419 283 2481 tamen
304 2436 401 2483 cauca
428 2419 607 2483 communis
635 2418 755 2484 ordinis
783 2419 862 2484 mihi
890 2440 1048 2483 commen-

94 2502 254 2569 datissimi
275 2505 353 2570 iecit
371 2507 545 2571 amicitiam
563 2511 708 2573 nostram
725 2508 912 2588 firmiorem,
935 2507 1049 2570 deinde

95 2595 240 2656 versatus
271 2593 308 2657 in
338 2595 482 2679 utrisque
515 2597 673 2660 subselliis
705 2597 828 2679 optima
860 2598 893 2658 et
923 2593 985 2657 fide
1018 2597 1050 2657 et

93 2679 182 2744 fama
200 2680 266 2745 iam
284 2685 359 2747 ante
378 2684 463 2748 hanc
477 2685 761 2749 commutationem
775 2683 822 2746 rei
834 2681 981 2765 publicae
995 2702 1049 2764 pe·

93 2767 205 2832 titicni
227 2790 297 2834 sese
321 2769 409 2836 dedit
425 2772 644 2855 honoremque
662 2770 925 2836 honestissimum
944 2770 1049 2834 existi·

94 2856 196 2920 mavit
226 2856 368 2922 fructum
394 2859 514 2924 laboris
542 2859 604 2941 sui,
635 2859 686 2924 his
715 2861 822 2923 autem
851 2859 1085 2941 temporibus-⁹>

94 2963 115 3006 a
137 2943 384 3035 meBrundisio
408 2967 481 3010 eum
503 2946 619 3011 litteris
647 2950 681 3011 et
702 2946 863 3012 mandatis
886 2946 1049 3030 profectus

93 3030 136 3094 ad
168 3028 339 3098 Caesarem
368 3037 430 3118 est,
463 3056 527 3117 qua
557 3035 592 3098 in
623 3057 657 3100 re
689 3038 722 3100 et
748 3056 891 3100 amorem
920 3035 987 3097 eius
1014 3034 1050 3096 in

58 3164 62 3169 -
94 3120 298 3204 suscipiendo
326 3123 458 3206 negotio
486 3124 634 3206 perspexi
661 3128 694 3188 et
720 3124 755 3187 in
783 3121 979 3188 conficiendo
1012 3141 1049 3184 ae

91 3209 310 3274 renuntiando
332 3209 436 3275 fidem.
481 3209 603 3277 Videor
629 3212 722 3295 mihi,
750 3233 849 3294 quum
876 3209 1049 3291 separatim

91 3293 133 3358 de
160 3297 322 3379 probitate
350 3299 417 3363 eius
446 3303 479 3364 et
505 3300 648 3365 moribus
680 3300 822 3363 dicturus
849 3296 995 3380 fuissem,
1022 3297 1050 3360 si

91 3382 182 3465 prius
206 3405 350 3469 eausam,
373 3408 429 3452 cur
452 3409 525 3452 eum
547 3391 640 3455 tanto
665 3407 759 3470 opere
783 3386 962 3470 diligerem,
989 3384 1050 3448 tibi

92 3472 326 3557 exposuissem,
353 3474 388 3537 in
415 3476 486 3559 ipsa
513 3495 611 3539 causa
633 3474 823 3560 exponenda
850 3472 929 3538 satis
951 3472 1053 3537 etiam
