2370 3878
161 177 224 241 358
444 174 480 228 Μ.
497 172 621 228 TULLII
640 171 829 230 CICERONIS

159 321 306 387 const'tit
324 339 492 402 nusquam,
513 318 701 401 priusquam
724 319 765 381 ad
783 318 876 383 Vada
895 320 996 401 venit3
1020 341 1123 403 quem

159 412 266 474 locum
293 408 366 471 volo
396 407 456 470 tibi
483 427 552 470 esse
575 410 701 470 notum:
731 407 814 471 iacet
836 407 921 470 inter
948 407 1122 490 Appenni-

160 519 239 561 num
267 499 299 559 et
325 495 439 578 Alpes,
470 494 732 578 impeditissimus
762 495 803 558 ad
834 495 895 559 iter
922 495 1121 561 faciendum.

19 598 23 603 ’
125 597 141 647 3
161 584 266 659 Quum
285 583 429 647 abessem
448 582 489 646 ab
507 604 545 647 eo
565 583 653 646 milia
670 604 823 665 passuum
843 605 914 647 xxx.
937 588 970 648 et
993 605 1027 648 se
1052 585 1121 649 iarn

159 671 334 737 Ventidius
358 671 587 753 coniunxisset,
615 671 725 735 concio
756 672 823 735 eius
851 671 893 735 ad
919 693 970 736 me
998 676 1049 736 est
1074 675 1121 737 al-

160 762 240 842 lata,
264 761 299 823 in
322 781 385 843 qua
407 763 515 843 petere
539 759 645 842 coepit
667 781 686 822 a
709 759 877 842 militibus,
906 764 943 823 ut
966 782 1000 824 se
1023 764 1119 825 trans

160 848 259 932 Alpes
283 852 503 932 sequerentur3
535 848 597 911 sibi
619 868 692 911 cum
718 846 761 911 M.
784 846 906 930 Lepido
935 850 1119 913 convenire.

161 935 398 1001 Succlamatum
425 939 474 1000 est
501 936 531 999 ei
557 936 742 1018 frequenter
769 957 788 999 a
815 935 971 1000 militibus
1001 935 1118 1001 Venti·-

162 1025 265 1089 dianis
289 1061 331 1071 —-
354 1046 430 1088 nam
459 1045 533 1088 suos
556 1023 649 1087 valde
677 1045 774 1107 quam
796 1045 916 1106 paucos
940 1024 1040 1088 habet
1064 1062 1118 1108 -,

161 1114 222 1178 sibi
245 1117 301 1178 aut
327 1114 363 1177 in
385 1112 480 1177 Italia
506 1112 704 1195 pereundum
733 1133 801 1176 esse
830 1116 886 1176 aut
912 1113 1117 1195 vincendum,

160 1206 193 1266 et
224 1223 315 1267 orare
348 1203 535 1284 coeperunt,
572 1203 608 1264 ut
639 1199 833 1265 Pollentiam
864 1201 925 1263 iter
960 1199 1117 1265 facerent.

160 1289 266 1365 Quum
289 1289 446 1352 sustinere
469 1309 523 1352 eos
546 1308 613 1351 non
635 1291 757 1370 posset,
784 1289 819 1351 in
841 1291 1007 1371 posterum
1030 1289 1116 1352 diem

124 1379 221 1441 liter
248 1398 341 1441 suum
369 1376 514 1440 contulit.
563 1374 634 1439 Hac
660 1397 695 1439 re
722 1375 801 1439 mihi
830 1376 980 1440 nuntiata
1004 1379 1116 1440 statim

161 1466 301 1549 quinque
320 1464 467 1528 cohortes
484 1462 677 1528 Pollentiam
695 1464 845 1546 praemisi
865 1486 1034 1548 meumque
1053 1466 1117 1529 iter

161 1574 198 1617 eo
223 1552 356 1616 contuli:
380 1552 461 1617 hora
484 1555 559 1615 ante
582 1551 777 1635 praesidium
800 1574 906 1616 meum
919 1550 1115 1618 Pollentiam

160 1640 249 1704 venit
272 1662 368 1723 quam
392 1640 565 1704 Trebellius
594 1660 666 1703 cum
693 1640 862 1723 equitibus.
908 1637 992 1705 Sane
1017 1663 1114 1724 quam

161 1751 232 1794 sum
251 1729 394 1813 gavisum
416 1729 451 1791 in
469 1730 531 1794 hoc
550 1728 636 1792 enim
650 1727 816 1792 victoriam
835 1732 914 1812 puto
930 1729 1114 1794 consistere.

160 1817 200 1882 In
223 1839 313 1902 spem
336 1820 504 1899 venerant,
527 1817 612 1902 quod
635 1837 737 1900 neque
760 1816 872 1880 Planci
895 1820 1048 1900 quattuor
1071 1819 1114 1882 le·

161 1908 273 1992 giones
297 1907 446 1972 omnibus
470 1906 535 1970 suis
559 1905 659 1989 copiis
681 1926 776 1989 pares
796 1905 1037 1969 arbItrabantur
1059 1927 1114 1970 ne·

161 2017 222 2079 que
246 2017 284 2059 ex
305 1994 400 2059 Italia
427 1998 494 2059 tam
518 1994 663 2058 celeriter
689 1993 864 2057 exercitum
891 1993 996 2057 traiioi
1018 2016 1114 2077 posse

160 2082 342 2147 credebant.
387 2081 473 2156 Quos
496 2082 558 2167 ipsi
581 2082 685 2146 adhuc
712 2082 789 2145 satis
813 2085 1003 2166 arroganter
1024 2081 1114 2146 Allo-

160 2172 278 2255 broges
301 2170 525 2253 equitatusque
548 2170 665 2252 omnis,
687 2170 742 2252 qui
765 2191 802 2234 eo
827 2170 1021 2252 praemissus
1045 2176 1115 2234 erat

161 2258 309 2340 anobis,
338 2258 553 2339 sustinebant,
584 2262 760 2341 nostroque
793 2258 932 2322 adventu
962 2259 1113 2323 sustineri

160 2347 286 2411 facilius
319 2367 412 2429 posse
445 2346 643 2411 confidimus.
698 2345 833 2429 Tamen,
866 2346 892 2410 si
925 2368 987 2429 quo
1017 2348 1115 2410 etiam

161 2457 238 2500 casu
264 2433 387 2498 Isaram
415 2455 448 2498 sc
474 2435 671 2518 traiecerint,
702 2457 743 2498 ne
771 2434 856 2519 quod
887 2434 1114 2499 detrimentum

160 2525 207 2589 rei
237 2523 384 2608 publicae
420 2522 607 2607 iniungant,
643 2544 767 2587 summa
803 2545 822 2586 a
854 2523 948 2586 nobis
985 2522 1116 2587 dabitur

126 2625 268 2698 sopora.
312 2610 381 2676 Vos
413 2632 568 2695 magnum
600 2612 743 2675 animum
775 2611 992 2695 optimamque
1024 2631 1115 2695 spem

161 2703 200 2766 de
224 2721 349 2766 summa
366 2720 401 2763 re
418 2699 547 2782 publica
565 2699 682 2763 habere
705 2700 862 2781 volumus,
885 2721 985 2782 quum
1003 2703 1036 2763 et
1054 2721 1115 2763 nos

161 2794 194 2854 et
217 2788 373 2853 exercitus
395 2791 525 2852 nostros
548 2787 705 2873 singulari
732 2787 902 2853 concordia
926 2787 1116 2852 coniunctos

162 2878 203 2942 ad
235 2877 344 2942 omnia
374 2897 433 2960 pro
465 2876 556 2942 vobis
585 2876 720 2942 videatis
746 2880 891 2960 paratos3
923 2874 978 2940 sed
1005 2879 1116 2940 tamen

161 2966 243 3030 nihil
271 2966 310 3029 de
338 2963 505 3049 diligentia
532 2965 694 3030 remittere
723 2964 845 3029 debetis
875 2964 1013 3048 dareque
1042 2985 1115 3046 ope·

161 3077 244 3138 ram,
267 3057 422 3136 utquam
445 3053 640 3137 paratissimi
664 3049 719 3141 [et]
745 3053 785 3117 ab
809 3052 949 3117 exercitu
971 3053 1117 3136 reliquis·

162 3165 223 3227 que
246 3143 341 3206 rebus
364 3162 423 3225 pro
446 3144 554 3205 vestra
577 3144 679 3206 salute
703 3145 815 3206 eontra
838 3141 1118 3221 sceleratissimam

162 3231 434 3316 conspirationem
465 3230 607 3294 hostium
640 3229 863 3314 confligamus3
901 3228 1118 3312 quiquidem

226 3439 384 3510 Ep.13,3.
422 3443 448 3494 et
468 3453 496 3494 se
513 3440 570 3494 tom
593 3437 624 3492 V.
644 3437 711 3507 (Mb.
748 3442 773 3493 et
790 3453 818 3493 se
835 3439 861 3492 ei
878 3439 935 3493 Iam
953 3436 984 3491 Β.
1023 3443 1047 3492 ὅ.
1068 3436 1117 3509 [et]

140 3509 180 3562 ab
196 3512 324 3568 emera
342 3510 452 3586 (Orat).
490 3515 517 3569 et
535 3511 571 3569 ab
589 3525 612 3567 c.
629 3507 698 3565 ΜΒ.

126 3674 130 3683 .

16 3710 31 3735 s·
58 3724 64 3731 .
96 3670 136 3735 ss

16 3738 37 3769 :f

16 3768 41 3807 li

16 3806 48 3829 ven·
