2370 3878
183 146 247 212 196
464 147 501 201 Μ
521 147 645 202 TULLII
662 147 854 203 CICERONIS

179 294 215 357 in
236 313 288 356 me
311 290 512 355 emissarium
534 312 661 375 semper
682 291 760 356 fore.
806 291 1023 368 Quamobrem
1045 296 1143 361 valde

178 380 274 445 iubeo
298 380 437 463 gaudere
460 383 506 444 te:
528 399 649 464 magna
671 401 722 445 res
741 384 834 466 gesta
855 384 913 446 est
948 380 1141 467 Numquam

179 469 238 532 uIli
269 467 419 532 fortiores
451 468 536 533 cives
568 467 713 552 fuenmt,
745 491 843 552 qnam
875 470 930 553 qui
961 471 1033 535 ansi
1062 477 1142 537 sunt

179 577 254 620 eum
276 559 389 621 contra
411 558 520 620 tantas
544 578 621 641 opes
645 557 722 640 eius,
745 579 764 621 a
786 579 850 640 quo
872 559 937 643 ipsi
958 559 1036 623 lecti
1058 561 1140 625 iudi-

180 665 232 709 ces
260 649 366 729 erant,
393 644 620 728 condemnare3
651 645 737 728 quod
768 644 922 710 fecissent
950 669 1140 732 numquam,

144 733 243 796 4nisi
265 733 305 796 iis
328 733 432 797 dolori
454 754 544 797 meus
567 733 683 797 fuisset
700 733 800 798 dolor.
836 733 907 798 Nos
928 735 982 800 hio
1002 736 1039 799 in
1057 738 1139 801 mul-

178 820 317 885 titudine
335 824 369 885 et
386 820 556 886 crebritate
570 822 762 886 iudiciorum
783 825 816 886 et
833 822 926 887 novis
945 823 1075 908 legibus
1093 826 1139 890 ita

179 908 378 993 distinemur,
400 913 439 974 ut
461 909 603 993 quotidie
626 912 703 974 vota
720 909 887 993 faciamus,
908 932 950 974 ne
968 911 1138 978 intercale-

178 998 246 1082 tur,
262 1001 300 1062 ut
322 1020 419 1081 quam
440 998 581 1082 primum
602 1001 635 1062 te
658 998 765 1062 videre
787 999 958 1082 possimus.

625 1189 683 1256 III.

325 1301 380 1356 Ser.
401 1303 506 1356 Romae
524 1317 620 1356 mense
638 1301 775 1367 Quinctili
793 1318 818 1356 a
837 1321 864 1356 u
883 1320 906 1357 c.
928 1308 988 1358 708.

412 1424 696 1480 meleducac
715 1425 752 1480 M.
770 1425 896 1479 MARIO.

144 1538 158 1585 1
244 1521 401 1625 Persaepe
429 1525 509 1588 mihi
536 1526 694 1610 cogitanti
722 1525 760 1588 de
789 1524 1013 1590 communibus
1039 1528 1135 1593 mise·

177 1611 248 1695 riis,
278 1612 314 1675 in
346 1612 461 1695 quibus
488 1617 540 1678 tot
567 1635 669 1677 annos
697 1634 862 1678 versamur
893 1616 938 1696 et,
968 1617 1006 1678 ut
1031 1615 1138 1702 video,

178 1700 385 1785 versabimur,
408 1701 521 1767 solet
511 1723 547 1766 m
570 1705 711 1766 mentem
733 1701 842 1766 venire
864 1663 951 1765 illicis
969 1705 1136 1789 temporis,

177 1811 241 1873 quo
264 1790 408 1891 proxime
435 1789 555 1854 fuimus
582 1812 660 1872 uua,
688 1791 767 1874 quin
794 1789 927 1853 etiam
918 1811 1027 1873 rpsum
1049 1791 1136 1857 diem

177 1879 334 1943 memoria
355 1883 464 1944 teneo:
487 1901 564 1943 nam
588 1900 615 1942 a,
635 1879 664 1942 d.
688 1892 752 1941 1111.
775 1876 852 1941 Idus
870 1876 975 1942 Maias
992 1876 1134 1946 Lentulo

177 1971 211 2032 et
223 1966 376 2032 Marcello
390 1968 586 2052 oonsulibus,
599 1988 700 2050 quum
713 1966 749 2028 in
761 1965 995 2049 Pompeianum
1008 1969 1136 2053 vesperi

177 2056 350 2140 venissem,
381 2060 417 2121 tn
449 2056 529 2125 mihi
562 2055 699 2121 sollicito
731 2054 840 2118 animo
871 2057 1001 2137 praesto
1028 2054 1135 2140 inisti3

178 2143 351 2207 sollicitum
374 2147 482 2208 autem
504 2147 537 2207 te
559 2143 702 2208 habebat
724 2142 878 2227 cogitatio
903 2164 1002 2225 quum
1026 2142 1135 2229 officii,

177 2234 248 2294 tum
271 2230 369 2294 etiam
390 2232 524 2314 periculi
546 2231 622 2295 mei:
653 2232 681 2294 si
701 2251 866 2294 manerem
891 2230 928 2294 in
949 2229 1059 2316 Italia,
1082 2254 1135 2297 ve-

177 2318 303 2402 rebare,
329 2340 371 2382 ne
394 2319 501 2383 officio
524 2319 680 2402 deessem,
709 2319 736 2382 si
758 2318 977 2403 proficiscerer
1004 2318 1046 2384 ad
1067 2319 1133 2385 bel-

177 2406 258 2490 lum,
285 2406 463 2490 periculum
484 2411 517 2471 te
544 2428 652 2472 meum
678 2407 910 2472 commovebat.
955 2405 1026 2482 Quo
1053 2411 1135 2473 tem·

177 2516 256 2579 pore
283 2495 393 2559 vidisti
419 2496 564 2579 profecto
592 2516 643 2560 me
672 2517 798 2579 quoque
825 2495 872 2559 ita
895 2494 1135 2581 conturbatum,

177 2586 304 2649 utnon
327 2584 531 2668 explicarem,
559 2584 635 2668 quid
658 2587 744 2648 esset
766 2583 924 2667 optimum
944 2581 1049 2667 factm
1075 2607 1136 2669 pu·

178 2671 248 2736 dori
279 2677 390 2736 tamen
420 2673 520 2737 malui
550 2672 719 2755 famaeque
752 2671 861 2736 cedere
890 2692 987 2773 quam
1019 2672 1136 2737 salutis

142 2772 267 2823 ameae
290 2760 449 2825 rationem
472 2761 595 2825 ducere
641 2758 739 2825 Cuius
761 2780 813 2824 me
835 2759 900 2823 mei
921 2758 1000 2823 facti
1023 2762 1136 2844 poeni-

177 2847 242 2910 tuit
254 2869 322 2912 non
334 2851 403 2912 tam
415 2852 549 2934 propter
565 2848 743 2933 periculum
760 2869 868 2912 meum
887 2869 983 2930 quam
1001 2852 1136 2932 propter

178 2934 258 2999 vitia
279 2935 390 3020 multa,
413 2959 495 3020 quae
513 2937 559 3001 ibi
577 2936 705 3019 offendi,
723 2957 786 3019 quo
805 2957 969 3000 veneram:
992 2936 1136 3019 primum

178 3026 686 3215 1ξὲἓὲἘὲἕὲἒέᾧὲΡᾷῗᾷἒὲἓέ
690 3023 1139 3197 Etttztstttttd

179 3201 384 3285 -reliquos
411 3203 551 3286 primum
578 3202 613 3266 in
635 3201 707 3284 ipso
734 3199 819 3265 bello
846 3220 993 3284 rapaces,
1020 3199 1139 3267 deinde

250 3408 301 3479 Ep
316 3415 381 3477 2,.4
410 3407 622 3477 crebritatem).
659 3408 809 3463 celebratote
822 3409 858 3462 Μ
861 3407 976 3479 ,vulgo
1012 3408 1066 3480 Ep.
1079 3415 1141 3480 3,1.

180 3451 833 3549 1111.1ots<w)111.1curn.,vulgo
