2370 3878
140 211 205 276 582
422 212 458 265 hl.
479 210 602 265 TULLII
620 211 809 266 CICERONIS

141 378 266 420 mecum
289 356 369 439 egit,
395 359 433 419 ut
456 378 489 419 ae
512 377 553 419 ne
576 355 760 439 impedires,
782 356 993 439 quominus,
1017 357 1108 440 quod

141 446 182 509 ad
198 443 234 520 Q.
248 446 268 521 t
283 444 449 507 Publiceni
472 446 612 507 statuam
635 444 798 507 decretum
816 446 874 526 est,
896 448 1107 529 erogaretur:

142 532 227 615 quod
251 552 311 615 ego
330 536 362 594 te
382 535 413 595 ct
431 552 511 615 rogo
532 536 565 594 et
583 531 749 614 admoneo,
771 552 813 595 ne
835 530 911 594 talis
935 532 999 596 viri
1022 536 1106 597 tam-

98 662 108 683 .
142 642 203 703 que
226 620 330 683 nostri
352 619 524 683 necessarii
546 620 703 684 honorem
720 619 823 683 minui
841 641 898 702 per
916 623 950 683 te
969 624 1030 684 aut
1045 621 1107 685 im-

141 708 244 790 pediri
280 707 367 770 velis.
421 706 591 771 Praeterea
621 707 757 791 Aesopi,
788 707 892 771 nostri
921 706 1107 790 familiaris,

141 795 284 858 Licinius
308 817 418 860 servus
441 796 501 859 tibi
524 800 621 860 notus
644 795 784 880 aufugit:
807 796 835 858 is
855 793 996 859 Athenis
1017 798 1105 880 apud

142 881 315 947 Patronem
329 882 524 968 Epicureum
543 905 601 968 pro
618 883 719 947 libero
738 883 813 947 fuit:
836 883 911 947 inde
931 884 967 946 in
987 882 1106 949 Asiam

142 971 244 1051 venit3
271 975 384 1055 postea
405 971 498 1036 Plato
532 971 662 1055 quidam
692 969 879 1052 Sardianus,
911 971 1106 1055 Epicureus,

143 1060 197 1143 qui
220 1057 360 1124 Athenis
384 1061 466 1123 solet
488 1081 556 1123 esse
579 1061 717 1123 multum
740 1063 773 1123 et
796 1059 851 1142 qui
874 1064 944 1123 tum
958 1059 1105 1124 Athenis

142 1148 257 1231 fuerat,
280 1170 380 1231 quum
402 1147 544 1211 Licinius
568 1168 605 1211 eo
628 1147 778 1230 venisset,
801 1168 900 1229 quum
919 1168 995 1210 eum
1017 1149 1105 1232 fugi-

142 1237 245 1300 tivum
268 1258 336 1300 esse
360 1240 472 1319 postea
494 1256 533 1299 ex
555 1234 676 1319 Aesopi
698 1235 815 1299 litteris
838 1239 1022 1319 cognosset,
1044 1235 1105 1299 ho·

143 1325 263 1388 minem
287 1323 530 1407 comprehendit
552 1327 585 1387 et
606 1324 641 1387 in
660 1323 839 1387 custodiam
856 1322 980 1406 Ephesi
1003 1324 1106 1387 tradi-

144 1413 205 1495 dit,
228 1413 297 1494 scd,
320 1412 355 1475 in
376 1412 539 1494 publicam
556 1412 577 1489 †
595 1413 646 1475 vel
667 1412 704 1474 in
725 1410 907 1494 pistrinum,
929 1432 998 1475 non
1022 1413 1106 1476 satis

144 1522 184 1563 ex
215 1500 331 1563 litteris
363 1500 430 1563 eius
462 1500 641 1583 intelligere
672 1499 851 1583 potuimus:
888 1502 938 1581 tu,
970 1521 1105 1583 quoquo

144 1586 239 1651 modo
263 1591 320 1668 est,
344 1588 496 1668 quoniam
514 1587 637 1670 Ephesi
659 1591 717 1669 est,
739 1587 902 1651 hominem
925 1586 1107 1672 investiges

144 1675 240 1739 velim
263 1696 449 1758 summaque
473 1675 641 1759 diligentia
658 1676 732 1714 *²¹²*
750 1676 801 1739 vel
823 1678 929 1739 tecum
953 1674 1106 1740 deducas.

144 1762 222 1829 Noli
245 1766 401 1846 spectare,
429 1764 543 1847 quanti
564 1764 663 1827 homo
691 1764 746 1845 sit,
773 1763 864 1846 parvi
892 1763 977 1826 enim
1006 1765 1106 1846 pretii

145 1857 207 1935 cst,
234 1852 290 1935 qui
316 1852 381 1916 iam
403 1852 497 1915 nihili
524 1854 585 1933 est,
612 1852 668 1915 sed
694 1854 787 1915 tanto
815 1851 925 1915 dolore
953 1849 1106 1935 Aesopus

146 1945 195 2005 cst
222 1940 354 2005 affectus
381 1943 512 2023 propter
540 1940 624 2004 servi
656 1940 758 2003 scelus
791 1943 824 2002 et
853 1938 1034 2020 audaciam,
1070 1945 1107 2003 ut

145 2028 229 2093 nihil
252 2029 281 2092 ei
304 2028 427 2113 gratius
449 2028 555 2093 facero
578 2027 692 2111 possis,
715 2048 812 2110 quam
832 2027 860 2090 si
878 2026 969 2090 illum
989 2048 1049 2110 per
1073 2033 1106 2091 te

146 2118 351 2201 recuperarit.

112 2204 131 2279 5,
212 2204 308 2271 Nunc
331 2227 369 2269 ea
392 2226 564 2292 cognosce,
591 2227 672 2289 quae
694 2206 832 2269 maxime
860 2208 1007 2286 exoptas:
1035 2226 1107 2269 rem

106 2270 132 2308 ¹³
146 2295 309 2377 publicam
331 2294 477 2359 funditus
497 2294 670 2374 amisimus,
693 2293 772 2357 adeo
798 2296 835 2356 ut
856 2285 892 2355 0.
914 2289 1005 2374 Oete,
1028 2293 1107 2357 ado-

147 2383 270 2445 lescens
293 2382 412 2445 nullius
440 2383 579 2465 consilli,
612 2381 667 2446 sed
698 2384 807 2445 tamen
835 2380 912 2444 civis
934 2379 1107 2445 Romanus

148 2474 181 2534 et
203 2467 293 2552 Cata,
316 2469 369 2533 rix
391 2470 482 2534 vivus
506 2471 668 2555 effugerit,
691 2471 785 2554 quod,
803 2484 907 2552 'quum
929 2466 1108 2532 Gabinium

148 2559 187 2623 de
210 2559 334 2623 ambitu
357 2558 454 2621 vellet
479 2559 642 2640 postulare
672 2579 775 2641 neque
802 2560 967 2642 praetores
991 2556 1108 2620 diebus

148 2648 272 2731 aliquot
299 2646 380 2711 adiri
406 2648 539 2730 possent
570 2646 621 2709 vel
648 2649 842 2727 potestatem
874 2644 924 2708 sui
950 2644 1110 2727 facerent,

148 2736 184 2799 in
202 2737 389 2800 concionem
408 2732 551 2798 escendit
568 2737 601 2796 et
618 2731 806 2816 Pompeium
824 2733 985 2818 privatum
1005 2732 1107 2804 diota·

148 2827 252 2888 torem
279 2823 465 2907 appellavit:
498 2823 640 2906 propius·
659 2821 741 2886 nihil
769 2822 979 2904 estfactum,
1007 2841 1107 2903 quam

219 3051 270 3121 Ep.
290 3056 372 3119 2,14.
409 3051 588 3118 †Publiceac'
606 3051 679 3118 (W).
719 3050 874 3104 Publicieai
892 3049 958 3118 (W.)
978 3051 1028 3103 aut
1049 3049 1110 3104 Pu-

150 3125 226 3178 blicii
249 3123 332 3190 (Seh,
346 3122 398 3191 B.).
422 3153 454 3161 -
480 3123 534 3177 Aee
570 3123 595 3187 i,
613 3122 701 3176 nostri
719 3122 792 3188 (W.).
829 3121 865 3174 A.
889 3120 976 3175 emetri
998 3124 1112 3189 trapedt

149 3195 233 3248 MRI.
270 3195 305 3247 A.
325 3192 481 3264 [capuerat
499 3210 526 3247 o.
571 3211 600 3260 r.,
619 3192 650 3245 B.
671 3223 704 3231 -
729 3193 762 3246 ia
775 3192 915 3260 publicam
932 3195 951 3256 †
969 3191 1010 3244 vel
1028 3192 1062 3245 ia
1077 3210 1110 3260 p.

149 3266 206 3320 Ml.
247 3266 279 3317 in
292 3265 468 3332 pcctlicamoc
490 3280 528 3318 occ
550 3265 581 3317 ia
599 3280 630 3332 p.
650 3262 703 3330 (L.)
729 3264 778 3315 aut
797 3264 829 3315 io
843 3278 873 3330 p.
893 3279 931 3316 aa
948 3261 981 3314 ia
993 3277 1025 3329 p.
1044 3261 1110 3316 RB.

150 3366 184 3376 -
202 3336 347 3404 dilipeatc'a
365 3335 439 3370 ***
456 3334 498 3388 vel
516 3339 601 3388 tecum
620 3333 696 3400 (W.).
732 3331 845 3386 Excidit
862 3333 902 3386 vel
916 3331 1033 3386 Romam
1046 3334 1111 3386 ocit-

148 3411 193 3461 tas
220 3406 346 3460 similevc
374 3404 495 3474 aliquid,
523 3404 598 3472 quod
617 3420 634 3456 a
655 3404 697 3457 cel
718 3402 861 3471 inciperet.
907 3403 933 3456 rt.
956 3403 997 3456 oet
1020 3407 1112 3457 tecum

146 3477 232 3543 MBI,
253 3476 345 3547 vulga.
384 3482 424 3530 15.
450 3474 478 3529 0.
495 3473 562 3528 Octo
576 3474 649 3543 (W.).
688 3472 756 3527 Cato
773 3472 859 3539 MRl,
873 3472 967 3541 vulgo.
987 3501 1021 3513 -
1040 3475 1111 3541 effu-

131 3550 212 3622 aaut
229 3548 290 3621 (lh).
330 3549 462 3623 effecerat
479 3545 572 3617 Mlti,
588 3545 687 3618 uulgo.

249 3800 293 3846 A
