2370 3878
359 154 617 210 EPISTOLARUM
635 154 682 209 VI.
702 161 725 210 9.
747 161 788 209 10.
990 153 1051 216 lli

93 323 194 386 quam
227 304 277 365 est
303 322 440 384 aequum
467 303 501 364 et
528 321 625 383 quam
652 319 713 383 ego
740 299 868 382 vellem,
895 298 1053 383 reciperas

94 392 263 455 fortunam
285 393 318 453 et
341 389 533 473 dignitatem
554 391 654 471 tuam,
676 387 756 451 mihi
774 409 842 452 non
860 386 978 452 minori
1001 408 1054 450 cu·

94 500 151 543 rae
174 482 233 561 est,
256 499 353 561 quam
375 476 435 540 tibi
458 497 584 559 semper
605 476 738 540 fuerunt
761 496 854 539 casus
876 475 948 540 mei.
989 473 1053 538 Ita·

96 588 159 650 que
183 568 217 630 et
233 565 465 631 Postumuleno
493 565 527 626 et
556 562 660 629 Sestio
684 566 717 627 11
740 563 924 647 saepissime
942 561 1053 627 Attico

95 657 210 720 nostro
233 654 441 738 proximeque
464 651 625 736 Theudae,
647 651 763 716 liberto
786 656 853 735 tuo,
874 655 980 717 totum
1002 672 1054 715 me

97 741 237 828 patefeci
260 745 293 807 et
318 741 381 807 hoc
403 740 443 806 iis
467 741 603 826 singulis
632 761 726 823 saepe
750 739 827 823 dixi,
855 761 1054 823 quacumque

97 852 132 896 re
159 851 304 914 possem,
335 850 387 893 me
413 829 475 893 tibi
502 831 535 892 et
562 828 671 892 liberis
697 828 763 892 tuis
791 826 975 892 satisfecere
1003 849 1054 892 cu-

98 939 189 1003 pere,
211 918 306 1001 idque
329 921 366 982 tu
390 917 431 981 ad
452 920 526 981 tuos
549 917 645 981 velim
668 916 802 998 scribas,
824 914 905 979 haec
927 915 1056 999 quidem

99 1009 195 1089 certe,
218 1027 299 1089 quae
326 1006 362 1070 in
391 1008 551 1089 potestate
574 1026 646 1068 mea
669 1008 754 1086 sunt,
775 1005 813 1066 ut
833 1024 964 1087 operam
982 1024 1056 1068 eon·

98 1095 221 1178 silium,
248 1115 317 1159 rem
343 1093 440 1158 fidem
468 1113 572 1156 meam
599 1091 661 1156 sibi
684 1091 724 1155 ad
752 1112 864 1155 omnes
891 1111 942 1153 res
965 1112 1056 1173 para-

99 1186 169 1246 tam
191 1184 315 1266 putent.
362 1179 396 1245 Si
424 1180 615 1247 auctoritate
643 1183 675 1243 et
701 1179 807 1264 gratia
833 1182 962 1243 tantum
985 1200 1091 1262 pos-‘3

98 1291 179 1352 sem,
201 1272 359 1353 quantum
381 1270 416 1334 in
440 1291 478 1333 ea
500 1290 534 1333 re
556 1268 695 1353 publica,
718 1268 757 1333 de
780 1290 843 1351 qua
860 1268 907 1332 ita
925 1267 1057 1330 meritus

101 1379 184 1442 sum,
205 1379 301 1441 posse
325 1357 482 1442 deberem,
503 1361 541 1422 tu
563 1379 690 1442 quoque
712 1357 740 1422 is
764 1378 859 1438 esses,
882 1356 937 1440 qui
958 1355 1059 1438 fuisti,

101 1468 202 1531 quum
216 1446 304 1510 omni
319 1446 421 1532 gradu
436 1447 633 1530 amplissimo
649 1446 866 1532 dignissimus,
884 1448 954 1509 tum
973 1448 1058 1509 certe

100 1533 225 1598 ordinis
256 1535 305 1599 tui
337 1535 432 1599 facile
460 1536 624 1619 princeps,
661 1535 729 1619 sed,
762 1535 914 1619 quoniam
947 1533 1058 1598 eodem

100 1625 247 1706 tempore
271 1623 445 1707 eademque
468 1624 507 1688 de
530 1645 627 1688 causa
648 1627 797 1690 nostrum
823 1627 957 1707 uterque
980 1622 1058 1686 ceci·

101 1710 165 1793 dit,
188 1711 248 1775 tibi
271 1715 305 1774 et
326 1712 383 1775 illa
404 1712 571 1796 polliceor,
599 1734 679 1795 quae
703 1734 801 1795 supra
824 1712 950 1795 scripsi,
977 1732 1058 1794 quae

103 1801 182 1862 sunt
204 1798 309 1864 adhuc
331 1821 412 1883 mea,
435 1804 468 1863 et
491 1821 537 1882 ea,
560 1822 641 1883 quae
664 1804 830 1883 praeterea
847 1800 958 1864 uideor
979 1799 1060 1861 mihi

103 1907 144 1950 ex
167 1887 275 1970 aliqua
298 1891 389 1968 parte
411 1887 548 1951 retinere
571 1890 737 1969 tamquam
767 1907 805 1949 ex
830 1885 974 1968 reliquiis
996 1885 1059 1967 pri·

103 1974 209 2038 stinae
229 1973 409 2056 dignitatis:
432 1993 536 2055 neque
555 1972 641 2034 enim
659 1973 728 2056 ipse
747 1969 874 2056 Caesar,
895 1975 933 2036 ut
950 1972 1060 2035 multis

101 2062 201 2126 rebus
219 2060 399 2143 intelligere
417 2059 518 2142 potui,
538 2061 588 2122 est
606 2058 728 2123 alienus
747 2060 878 2124 anobis
897 2064 929 2125 et
949 2081 1059 2125 omnes

102 2150 174 2214 fere
197 2145 439 2211 familiarissimi
466 2148 533 2212 eius
562 2167 637 2212 casu
661 2147 800 2211 devincti
827 2149 954 2234 magnis
981 2149 1060 2213 meis

102 2235 268 2303 veteribus
292 2235 410 2309 officiis,
428 2258 479 2300 me
503 2236 672 2322 diligenter
691 2236 864 2300 observant
887 2240 920 2302 et
941 2238 1060 2302 colunt.

103 2324 229 2408 Itaque,
248 2324 344 2408 siqui
362 2325 442 2389 mihi
456 2325 517 2389 erit
531 2325 636 2390 aditus
656 2326 693 2390 de
712 2325 777 2389 tuis
795 2325 944 2409 fortunis,
961 2325 994 2390 id
1013 2330 1062 2390 est

104 2414 146 2477 de
160 2416 217 2476 tua
231 2413 462 2498 incolumitate,
479 2415 514 2478 in
528 2436 592 2498 qua
606 2418 682 2479 sunt
696 2414 813 2497 omnia,
831 2414 957 2498 agendi,
976 2415 1061 2497 quod

106 2500 236 2584 quidem
255 2502 397 2585 quotidie
420 2503 524 2588 magis
548 2524 586 2567 ex
609 2524 720 2568 eorum
739 2502 940 2567 sermonibus
964 2500 1060 2565 addu-

105 2610 162 2654 cor
181 2593 218 2653 ut
236 2612 370 2675 sperem,
388 2612 484 2676 agam
502 2613 559 2675 per
572 2613 623 2655 me
638 2592 707 2674 ipse
725 2595 758 2655 et
771 2591 893 2655 moliar.
926 2587 1061 2673 Singula
1080 2609 1095 2655 3

105 2679 255 2761 persequi
264 2700 332 2744 non
347 2683 396 2743 est
404 2701 547 2744 necesse:
562 2680 748 2744 universum
762 2679 902 2742 studium
912 2699 1020 2742 meum
1030 2680 1062 2741 et

106 2767 366 2831 benevolentiam
380 2767 421 2831 ad
434 2771 467 2832 te
481 2768 599 2832 defero.
631 2766 694 2832 Sed
712 2766 823 2851 magni
842 2787 914 2831 mea
927 2766 1062 2830 interest

105 2854 170 2919 hoo
183 2858 256 2918 tuos
272 2877 384 2919 omnes
400 2856 489 2939 scire,
508 2856 593 2939 quod
607 2856 672 2919 tuis
689 2855 807 2918 litteris
821 2854 891 2918 fieri
904 2857 1012 2938 potest
1025 2857 1062 2918 ut

105 2942 301 3027 intelligant,
316 2944 425 3008 omnia
439 2940 602 3008 Ciceronis
616 2946 726 3026 patere
741 2941 910 3007 Trebiano.
937 2941 1009 3007 Hoc
1023 2963 1061 3005 eo

105 3031 256 3115 pertinet,
278 3036 315 3095 ut
333 3031 415 3094 nihil
434 3031 619 3095 existiment
636 3052 705 3095 esse
727 3033 795 3094 tam
815 3030 953 3113 difficile,
976 3029 1061 3112 quod

105 3139 174 3182 non
196 3140 255 3202 pro
278 3122 311 3182 te
334 3119 414 3183 mihi
436 3122 620 3202 susceptum
641 3119 817 3183 iucundum
845 3119 887 3182 sit
908 3118 1061 3182 futurum.

177 3273 228 3342 Ep.
250 3281 330 3329 10.1.
367 3280 392 3328 el
409 3275 618 3344 hoc(Mart.-L.)
637 3275 783 3343 11103111).
820 3280 845 3328 et
863 3275 928 3329 baec
940 3274 982 3327 1111
995 3272 1060 3327 ΜΒ.

106 3350 132 3397 2.
147 3358 228 3411 posce
241 3345 366 3399 debebam
377 3346 463 3415 (W.)?
478 3377 512 3385 -
527 3347 585 3400 eius
594 3362 660 3400 casa
669 3347 725 3400 deu.
736 3346 792 3413 (M,
801 3346 906 3414 vulgo).
934 3359 954 3398 e.
971 3343 1060 3414 [euru]

104 3415 133 3468 d.
152 3414 317 3481 Heumann,
336 3415 385 3468 Β.’
409 3422 433 3469 3.
461 3417 613 3470 iaeaudam
631 3433 733 3486 seraper
746 3433 779 3470 ae
800 3421 910 3484 pretam
932 3415 969 3469 rit
985 3415 1062 3481 futu·

105 3501 168 3540 rum
188 3485 272 3554 (W.)?
308 3488 458 3541 maalmam
475 3503 577 3556 semper
595 3503 628 3541 ac
645 3487 702 3556 pal.
722 3486 806 3542 Taur.

160 3572 274 3614 ciceronis
288 3575 352 3622 epist.
364 3576 383 3616 L
823 3581 862 3631 qq
883 3566 888 3573 ’
