2370 3878
123 152 190 217 380
407 153 444 207 Μ.
464 152 587 207 TULLII
605 150 795 208 CICERONIS

124 318 182 364 vos
204 296 294 361 brevi
317 299 462 380 tempore
484 296 535 362 ius
558 319 652 362 suum
674 298 874 381 reciperabit.
917 299 994 383 Ego
1020 303 1090 367 tuis

124 406 228 470 neque
251 384 362 448 desum
385 406 489 470 neque
512 386 620 450 deero:
643 387 699 469 qui
721 387 787 450 sive
810 386 851 449 ad
870 409 920 451 me
940 388 1090 454 referent

123 475 187 540 sivo
209 493 270 537 uon
288 472 427 553 referent,
450 496 521 538 mea
539 474 599 538 tibi
616 478 727 538 tamen
744 475 971 541 benevolentia
988 477 1089 542 fides-

126 582 187 647 que
210 561 435 645 praestabitur.
480 561 572 627 Vale.

567 805 627 874 ΠΙ.

215 926 272 982 Sor.
290 928 396 983 Romae
414 929 529 984 ineunte
546 945 641 984 mense
659 927 774 983 Octobri
792 945 817 984 a.
836 946 863 984 u.
881 946 904 984 c.
926 936 985 984 710.

296 1045 300 1049 ’
418 1069 548 1125 ovcaao
568 1069 692 1125 onssvo
711 1069 786 1125 sm.

92 1176 105 1225 ¹
192 1177 302 1264 Auget
323 1183 398 1244 tuus
418 1180 539 1244 amicus
558 1179 699 1243 furorem
721 1179 757 1242 in
779 1180 859 1244 dies:
882 1181 1024 1265 primum
1046 1183 1082 1246 in

127 1268 248 1351 statua,
276 1289 372 1352 quam
394 1267 504 1351 posuit
524 1267 560 1330 in
587 1267 713 1348 rostris,
740 1268 905 1352 inscripsit
931 1287 1083 1334 Planum

127 1372 254 1421 orrlnn
271 1373 410 1437 unacco,
432 1359 555 1420 utnon
572 1355 668 1421 modo
687 1354 802 1437 sicarii,
824 1357 879 1420 sed
897 1358 961 1422 iam
981 1359 1081 1422 etiam

126 1444 302 1528 parricidae
318 1443 512 1526 indicemini,
535 1444 612 1528 quid
632 1443 712 1525 dico,
734 1442 939 1509 indicemini?
961 1446 1082 1511 iudice-

126 1555 199 1597 mur
224 1534 346 1617 potius3
375 1533 474 1597 vestri
502 1533 588 1596 enim
615 1532 821 1617 pulcherrimi
848 1533 926 1598 sacti
953 1532 1007 1598 ille
1030 1535 1080 1599 fu-

126 1621 231 1686 riosus
257 1643 308 1685 me
335 1620 512 1705 principem
536 1620 613 1686 dicit
634 1621 743 1685 fuisse.
788 1619 923 1685 Utinam
950 1622 1080 1705 quidem

126 1709 271 1775 fuissem!
294 1711 448 1774 molestus
462 1708 556 1773 nobis
571 1730 637 1773 non
651 1712 743 1772 esset.
780 1707 842 1774 Sed
860 1710 922 1774 hoc
937 1713 1080 1776 vestrum

127 1802 189 1881 est3
212 1798 297 1883 quod
316 1798 467 1882 quoniam
486 1797 661 1881 praeteriit,
678 1797 803 1861 utinam
821 1797 982 1880 haberem,
1002 1799 1080 1882 quid

127 1888 217 1952 vobis
240 1888 350 1952 darem
372 1886 510 1952 consilii!
539 1886 594 1950 sed
621 1908 662 1951 ne
685 1885 764 1948 mihi
791 1886 919 1968 quidem
945 1887 1008 1970 ipsi
1032 1909 1080 1950 re-

126 1977 216 2060 perio
248 1976 325 2061 quid
356 1974 543 2040 faciundum
575 1975 630 2057 sit,
666 1973 743 2057 quid
775 1974 860 2038 enim
893 1977 955 2058 est,
993 1977 1079 2058 quod

92 2067 240 2130 ²contra
267 2065 332 2129 vim
360 2065 429 2128 sine
456 2063 488 2128 vi
514 2061 583 2127 fieri
610 2061 734 2147 possit?
780 2059 957 2127 Consilium
984 2085 1081 2129 omne

128 2157 236 2218 autem
258 2153 320 2217 hoo
343 2157 392 2216 est
413 2152 555 2231 illorum,
582 2155 619 2214 ut
645 2155 782 2215 mortem
805 2148 951 2215 Caesaris
973 2173 1080 2234 perse·

128 2237 281 2326 duantum
302 2241 411 2324 itaque
434 2242 510 2303 ante
532 2238 617 2302 diem
639 2257 683 2302 vl.
705 2238 790 2302 Non.
813 2237 881 2302 Oct.
904 2239 1082 2323 productus

127 2331 162 2394 in
194 2329 380 2395 concionem
413 2350 432 2392 a
459 2325 620 2392 Cannutio
650 2327 834 2411 turpissime
865 2327 919 2392 ille
951 2328 1080 2411 quidem

128 2419 283 2501 discessit,
305 2417 360 2482 sed
382 2420 492 2480 tamen
515 2436 553 2479 ea
571 2414 652 2478 dixit
668 2415 707 2478 de
726 2416 1004 2481 conservatoribus
1024 2441 1080 2502 pa-

128 2508 222 2591 triae,
253 2528 334 2592 quae
367 2505 430 2568 dici
462 2504 615 2568 deberent
644 2503 683 2567 de
709 2503 940 2587 proditoribus;
967 2505 1007 2569 de
1029 2528 1082 2570 me

129 2597 257 2680 quidem
284 2616 350 2659 non
379 2592 575 2676 dubitanter,
608 2591 686 2675 quin
709 2592 817 2655 omnia
849 2593 887 2656 dc
910 2613 982 2657 meo
1006 2615 1081 2658 con-

130 2685 200 2749 silio
225 2687 258 2749 et
278 2705 336 2748 vos
359 2681 515 2747 fecissetis
538 2684 571 2746 et
594 2677 773 2744 Cannutius
796 2680 923 2744 faceret.
967 2679 1082 2746 Cetera

130 2772 309 2839 cuiusmodi
332 2771 406 2854 sint,
429 2791 467 2834 ex
488 2770 551 2834 hoo
573 2768 688 2851 iudica,
710 2767 795 2852 quod
812 2768 921 2853 legato
940 2772 997 2834 tuo
1016 2771 1081 2835 via·

129 2861 228 2924 ticum
247 2860 445 2943 eripuerunt:
469 2857 545 2942 quid
563 2879 618 2922 eos
636 2857 841 2940 interpretari
859 2861 965 2941 putas,
982 2881 1082 2942 quum

128 2948 191 3013 hoc
221 2946 368 3012 faciunt?
400 2946 441 3011 ad
471 2946 599 3012 hostem
631 2944 751 3010 scilicet
782 2946 913 3029 portari.
963 2945 1082 3011 Orem

129 3037 292 3102 miseram!
324 3035 490 3099 dominum
520 3036 604 3100 ferre
631 3054 699 3098 non
720 3034 898 3117 potuimus,
927 3055 1083 3099 conservo

129 3125 293 3190 servimus.
342 3123 387 3188 Et
417 3126 540 3207 tamen,
574 3143 626 3186 me
658 3121 787 3205 quidem
817 3122 946 3186 favente
978 3124 1083 3208 magis

129 3235 227 3298 quam
250 3216 412 3296 sperante,
440 3212 537 3275 etiam
558 3230 646 3275 nunc
668 3208 787 3273 residet
809 3231 883 3294 spes
905 3212 940 3274 in
963 3210 1083 3275 virtute

128 3306 193 3366 tua.
247 3299 310 3366 Sed
342 3300 397 3364 ubi
429 3302 506 3363 sunt
537 3296 670 3382 copiae?
706 3296 746 3360 de
776 3299 900 3382 reliquo
933 3300 1019 3363 malo
1051 3302 1083 3362 te

128 3390 234 3472 ipsum
256 3392 363 3454 tecum
390 3388 479 3472 loqui
508 3407 605 3470 quam
627 3387 741 3450 nostra
768 3386 854 3450 dicta
880 3407 1083 3472 cognoscere.

125 3476 207 3544 Vale.

112 3748 164 3815 fl
