2370 3878
386 191 646 248 EPISTOLARUM
665 191 725 245 XV.
745 199 822 247 2-4.
1017 192 1083 256 505

105 361 311 426 possumus,
338 360 376 402 ea
404 336 650 401 mansuetudine
678 339 711 400 et
734 337 933 401 continentia
962 341 1084 420 nostra,

126 429 287 494 sociorum
305 426 460 490 fidelitate
479 429 635 509 tueamur.
672 424 721 489 Tu
735 425 840 509 velim,
858 428 895 489 ut
913 426 1084 509 consuesti,

125 538 188 582 nos
211 517 363 581 absentes
387 513 502 598 diligas
527 516 559 576 et
582 512 743 577 defendas.

574 705 633 770 IV.

128 821 187 875 Sor.
206 821 236 874 in
255 818 356 874 Cilicia
374 835 468 873 mense
487 817 551 872 Dec.
572 819 647 888 (post
665 817 725 872 XII.
740 817 802 909 Kal,
817 818 885 887 lan.)
904 833 929 873 a.
943 837 970 872 u.
985 834 1008 873 c.
1024 825 1083 874 703.

305 943 343 997 M.
362 940 489 997 CICERO
509 941 581 996 lMP.
601 942 628 995 S.
647 942 680 995 D.
699 941 736 994 M.
756 940 900 996 CATONI.

198 1041 329 1108 Summa
365 1046 423 1106 tua
455 1042 630 1106 auctoritas
661 1040 740 1105 fecit
771 1062 939 1125 meumque
974 1062 1119 1125 perper

129 1137 223 1198 tuum
252 1132 290 1195 de
317 1134 374 1195 tua
398 1130 554 1214 singulari
577 1131 696 1193 virtute
718 1129 884 1213 iudicium,
912 1133 948 1194 ut
974 1131 1085 1215 magni

129 1241 202 1285 mea
225 1219 379 1283 interesse
402 1221 551 1301 putarem
574 1222 607 1281 et
628 1239 679 1281 res
703 1239 775 1302 eas,
802 1240 881 1301 quas
905 1218 1085 1302 gessissem,

129 1308 191 1372 tibi
213 1311 308 1371 notas
333 1327 401 1370 esse
425 1310 457 1369 et
480 1328 547 1371 non
569 1306 714 1391 ignorari
737 1328 757 1369 a
779 1309 821 1389 te,
843 1328 906 1390 qua
925 1306 1085 1389 aequitate

131 1400 164 1460 et
187 1395 387 1459 continentia
409 1397 517 1458 tuerer
540 1396 644 1459 socios
667 1395 928 1478 provinciamque
952 1396 1085 1458 admini-

132 1488 263 1565 starem3
285 1483 325 1547 iis
344 1483 430 1547 enim
450 1505 469 1546 a
486 1487 518 1546 te
533 1483 672 1568 cognitis
691 1483 870 1547 arbitrabar
888 1483 1014 1547 facilius
1035 1506 1085 1547 me

130 1553 204 1655 tibi,
231 1593 312 1655 quae
339 1572 467 1655 vellem,
494 1570 715 1654 probaturum.
764 1570 869 1646 Quum
896 1572 931 1635 in
958 1572 1121 1655 provin-a

132 1660 215 1724 ciam
237 1682 285 1744 pr.
303 1659 343 1724 K.
363 1658 447 1724 Sext.
470 1661 629 1724 venissem
652 1663 685 1724 et
706 1663 838 1744 propter
860 1661 938 1724 anni
959 1665 1086 1744 tempus

132 1747 174 1812 ad
197 1749 370 1813 exercitum
393 1748 472 1811 mihi
496 1749 666 1812 confestim
686 1769 755 1811 esse
774 1748 913 1811 eundum
937 1748 1087 1831 viderem,

131 1836 266 1900 biduum
285 1836 461 1900 Laodiceae
479 1836 537 1918 fui,
558 1836 672 1899 deinde
691 1833 854 1918 Apameae
873 1835 1088 1918 quatriduum,

132 1923 277 1989 triduum
300 1923 474 2008 Synnadis,
500 1924 636 1987 totidem
659 1922 726 1986 dies
749 1922 943 1985 Philomelii:
971 1922 1087 2004 quibus

132 2012 168 2077 in
192 2012 317 2096 oppidis
341 2034 440 2096 quum
462 2012 574 2096 magni
597 2013 774 2075 conventus
796 2009 946 2092 fuissent,
969 2011 1087 2074 multas

133 2100 279 2164 civitates
303 2099 515 2164 acerbissimis
542 2099 671 2162 tributis
700 2101 732 2162 et
759 2097 955 2182 gravissimis
982 2099 1087 2162 usuris

134 2191 167 2252 et
195 2188 279 2252 falso
308 2210 381 2251 aere
413 2188 517 2251 aliano
550 2186 691 2250 liberavi.
737 2183 904 2269 Quumque
931 2189 1006 2250 ante
1034 2187 1088 2250 ad-

132 2280 266 2340 ventum
303 2297 410 2338 meum
447 2275 602 2339 seditione
637 2273 776 2357 quadam
812 2274 967 2338 exercitus
1004 2280 1089 2339 esset

133 2363 322 2447 dissipatus,
349 2363 489 2445 quinque
517 2363 665 2426 cohortes
693 2361 762 2425 sine
789 2360 909 2446 legato,
937 2363 1005 2426 sine
1032 2364 1087 2427 tri·

133 2452 221 2515 buno
250 2450 404 2533 militum,
431 2450 566 2533 denique
594 2450 692 2513 etiam
720 2449 789 2513 sine
812 2451 998 2514 centurione
1021 2451 1087 2515 ullo

134 2538 220 2622 apud
248 2537 474 2602 Philomelium
501 2538 734 2621 consedissent,
763 2538 904 2621 reliquus
932 2538 1088 2601 exercitus

134 2630 222 2690 esset
248 2626 283 2690 in
310 2626 486 2710 Lycaonia,
512 2626 556 2690 M.
579 2625 708 2690 Anneio
731 2627 839 2710 legato
862 2626 1029 2708 imperavi,
1052 2628 1089 2689 ut

135 2736 189 2778 eas
213 2715 353 2799 quinque
386 2715 533 2780 cohortes
566 2715 606 2778 ad
637 2715 795 2798 reliquum
828 2713 1000 2776 exercitum
1033 2713 1089 2776 du-

134 2806 221 2867 ceret
243 2807 417 2887 coactoque
444 2805 480 2866 in
502 2824 602 2867 unum
630 2803 736 2867 locum
759 2801 899 2874 exercitu
927 2805 1031 2864 castra
1054 2802 1088 2864 in

135 2890 298 2974 Lycaonia
325 2892 411 2974 apud
437 2890 584 2955 Iconium
615 2889 744 2953 faceret.
798 2888 891 2964 Quod
919 2884 1016 2972 quuin
1046 2891 1124 2954 abs

134 2979 191 3043 illo
215 2979 387 3063 diligenter
409 2981 493 3042 esset
515 2981 635 3059 actum,
659 2997 719 3061 ego
742 2977 777 3039 in
800 2981 906 3041 castra
928 2999 956 3040 a.
979 2977 1008 3040 d.
1031 2995 1088 3040 vn.

134 3066 174 3131 K.
194 3064 280 3151 Sept.
303 3067 386 3150 reni,
409 3087 508 3148 quum
530 3065 653 3128 interea
677 3062 893 3148 superioribus
916 3064 1027 3128 diebus
1051 3085 1089 3127 ex

135 3158 266 3219 senatus
289 3154 437 3219 consulto
465 3156 498 3216 et
520 3156 725 3218 evocatorum
751 3152 875 3217 firmam
903 3155 1090 3215 manumet

204 3308 255 3378 Ep.
271 3316 296 3377 3,
308 3316 333 3363 2.
361 3315 486 3365 tueamur·
505 3309 632 3377 (Nonius,
650 3309 729 3364 cuius
748 3308 808 3363 cdd.
828 3307 932 3377 partim
945 3311 1090 3360 irascamur

133 3378 238 3450 partim
257 3383 414 3450 teneamur).
444 3385 568 3447 ,tammus
586 3381 622 3434 M.
664 3385 800 3435 teneamus
818 3377 911 3447 vulgo.
952 3376 1004 3446 Ep.
1024 3382 1049 3444 4,
1064 3383 1088 3430 2.

133 3452 165 3504 iu
187 3466 274 3503 anum
292 3450 380 3505 locum
405 3450 461 3520 (M,
480 3450 585 3522 vulgo).
630 3451 662 3505 in
681 3466 766 3505 uuum
790 3448 872 3516 Non,
890 3447 922 3500 B.
968 3453 992 3500 3.
1026 3451 1090 3500 esset

132 3521 238 3588 factum
256 3520 309 3588 (cd.
328 3519 415 3591 Eril?
