2370 3878
180 181 246 247 59³2
464 180 501 235 ld.
520 178 848 235 inteteressem

180 328 295 411 iuquit,
318 348 373 405 ,cx
390 326 612 389 taciturnitate
631 330 751 393 nosne.
774 322 873 407 Lupe,
891 322 970 406 quid
988 328 1048 386 aut
1065 343 1137 405 pro

180 416 291 479 tremus
314 414 375 477 boc
399 425 543 496 tempore
566 430 622 476 aut
640 412 865 495 improbemus,
887 411 1043 475 iudicare:
1067 431 1138 495 ego.

180 502 265 586 annl
293 501 333 563 ad
356 522 407 563 me
434 502 551 564 attinet
574 502 727 583 itemque.
749 500 900 579 arbitror,
927 514 1069 577 ceteros,
1092 499 1138 561 id-

180 592 263 653 circo
292 602 398 669 tacco,
429 588 514 672 quod
546 610 613 653 non
644 590 805 669 existimo,
830 609 930 670 quum
960 586 1138 669 Pompeius

180 678 275 757 absit,
297 697 426 740 cansam
449 678 520 760 agri
543 674 700 759 Campani
727 697 780 759 agr
810 674 1011 739 contenire.“
1056 680 1138 738 Tum

152 765 233 829 eillc
261 785 296 827 se
324 778 471 827 senatum
498 766 629 848 negavit
656 782 775 827 tenere.
822 762 965 826 Racilius
997 765 1137 827 surrexit

179 860 212 916 ct
239 852 279 915 de
306 852 431 917 iudiciis
458 852 577 915 referre
604 853 722 935 coepit:
752 850 976 914 Marcellinum
1006 852 1136 933 quidem

179 942 319 1025 primum
341 941 481 1025 rogarit:
504 940 532 1003 is
556 961 654 1023 quum
677 940 818 1023 grauiter
839 939 879 1002 de
897 936 1066 1003 Clodianis
1090 941 1135 1002 in·

178 1028 310 1111 cendiis,
327 1027 605 1109 trucidationibus,
622 1027 873 1110 lapidationibus
891 1032 1028 1109 questus
1042 1042 1136 1101 esset,

179 1117 373 1181 sententiam
396 1116 485 1195 dixit,
507 1122 544 1179 nt
566 1116 634 1198 ipse
655 1115 776 1178 iudices
799 1136 856 1197 per
876 1120 1063 1198 praetorem
1085 1139 1136 1179 ur·

179 1206 299 1269 benum
323 1204 506 1283 sortiretur,
531 1203 672 1267 iudicum
695 1204 863 1267 sortitione
892 1202 981 1266 facta
1004 1204 1135 1267 comitia

178 1294 388 1373 haberentur;
410 1292 465 1374 qui
487 1291 604 1355 iudicia
621 1291 816 1375 impedisset,
838 1296 1045 1355 cumcontra
1068 1314 1136 1356 rem

178 1382 341 1464 publicam
364 1401 433 1443 esse
455 1379 625 1443 facturum.
669 1379 859 1463 Approbata
885 1379 979 1443 ualde
1006 1386 1135 1443 senten·

178 1470 225 1531 tia
243 1466 278 1531 C.
297 1466 378 1532 Cato
397 1478 510 1531 contra
528 1467 608 1531 dixit
627 1472 660 1531 et
678 1465 713 1531 C.
727 1465 856 1531 Cassius
873 1468 1013 1531 maxima
1033 1468 1135 1532 accla-

178 1557 321 1619 matione
344 1559 484 1637 senatus,
507 1577 606 1638 quum
629 1556 758 1620 comitia
780 1554 905 1618 iudiciis
925 1556 1134 1620 anteferrent.

151 1642 356 1727 ³Philippus·
370 1643 509 1705 assensit
531 1642 678 1708 Lentulo.
713 1643 831 1707 Postea
845 1643 988 1707 Racilius
1011 1644 1053 1708 de
1073 1646 1134 1727 pri·

178 1732 262 1795 vatis
293 1752 344 1794 me
375 1731 514 1813 primum
546 1731 739 1795 sententiam
770 1732 909 1815 rogavit:
940 1733 1047 1796 multa
1075 1733 1135 1797 feci

179 1820 276 1883 verba
299 1820 338 1883 (le
360 1823 431 1883 toto
457 1818 566 1883 furore
589 1820 821 1902 latrocinioque
848 1818 884 1883 P.
906 1817 1025 1903 Clodii3
1054 1832 1135 1885 tam·

178 1930 275 1991 quam
298 1928 388 1971 rcum
410 1908 558 1971 accusavi
581 1907 692 1971 multis
719 1914 752 1971 et
779 1908 927 1972 secundis
949 1908 1136 1974 admurmu-

177 1996 358 2060 rationibus
390 1996 498 2059 cuncti
530 2000 670 2059 senatus.
714 1994 901 2060 Orationem
931 2018 1040 2060 meam
1073 1999 1137 2062 col-

177 2084 322 2147 laudavit
335 2083 414 2147 eatis
427 2084 538 2147 multis
551 2084 666 2166 verbis,
683 2105 751 2148 non
769 2083 949 2149 mehercule
968 2085 1138 2169 indiserte,

177 2170 282 2237 Vetus
304 2170 480 2255 Antistius,
506 2172 596 2255 isque
618 2172 808 2237 iudiciorum
835 2193 965 2237 causam
991 2176 1140 2259 suscepit

178 2260 498 2343 antiquissimamque
529 2281 564 2324 se
594 2260 780 2325 habiturum
812 2260 901 2325 dixit
952 2260 1070 2327 Ibatur
1101 2264 1139 2328 in

177 2368 248 2412 eam
273 2347 479 2411 sententiam:
501 2351 572 2412 tum
590 2345 722 2413 Clodius
739 2353 873 2433 rogatus
892 2349 977 2413 diem
996 2349 1138 2417 dicendo

177 2436 314 2499 eximere
342 2436 460 2519 coepit,
485 2435 616 2500 furebat
641 2459 662 2500 a
687 2436 811 2501 Racilio
839 2459 873 2501 se
900 2440 1140 2505 contumaciter

177 2524 362 2606 urbaneque
385 2527 543 2588 vexatum.
583 2523 708 2589 Deinde
730 2525 798 2589 cius
821 2547 937 2610 operae
956 2532 1094 2610 repente
1120 2552 1140 2594 a

177 2610 380 2677 Graecostasi
414 2616 447 2676 et
477 2611 630 2696 gradibm
661 2614 834 2678 clamorem
866 2613 944 2678 satis
976 2636 1140 2700 magnum

177 2702 391 2784 sustulerunt,
414 2699 543 2784 opinor,
564 2700 600 2764 in
622 2698 659 2776 Q.
682 2698 850 2766 Sextilium
873 2705 906 2765 et
928 2702 1051 2768 amicos
1074 2704 1139 2769 Mi·

177 2788 260 2851 lonis
279 2788 444 2852 incitatae:
467 2808 506 2852 eo
524 2792 613 2852 metu
630 2788 749 2854 iniecto
766 2793 898 2874 repente
915 2810 1039 2874 magna
1060 2814 1139 2876 que·

177 2874 316 2938 simonia
347 2875 491 2940 omnium
528 2875 740 2941 discessimus.
793 2877 903 2942 Habes
935 2882 1008 2942 acta
1036 2882 1140 2948 unius

177 2960 253 3025 diei:
284 2962 421 3046 reliqua,
456 2966 493 3027 ut
524 2964 676 3047 arbitror,
703 2965 740 3029 in
770 2987 914 3030 mensem
944 2965 1141 3035 Ianuarium

176 3050 369 3114 reiicientur.
413 3049 462 3114 De
493 3050 632 3117 tribunis
658 3053 702 3136 pl.
727 3053 825 3137 longe
853 3054 1010 3138 optimum
1039 3055 1142 3123 Raci-

57 3178 65 3189 ·
176 3138 256 3202 lium
274 3137 443 3219 habemus3
466 3138 592 3203 videtur
609 3140 707 3204 etiam
720 3139 882 3206 Antistius
901 3142 1022 3206 amicus
1037 3147 1141 3212 nobis

246 3360 377 3431 Ep.1,1.
410 3364 531 3433 itemque,
545 3364 675 3431 arbitror,
693 3370 791 3423 educa
808 3367 882 3436 (W).
918 3370 938 3423 ι’.
952 3385 978 3423 a.
998 3384 1020 3424 c.
1038 3373 1142 3445 vulgo.
1166 3374 1172 3387 '

174 3438 198 3485 2,
229 3430 258 3487 0.
280 3432 392 3491 Oasst'ats
415 3434 469 3501 (W.
489 3436 518 3487 et
535 3432 566 3489 Β.
585 3433 648 3490 Vol.
670 3436 705 3489 11.
723 3455 751 3505 p.
770 3437 863 3505 vlit).
910 3438 1021 3494 Cassius
1040 3441 1143 3515 MRI,

168 3502 263 3575 vulgo.
304 3512 328 3561 3.
360 3505 535 3575 scatentium,
552 3521 636 3581 quate
654 3505 737 3575 ppqq

175 3765 249 3808 A
305 3796 312 3808 t
