2370 3878
389 152 648 208 EPISTOLARUM
670 152 716 207 Vl.
738 159 760 207 Ι.
991 154 1054 217 173

99 305 203 382 ipsum
225 298 370 381 laudare,
397 319 438 362 ne
462 297 576 362 vitium
599 297 805 381 arrogantiae
823 297 1054 380 ¹subsequutum

96 389 202 452 solum
228 407 304 450 vero
328 386 464 450 liberum
488 387 624 450 alterum
646 385 791 468 laudare,
815 385 853 449 de
877 404 940 468 quo
964 387 1054 469 quid-

97 475 175 558 quid
199 474 364 557 detrahar,
386 494 516 538 neeesse
540 478 590 538 est
612 477 670 537 aut
690 473 872 537 infirmitati
895 476 952 537 aut
973 474 1053 537 invi·

96 564 169 627 diae
192 563 384 647 assignetur.
429 562 478 626 Ao
500 562 609 626 neseio
638 583 681 625 an
703 561 764 627 tibi
791 562 915 646 gratius
938 583 1054 644 oppor-

96 651 271 734 tuniusque
308 650 472 732 acciderit3
508 671 599 733 nam,
637 650 722 733 quod
754 650 917 733 praeclare
949 650 1054 714 fauere

97 760 165 803 non
187 742 349 822 poteram,
382 739 521 821 primum
553 741 622 801 erat
648 758 715 802 non
743 739 916 822 attingere,
942 758 1054 802 seeun-

98 828 175 890 dum
202 826 393 890 beneficium
420 847 517 909 quam
545 825 729 909 parcissime
756 826 871 890 faeere.
917 823 979 889 Sed
1006 829 1053 889 ta-

98 937 173 978 men
195 935 256 999 ego
281 914 410 998 quidem
432 936 484 978 me
506 914 658 978 sustinui:
685 914 787 977 multa
810 913 925 996 minui,
952 915 1055 977 multa

97 1004 223 1086 sustuli,
246 1003 412 1086 complura
434 1023 476 1065 ne
498 1003 592 1085 posui
616 1000 758 1084 quidem3
786 1001 1055 1084 quemadmodum

97 1091 207 1175 igitur,
229 1092 389 1154 scalarum
408 1090 527 1174 gradus
549 1090 578 1152 si
597 1090 677 1153 alios
695 1089 800 1172 tollas,
824 1089 904 1152 alios
923 1089 1055 1172 incidas,

96 1179 273 1243 nonnullos
295 1179 380 1242 male
401 1178 571 1242 haerentes
593 1177 771 1259 relinquas,
798 1176 910 1240 ruinae
932 1177 1054 1259 perieu-

98 1267 167 1330 lum
190 1270 306 1349 stmaS,
328 1286 396 1330 non
419 1286 589 1331 ascensum
611 1285 714 1349 pares,
738 1265 783 1328 sio
804 1267 856 1328 tot
873 1266 967 1328 malis
985 1267 1055 1328 turn

98 1354 242 1418 vinctum
255 1357 326 1417 tum
339 1354 478 1418 fractum
492 1353 633 1418 studium
648 1353 808 1417 scribendi
826 1352 903 1436 quid
921 1352 1056 1437 dignum

98 1443 229 1505 auribus
258 1444 314 1506 aut
341 1443 507 1526 probabile
535 1445 645 1525 potest
667 1441 801 1506 afferre?
846 1440 953 1516 Quum
980 1454 1090 1505 veroa

98 1529 140 1592 ad
162 1530 264 1613 ipsius
278 1527 424 1594 Caesaris
442 1551 562 1595 nomen
579 1530 662 1613 veni,
684 1533 755 1594 toto
775 1550 907 1613 corpore
930 1533 1055 1593 eontra-

98 1622 220 1702 mesoo‘,
242 1640 310 1683 non
333 1640 456 1701 poenae
479 1622 581 1697 metu,
609 1618 665 1682 sed
691 1617 778 1682 illius
805 1617 927 1700 iudioii3
949 1620 1056 1681 totum

99 1706 185 1769 enim
204 1704 373 1770 Caesarem
391 1728 458 1771 non
476 1707 565 1771 novi:
590 1727 685 1790 quem
703 1709 799 1790 putas
820 1707 964 1769 animum
976 1726 1056 1789 esse,

99 1793 155 1856 ubi
179 1814 287 1858 seeum
308 1793 474 1877 loquitur?
519 1793 608 1877 „Hoc
635 1794 799 1877 probabit:
832 1793 894 1856 hoo
921 1793 1056 1857 verbum

100 1882 314 1964 suspiciosum
336 1886 394 1944 est
431 1880 523 1962 Quid,
547 1882 574 1943 si
596 1880 659 1946 hoo
681 1880 794 1944 muto?
818 1883 853 1943 at
871 1901 992 1962 vereor,
1014 1902 1056 1944 ne

98 1970 191 2052 peius
215 1970 266 2032 sit.
311 1967 383 2052 Age
405 1987 492 2050 vero,
514 1966 610 2031 laudo
635 1967 787 2050 aliquam:
815 1987 883 2031 non
906 1967 1055 2031 offendo?

99 2076 199 2137 quum
221 2076 317 2138 porro
331 2056 353 2133 t
367 2054 541 2138 offendam,
564 2054 653 2138 quid,
680 2055 709 2118 si
731 2076 799 2120 non
820 2055 912 2118 vult?
939 2057 1056 2120 armati

99 2142 211 2205 stilum
233 2143 447 2226 persequitur:
475 2143 552 2208 vieti
578 2146 612 2206 et
638 2142 783 2207 nondum
809 2144 952 2208 restituti
979 2144 1056 2228 quid

97 2229 241 2293 faciet?“
276 2230 387 2316 Auges
405 2231 503 2294 etiam
520 2235 557 2296 tu
575 2230 655 2297 mibi
674 2232 831 2316 timorem,
854 2232 909 2316 qui
926 2233 962 2296 in
980 2236 1055 2297 Ora·

98 2322 169 2382 tore
192 2322 249 2385 tuo
274 2341 367 2383 cares
390 2319 451 2382 tibi
468 2340 526 2402 per
544 2318 682 2384 Brutum
706 2323 739 2384 et
756 2320 797 2384 ad
816 2321 1055 2386 exeusationem

99 2407 222 2470 socium
249 2408 389 2492 quaeris:
421 2407 477 2471 ubi
508 2408 570 2472 hoo
603 2408 747 2472 omnium
779 2412 936 2492 patronus
967 2409 1054 2492 feeit,

99 2495 176 2577 quid
203 2517 267 2580 me,
298 2498 440 2560 veterem
467 2499 573 2580 tuum,
604 2517 691 2560 nuno
719 2497 864 2561 omnium
896 2497 1054 2579 clientem,

99 2583 217 2646 sentire
250 2583 401 2667 oportet?
445 2583 485 2648 In
511 2584 574 2648 hac
605 2584 706 2669 igitur
737 2584 897 2648 calumnia
928 2584 1054 2647 timoris

98 2673 131 2733 et
158 2692 270 2736 caecae
299 2672 490 2754 suspicionis
518 2674 694 2756 tormento,
721 2694 821 2755 quum
847 2671 986 2754 plurima
1013 2671 1054 2735 ad

99 2758 195 2822 alieni
223 2780 335 2824 sensus
364 2760 594 2844 coniecturam,
621 2781 689 2824 non
717 2760 757 2823 ad
781 2781 874 2824 suum
901 2759 1054 2824 iudicium

99 2846 293 2931 scribantur,
317 2869 413 2930 quam
437 2846 566 2911 difficile
590 2847 633 2911 sit
655 2847 798 2929 evadere,
821 2848 850 2911 si
871 2847 978 2912 minus
1002 2870 1053 2911 ex·

97 2937 208 3016 pertus
237 2957 283 3018 es,
316 2935 402 3020 quod
428 2938 461 2999 te
490 2934 530 2998 ad
558 2935 667 2998 omnia
693 2954 855 2999 summum
883 2939 978 3019 atque
1002 2957 1053 3000 ex·

168 3125 219 3194 Ep.
240 3132 303 3192 7,3.
339 3141 389 3180 aer.
413 3125 569 3193 3333333333
592 3140 674 3194 prora
694 3125 760 3195 (M)
797 3140 818 3180 3
839 3125 935 3196 [33η]
953 3141 977 3192 p.
1001 3125 1052 3191 (Ι,

96 3194 142 3250 W
162 3196 237 3263 olim,
256 3169 316 3265 Β.)
353 3202 377 3250 4.
405 3212 463 3251 333
471 3195 607 3268 offendo?
627 3195 745 3271 (Graeu
757 3196 799 3250 ed
777 3196 858 3270 Ι..)
900 3211 967 3249 333
985 3194 1051 3261 off?

95 3278 132 3330 M.
135 3278 306 3346 ,vulgo—
274 3291 408 3345 —porro
426 3277 445 3339 †
463 3262 663 3344 offerdumw
677 3263 813 3330 rull?
806 3274 862 3382 (W9.
862 3273 927 3342 ).ss
929 3273 1015 3327 sine
1032 3276 1057 3336 †.

91 3365 122 3416 p.
141 3350 273 3415 reprendo
293 3349 409 3416 aliquem
424 3348 523 3414 (velp.
542 3316 742 3415 reprendo),
759 3343 862 3400 ,3339
832 3344 948 3412 t(W.)
964 3346 1049 3398 aut
1026 3361 1057 3412 p.

94 3419 317 3500 reprendere..
312 3417 447 3556 ..poWleW
467 3417 595 3486 (Woe)
615 3420 754 3485 patronus
777 3415 849 3481 facis
868 3414 940 3482 (edd.
959 3417 1056 3484 vett>?

95 3519 130 3527 —
148 3489 174 3543 ei
192 3493 224 3542 33
241 3488 332 3542 miras
364 3487 438 3557 W)?
