2370 3878
352 164 610 232 EPISTOLARUM
627 164 675 221 XI.
695 171 737 221 28.
757 173 798 222 29.
985 165 1050 230 375

95 338 163 380 non
182 317 292 379 amant
309 316 441 399 propter
460 332 565 376 meam
582 311 618 375 in
636 308 807 375 Caesarem
826 312 1051 394 constantiam,

95 425 164 468 non
191 403 306 467 malint
331 401 396 466 mei
423 422 520 484 quam
548 399 597 463 sui
624 398 744 463 similes
776 399 896 463 amicos
923 399 1050 463 habere.

96 491 177 556 Mihi
201 490 380 574 quidemsi
408 492 520 573 optata
548 487 751 572 contingent,
778 486 865 571 quod
891 487 1051 571 reliquum

96 583 146 644 est
167 579 266 663 uitae,
292 579 328 642 in
355 577 423 643 otio
445 575 553 641 Rhodi
580 575 709 660 degeam
736 575 787 639 sin
814 596 907 640 casus
935 575 1050 658 aliquis

94 667 322 752 interpellarit,
349 667 397 730 ita
417 687 473 729 ero
495 664 631 747 Romae,
656 667 695 728 ut
720 667 806 728 recte
828 663 899 727 fieri
925 684 1051 747 semper

95 756 231 840 cupiam
268 755 420 819 Trebatio
443 756 555 817 nostro
575 772 711 836 magnas
730 771 793 836 ago
811 752 943 838 gratias,
965 752 1052 836 quod

95 849 188 912 tuum
221 864 298 929 erga
329 864 380 907 me
412 842 555 906 animum
587 839 764 924 simplicem
790 842 887 923 atque
913 840 1051 904 amicum

96 932 223 1016 aperuit
245 937 279 995 et
300 930 396 1015 quod,
418 951 500 1012 eum,
522 949 619 1012 quem
641 948 767 1011 semper
787 928 926 992 libenter
947 928 1052 1012 dilexi,

96 1042 160 1103 qno
193 1020 297 1104 magis
328 1019 398 1082 iure
430 1018 534 1081 colere
566 1020 662 1099 atque
695 1015 864 1080 observare
890 1012 1052 1100 deberem,

96 1109 182 1172 fecit.
227 1106 316 1171 Bene
339 1107 411 1171 vale
434 1109 467 1169 et
489 1125 539 1168 me
563 1104 668 1189 dilige.

513 1279 633 1345 XXIX.

241 1385 298 1439 Sor.
318 1385 431 1439 ineunte
450 1398 544 1439 mense
563 1382 699 1449 Quinetili
717 1396 741 1437 a.
761 1401 788 1439 u.
807 1400 830 1437 c.
851 1388 910 1439 tro.
969 1370 976 1381 ’

400 1505 527 1562 CICERO
547 1506 652 1562 OPPIO
672 1506 698 1561 S.
719 1507 751 1561 D.

164 1597 336 1663 Dubitanti
358 1598 437 1662 mihi
460 1635 502 1644 -·-
526 1598 611 1682 quod
635 1599 696 1663 scit
718 1598 847 1663 Atticus
876 1601 986 1664 noster
1010 1635 1051 1645 —
1073 1612 1087 1660 1

97 1687 137 1750 de
160 1686 222 1750 hoc
244 1690 314 1751 toto
334 1687 467 1751 consilio
485 1687 704 1771 profectionis,
726 1688 812 1771 quod
830 1688 865 1751 in
883 1691 1052 1770 utramque

97 1778 223 1859 partem
245 1775 280 1838 in
303 1779 445 1840 mentem
466 1776 569 1840 multa
591 1775 775 1857 veniebant,
797 1796 951 1860 magnum
973 1796 1053 1859 pon-

98 1863 158 1926 dus
190 1863 324 1926 accessit
355 1863 396 1926 ad
427 1863 604 1928 tollendam
635 1863 870 1927 dubitationem
901 1862 1053 1926 iudicium

99 1954 132 2014 et
159 1951 329 2015 eonsilium
354 1955 460 2034 tuum,
487 1972 564 2014 nam
591 1954 624 2014 et
651 1950 807 2034 scripsisti
830 1953 954 2034 aperte,
976 1949 1053 2033 quid

97 2038 159 2102 tibi
189 2039 364 2123 videretur,
396 2042 429 2103 et
456 2037 584 2102 Atticus
612 2039 652 2102 ad
679 2061 731 2102 me
755 2059 935 2103 sermonem
960 2042 1053 2102 tuum

99 2127 240 2211 pertulit.
277 2125 409 2210 Semper
431 2126 569 2191 iudicavi
592 2128 627 2191 in
649 2131 681 2191 te
701 2131 734 2190 et
750 2127 786 2191 in
804 2127 959 2211 capiendo
979 2148 1052 2191 con-

100 2214 171 2279 silio
194 2214 397 2298 prudentiam
426 2237 584 2279 summam
611 2237 680 2280 esse
704 2216 793 2279 etin
820 2215 927 2280 dando
949 2215 1054 2300 fidem,

99 2303 298 2387 maximeque
322 2325 393 2367 sum
417 2307 580 2388 expertus,
608 2325 706 2387 quum
732 2304 826 2368 initio
850 2304 951 2368 civilis
977 2305 1054 2368 belli

99 2412 157 2473 per
178 2391 303 2456 litteras
330 2395 363 2455 te
391 2391 635 2475 consuluissem,
662 2392 738 2476 quid
766 2393 845 2456 mihi
871 2392 1054 2457 faciendum

100 2500 169 2542 esse
193 2500 351 2564 censeres,
378 2481 559 2545 eundumne
583 2480 623 2544 ad
646 2480 834 2564 Pompeium
857 2503 899 2544 an
922 2502 1053 2544 manen-

100 2566 176 2631 dum
207 2567 243 2630 in
274 2567 381 2632 Italia:
420 2569 563 2652 suasisti,
599 2572 636 2632 ut
667 2570 867 2635 consulerem
903 2567 1054 2652 dignitati

98 2675 202 2739 meue3
225 2677 263 2719 ex
286 2678 359 2739 quo,
382 2656 459 2740 quid
482 2658 626 2740 sentires,
648 2657 791 2722 intellexi
814 2661 846 2721 et
865 2679 935 2720 sum
955 2656 1053 2720 admi-

98 2746 188 2807 ratus
211 2743 307 2807 fidem
329 2748 419 2809 tuam
442 2749 475 2808 et
501 2746 535 2809 in
559 2745 693 2811 consilio
722 2745 829 2810 dando
856 2743 1054 2829 religionem,

99 2831 193 2915 quod,
217 2854 315 2915 quum
338 2833 425 2896 aliud
443 2833 539 2897 malle
558 2833 786 2898 amicissimum
803 2836 896 2897 tuum
913 2836 1053 2919 putares

99 2919 264 3002 antiquius
285 2920 346 2983 tibi
374 2921 517 2986 officium
538 2942 646 2984 meum
675 2943 771 3005 quam
793 2921 880 2986 illius
902 2924 1053 2988 voluntas

96 3006 170 3071 fuit.
205 3007 364 3092 Equidem
383 3013 416 3072 et
434 3012 509 3073 ante
527 3009 590 3073 hoc
606 3012 734 3093 tempus
752 3014 784 3074 te
804 3011 899 3075 dilexi
922 3015 955 3076 et
973 3033 1053 3076 sem·
1072 3024 1092 3070 2

97 3115 156 3177 per
177 3117 228 3160 me
253 3118 272 3159 a
293 3100 326 3160 te
349 3097 440 3181 diligi
463 3097 562 3160 sensi:
593 3101 638 3181 et,
661 3120 760 3182 quum
788 3099 933 3163 abessem
956 3103 1053 3181 atque

96 3183 133 3244 in
150 3185 278 3270 magnis
296 3185 446 3269 periculis
465 3205 577 3269 essem,
600 3189 633 3249 et
650 3208 701 3250 me
720 3186 887 3250 absentem
909 3190 942 3249 et
964 3206 1053 3250 meos

97 3274 282 3353 praesentes
310 3276 384 3337 ate
408 3274 511 3338 cultos
538 3276 571 3336 et
593 3273 742 3339 defensos
770 3295 839 3338 esse
867 3273 998 3337 memini
1021 3277 1054 3338 et

168 3427 218 3498 Ep.
234 3435 276 3496 28,
291 3435 315 3483 8.
339 3431 420 3498 quod,
433 3447 494 3484 eum
507 3430 582 3500 (Ν).
619 3431 692 3498 quod
704 3446 765 3484 euru
778 3429 871 3499 vulgo.
907 3428 959 3498 Ep.
974 3435 1055 3497 tm.

95 3499 182 3551 sarsi:
199 3503 225 3552 et
304 3501 415 3554 memini
431 3507 457 3554 et
475 3500 551 3572 (W.).
587 3515 625 3569 s.;
645 3505 670 3558 ct
752 3500 880 3568 ieiunium
900 3501 980 3556 ab.
