2370 3878
381 194 640 275 urrsromsuu
659 206 679 259 1.
700 212 723 259 1.
993 206 1033 269 11

76 352 186 436 potius
209 351 368 435 sapientia
390 372 459 416 non
480 351 622 415 iucunda
645 351 757 432 solum,
780 349 836 413 sed
859 350 957 414 etiam
980 351 1034 415 ad-

77 439 234 504 mirabilis
256 440 327 503 visa
349 442 410 522 est3
437 438 542 503 virum
570 439 656 503 enim
684 439 892 502 excellentem
919 441 953 501 et
974 439 1035 503 tibi

76 533 134 592 tua
156 528 336 611 praestanti
362 528 397 592 in
424 548 498 591 eum
524 526 718 591 liberalitate
746 526 929 590 devinctum
953 547 1034 590 non·

77 616 160 680 nihil
173 616 391 699 suspicantem
405 619 538 699 propter
558 616 739 698 aliquorum
758 615 943 698 opinionem
958 637 1034 679 suae
1068 670 1072 681 .

77 704 263 787 cupiditatis
290 707 323 768 te
346 704 387 767 ab
416 725 450 768 se
478 704 696 768 abalienatum
721 703 779 767 illa
801 703 938 787 epistola
960 704 1034 767 reti·

78 793 193 876 unisti,
225 791 280 876 qui
311 792 391 856 mihi
419 814 518 875 quum
551 813 676 876 semper
707 795 782 856 tuae
811 791 899 855 laudi
926 791 1034 856 favere

78 881 165 944 visus
188 883 247 963 est,
269 880 367 944 etiam
389 880 459 963 ipso
483 880 750 964 suspiciosissimo
772 881 917 963 tempore
941 877 1035 944 Oani-

78 969 186 1051 niano,
208 971 278 1032 tum
301 990 377 1032 vero
400 968 492 1032 lectis
514 969 579 1032 tuis
600 968 717 1032 litteris
735 971 921 1052 perspectus
944 971 994 1032 est
1017 990 1036 1031 a

78 1077 129 1120 me
152 1059 222 1121 toto
246 1056 354 1120 animo
378 1056 417 1120 de
434 1059 467 1119 tc
487 1076 524 1120 ac
542 1057 581 1120 de
600 1056 664 1120 tuis
684 1056 881 1120 ornamentis
901 1060 933 1119 et
951 1077 1035 1120 com-

78 1144 182 1208 modis
201 1145 353 1229 cogitare.
389 1143 495 1219 Quare
513 1166 560 1227 ea,
579 1165 660 1227 quae
679 1144 826 1227 scribam,
844 1144 889 1208 sic
907 1144 1036 1228 habeto,
1054 1154 1071 1202 4

79 1253 130 1296 me
154 1254 227 1296 cum
249 1234 305 1296 illo
329 1253 363 1296 re
386 1252 482 1316 saepe
505 1232 740 1297 communicata
769 1231 808 1295 de
829 1231 917 1296 illius
941 1232 981 1295 ad
1004 1235 1036 1296 te

79 1321 241 1384 sententia
264 1323 360 1403 atque
383 1321 575 1385 auctoritate
595 1321 745 1385 scribere:
769 1321 922 1404 quoniam
945 1340 1036 1383 sena-

79 1411 133 1470 tus
165 1408 348 1472 consultum
378 1409 504 1472 nullum
536 1413 653 1493 exstat,
686 1431 749 1493 quo
776 1408 920 1473 reductio
950 1409 1036 1493 regis

81 1494 291 1560 Alexandrini
317 1495 377 1559 tibi
409 1495 560 1580 adempta
587 1498 642 1581 sit,
674 1518 788 1580 eaque,
820 1517 901 1580 quae
932 1496 970 1560 de
999 1517 1037 1560 ea

81 1585 260 1667 perscripta
283 1587 332 1648 est
354 1584 543 1667 auctoritas,
566 1586 617 1649 cui
640 1585 702 1649 scis
725 1586 935 1649 intercessum
958 1604 1037 1668 esse,

80 1675 117 1734 ut
143 1694 184 1735 ne
213 1673 284 1755 quis
312 1673 444 1737 omnino
471 1692 581 1757 regem
607 1673 786 1756 reduceret,
816 1676 943 1736 tantam
971 1672 1037 1735 vim

79 1758 187 1843 habet,
209 1763 247 1824 ut
269 1760 373 1844 magis
400 1761 557 1825 iratorum
583 1761 752 1831 hominum
775 1761 917 1824 studium
940 1781 1037 1843 quam

80 1847 259 1911 constantis
283 1850 414 1911 senatus
437 1849 607 1912 consilium
630 1870 699 1912 esse
721 1848 881 1930 videatur,
907 1851 940 1911 te
967 1869 1037 1930 per·

79 1933 1038 2107 11111111111111111111111
1065 1958 1073 1987 '

79 2113 147 2174 tem
165 2110 317 2173 habitura
335 2108 490 2186 videatur,
507 2112 545 2174 ut
561 2073 798 2176 Alexaiidrdam
816 2114 912 2195 atque
931 2110 1038 2197 Aegy·
1134 2154 1137 2159 -

79 2201 173 2281 ptum
195 2201 305 2262 tenere
327 2197 446 2281 possis,
474 2219 542 2262 esse
570 2202 603 2262 et
624 2202 699 2263 tuae
727 2203 759 2263 et
785 2200 890 2265 nostri
912 2200 1038 2283 imperii
1064 2206 1074 2219 ⁸

81 2285 250 2370 dignitatis
282 2286 480 2351 Ptolemaide
517 2290 574 2350 aut
610 2288 717 2371 aliquo
749 2288 931 2372 propinquo
965 2288 1037 2352 loco

80 2394 156 2457 rege
180 2375 337 2439 collocato
364 2378 397 2438 te
425 2395 498 2438 cum
525 2376 626 2440 classe
654 2379 751 2459 atque
778 2376 918 2439 exercitu
941 2375 1038 2458 profi·
1067 2422 1074 2431 .

81 2461 158 2526 cisci
174 2461 420 2547 Alexandream,
438 2466 484 2545 ut,
504 2483 575 2528 eam
594 2484 693 2547 quum
710 2484 789 2548 pace
807 2463 1037 2548 praesidiisque

81 2549 228 2633 firmans,
250 2549 453 2615 Ptolemaeus
475 2551 586 2616 redeat
607 2552 642 2615 in
659 2572 810 2636 regnum;
831 2552 879 2615 ita
899 2551 979 2634 fore,
1001 2554 1039 2614 ut

81 2640 115 2701 et
136 2659 195 2721 per
216 2641 249 2702 te
271 2638 473 2721 restituatur,
499 2640 768 2722 quemadmodum
790 2644 922 2704 senatus
944 2639 1037 2704 initio

80 2727 220 2809 censuit,
246 2730 279 2789 et
301 2727 369 2790 sine
392 2689 598 2791 mullitudine
621 2728 805 2811 reducatur,
833 2727 1037 2811 quemadmo-

80 2812 158 2876 dum
171 2814 319 2879 homines
332 2815 476 2899 religiosi
490 2813 630 2898 Sibyllae
649 2816 775 2899 placere
790 2815 947 2880 dixerunt.
976 2814 1038 2880 Sed
1057 2825 1074 2874 a

80 2899 161 2965 haec
184 2894 345 2967 sententia
373 2903 419 2966 sic
447 2907 479 2966 et
465 2903 553 2967 tilli
580 2908 613 2967 et
639 2904 734 2968 nobis
761 2904 972 2988 probabatur,
1000 2907 1040 2968 ut

81 3008 120 3052 ex
147 2993 264 3054 eventu
295 2991 444 3056 homines
476 2991 515 3055 de
542 2994 599 3056 tuo
631 2992 766 3056 consilio
800 2993 1039 3057 existimaturos

80 3075 273 3142 videremus:
310 3079 337 3142 si
364 3078 543 3162 cecidisset,
575 3083 613 3144 ut
598 3081 787 3145 vtolumus
820 3084 853 3144 et
880 3084 1039 3163 optamus,

80 3184 193 3229 omnes
219 3168 252 3230 te
280 3168 313 3231 et
340 3167 467 3250 sapient
468 3189 503 3230 er
525 3171 558 3232 et
583 3168 727 3252 fortiter,
756 3169 783 3232 si
810 3168 931 3250 aliquid
955 3168 1039 3229 esset

80 3251 253 3339 offensum,
282 3255 411 3320 eosdem
433 3255 506 3320 illos
535 3259 568 3319 et
590 3256 704 3339 cupide
728 3258 761 3320 et
782 3259 902 3319 temere
924 3253 1038 3316 iecisse

262 3464 391 3532 trapis
404 3463 484 3519 Alea.
505 3463 544 3532 (Μ
546 3462 749 3534 ..1)1.[Α1111]
763 3461 875 3531 chyn
885 3459 970 3514 11-
934 3474 1047 3528 -per-

78 3530 184 3600 scripto
165 3532 257 3600 o(W
258 3502 287 3601 ).·
314 3535 419 3602 scripto
435 3535 501 3591 ΜΒ
