2370 3878
317 128 574 185 EPISTOLARUM
592 129 625 183 v.
646 135 759 183 rv-ro.
955 126 1016 190 149

55 278 92 339 et
114 295 176 338 nos
200 277 385 356 ceterosque
407 273 642 338 necessitudine
670 276 703 337 et
724 271 950 336 benevolentia
971 275 1017 335 te·

56 384 134 428 cum
157 362 446 444 coniunctissimos,
469 383 630 445 quumque
653 381 807 445 magnam
829 359 1017 423 facultatem

56 452 104 516 sis
117 450 288 515 habiturus
302 450 470 515 nobiscum
485 453 517 513 et
537 471 609 512 oum
630 449 778 514 omnibus
797 448 861 512 tuis
881 448 1018 532 vivendi,

56 543 92 603 et
121 560 221 622 quum
248 542 335 603 tuum
362 559 462 601 unum
490 537 533 601 sit
559 537 711 601 iudicium
739 558 777 600 ex
804 540 871 600 tam
898 537 1018 621 multis,

57 626 147 711 quod
169 625 438 710 reprehendatur,
466 628 503 689 ut
526 625 612 708 quod
639 647 705 688 una
728 625 889 689 sententia
917 646 1017 708 eaque

57 714 159 779 dubia
189 715 354 799 potentiae
387 713 521 777 alicuius
560 713 778 777 condonatum
811 713 1018 797 existimetur,

58 802 211 867 omnibus
233 802 285 866 his
304 802 343 866 de
363 801 467 866 causis
486 801 582 865 debes
601 802 696 865 istam
717 801 898 865 molestiam
920 823 1018 885 quam

59 890 221 954 levissime
243 889 336 954 ferre.
380 888 473 953 Meus
497 889 623 954 animus
647 890 708 953 erit
727 890 763 953 in
784 893 816 953 te
837 889 1017 972 liberosque

58 983 136 1043 tuos
159 999 294 1062 semper,
317 1000 412 1062 quem
434 981 471 1041 tu
494 999 563 1041 esse
585 978 635 1041 vis
659 977 768 1061 etqui
791 997 860 1041 esse
883 977 987 1041 debet.

494 1186 584 1254 XIX.

59 1298 119 1355 Sor.
138 1276 169 1354 in
191 1298 316 1356 Cumano
338 1299 413 1355 inter
435 1299 482 1354 ΙΙΙ.
507 1299 683 1426 Kal.⁷p,d5aias
710 1302 740 1357 et
762 1299 811 1356 VI.
833 1299 905 1356 Non.
928 1299 1018 1356 Maias

443 1386 467 1424 a.
486 1388 514 1424 u.
533 1386 556 1425 c.
629 1413 637 1426 .

411 1492 540 1549 CICERO
561 1493 667 1550 RUFO.

127 1588 201 1656 Etsi
223 1592 304 1656 mihi
325 1613 503 1677 numquam
527 1594 659 1658 dubium
681 1593 757 1677 fuit,
787 1594 865 1677 quin
888 1595 948 1658 tibi
971 1616 1017 1660 es·
1038 1611 1053 1660 1

61 1699 130 1742 sem
153 1680 346 1765 carissimus,
368 1685 479 1746 tamen
502 1683 644 1765 quotidie
667 1683 771 1767 magis
794 1682 828 1746 id
850 1684 1018 1767 perspicio,

60 1770 230 1850 exstatque
251 1769 299 1852 id,
326 1769 412 1852 quod
435 1770 514 1833 mihi
539 1771 725 1835 ostenderas
753 1771 944 1854 quibusdam
966 1772 1018 1834 lit·

59 1854 150 1938 teris,
166 1855 229 1920 hoe
248 1860 282 1921 te
301 1856 527 1923 studiosiorem
544 1859 580 1921 in
598 1881 648 1922 me
668 1859 802 1923 colendo
821 1858 899 1940 fore,
922 1880 1018 1941 qnam

61 1942 99 2004 in
125 1943 291 2025 provincia
316 1945 433 2011 fuisses
460 1982 503 1993 -
532 1947 592 2010 etsi
620 1968 691 2011 meo
720 1946 837 2010 iudicio
868 1947 949 2010 nihil
978 1947 1018 2011 ad

59 2034 156 2092 tuum
178 2032 372 2113 provinciale
396 2034 538 2100 officium
562 2034 636 2098 addi
658 2038 766 2119 potest
779 2070 832 2119 -,
855 2057 917 2118 quo
941 2036 1018 2099 libe·

59 2118 130 2181 rius
152 2117 304 2184 iudicium
327 2143 395 2188 esse
418 2126 529 2206 posset
550 2127 652 2188 tuum.
696 2122 811 2207 Itaque
838 2146 888 2188 me
912 2128 945 2188 et
967 2147 1018 2187 su-

59 2205 204 2290 periores
218 2207 344 2274 litterae
358 2215 433 2275 tuae
449 2212 621 2276 admodum
636 2213 884 2295 delectaverunt,
902 2212 1017 2295 quibus

60 2298 96 2357 et
126 2300 347 2380 exspectatum
377 2321 484 2363 meum
517 2300 691 2365 adventum
723 2301 781 2365 abs
811 2305 844 2366 te
872 2305 1018 2365 amanter

59 2381 210 2448 videbam
232 2388 278 2470 et,
301 2408 399 2470 quum
423 2389 516 2452 aliter
538 2410 589 2453 res
613 2390 779 2454 cecidisset
802 2411 839 2454 ac
861 2394 1017 2474 putasses,

59 2473 93 2533 te
117 2490 189 2537 meo
212 2474 347 2539 oonsilio
370 2497 489 2561 magno
514 2498 609 2560 opere
633 2499 701 2541 esse
725 2479 889 2560 laetatum,
912 2478 1017 2541 ethis

59 2559 214 2641 proximis
238 2563 354 2626 litteris
377 2585 532 2649 magnum
556 2565 625 2648 cepi
648 2565 789 2629 fructum
808 2568 841 2628 et
858 2565 966 2629 iudicii
985 2568 1018 2629 et

61 2644 161 2711 officii
183 2650 245 2714 tui:
268 2651 386 2735 iudicii,
409 2652 495 2736 quod
513 2653 660 2737 intelligo
678 2657 721 2737 te,
742 2653 776 2717 id
796 2653 882 2736 quod
905 2675 1017 2719 omnes

58 2733 162 2799 fortes
185 2758 223 2801 ac
245 2738 323 2802 boni
346 2740 406 2803 viri
426 2741 532 2805 facere
552 2741 679 2826 debent,
700 2741 783 2805 nihil
801 2745 915 2825 putare
938 2743 1017 2807 utile

59 2842 140 2907 esse,
157 2824 221 2888 nisi
235 2827 321 2909 quod
335 2831 459 2892 rectum
472 2829 707 2914 honestumque
727 2829 782 2911 sit3
805 2829 913 2914 officii,
931 2832 1017 2915 quod

57 2912 92 2973 te
115 2932 250 2998 mecum,
273 2915 495 3000 quodcumque
519 2919 673 3000 cepissem
696 2918 835 3001 consilii,
856 2919 1016 3002 polliceris

57 2997 139 3098 fore,
157 3021 221 3083 quo
240 3022 344 3085 neque
362 3004 442 3068 mihi
461 3006 585 3088 gratius
604 3028 716 3091 neque,
734 3010 772 3071 ut
790 3026 850 3090 ego
869 3006 1017 3091 arbitror,

57 3086 119 3151 t1bi
133 3087 301 3155 honestius
320 3113 388 3156 esse
404 3093 578 3176 quidquam
592 3098 709 3178 potest.
745 3094 826 3160 Mihi
847 3095 1016 3159 consilium
1035 3115 1051 3163 a

128 3312 181 3385 Ep.
199 3322 239 3385 18,
254 3322 279 3371 2.
308 3318 438 3373 levissime
453 3319 518 3387 (Ν).
557 3321 690 3375 lenissime
704 3322 767 3375 ΜΒ.
787 3352 822 3361 -
842 3323 951 3375 anianus
964 3323 1017 3376 erit

55 3382 114 3453 (lh,
128 3385 234 3456 vulgo).
272 3405 298 3441 a.
312 3389 337 3442 is
351 3391 403 3443 erit
416 3390 447 3444 B.
484 3390 594 3460 Ep.l9,
612 3399 634 3445 1.
663 3397 687 3446 et
700 3393 742 3446 bis
750 3393 889 3461 procincta
904 3392 1015 3461 (ΜΝ).

52 3458 80 3509 ct
97 3470 134 3511 ca
149 3456 194 3512 liis
206 3474 254 3526 pr.
272 3457 408 3529 Mart-L,
426 3460 457 3514 B.
