2370 3878
348 180 606 236 EPISTOLARUM
626 182 687 236 ΧΠ.
706 188 747 236 aa
767 188 808 237 se.
989 183 1053 246 409

92 331 137 390 ut
157 327 205 390 ait
221 325 405 402 Terentius3
430 327 647 409 quamobrem,
664 327 709 390 mi
727 325 854 410 Quinte,
877 328 1055 392 conscende

95 414 278 497 nobiscum,
300 418 333 478 et
356 414 483 497 quidem
502 414 543 478 ad
561 415 708 498 puppim:
731 436 796 480 una
814 416 906 479 navis
925 416 1056 480 estium

95 503 260 568 bonorum
288 502 446 586 omnium,
473 524 570 586 quam
598 502 726 586 quidem
753 525 813 568 nos
841 503 954 568 damus
982 525 1055 588 ope-

96 612 170 654 ram
197 594 235 654 ut
261 594 381 655 rectam
408 594 588 674 teneamus3
615 593 740 656 utinam
766 613 919 676 prospero
948 595 1056 657 cursu!

98 679 170 762 sed,
198 678 389 763 quicumque
409 680 505 744 uenti
532 683 640 763 erunt,
668 701 719 744 ars
746 684 859 744 nostra
882 683 966 745 certe
989 702 1057 745 non

99 767 217 850 aberit3
254 767 330 850 quid
362 768 448 831 enim
479 772 642 852 praestare
675 767 762 832 aliud
793 769 895 832 virtus
927 769 1056 852 potest?

100 853 151 918 Tu
173 855 226 919 fac
248 858 287 919 ut
312 876 431 940 magno
460 857 567 920 animo
596 856 640 920 sis
663 860 695 920 et
724 857 848 920 excelso
872 858 1056 941 cogitesque

100 963 230 1007 omnem
248 943 440 1028 dignitatem
458 947 548 1009 tuam
567 965 639 1008 cum
656 964 691 1008 re
709 944 838 1028 publica
852 945 1057 1010 coniunctam

100 1053 170 1095 esse
194 1031 317 1096 debere.

299 1150 831 1257 qmmuQMam

82 1360 85 1364 .
167 1293 203 1358 Ρ.
217 1294 388 1360 Lucceium
406 1296 485 1360 mihi
504 1317 612 1360 meum
631 1296 844 1379 commendas,
867 1318 971 1381 quem,
989 1297 1056 1380 qui·
1076 1312 1091 1357 o

99 1383 299 1467 buscumque
312 1384 408 1449 rebus
421 1388 544 1468 potero,
567 1385 738 1470 diligenter
755 1385 878 1450 tuebor.
914 1383 1057 1449 Hirtium

101 1471 230 1554 quidem
263 1475 296 1536 et
316 1471 470 1555 Pansam,
502 1473 642 1558 collegas
673 1476 815 1556 nostros,
844 1474 991 1538 homines
1022 1475 1057 1538 in

101 1560 273 1624 consulatu
299 1560 345 1624 rei
373 1561 519 1643 publicae
547 1563 718 1645 salutares,
745 1562 849 1627 alieno
879 1584 955 1626 sane
978 1567 1056 1626 tem-

101 1668 179 1730 pore
198 1648 372 1732 amisimus,
393 1671 428 1712 rc
450 1650 579 1732 publica
602 1649 790 1715 Antoniano
814 1650 942 1734 quidem
960 1651 1056 1715 latro-

101 1735 186 1799 cinio
204 1736 350 1820 liberata,
373 1737 429 1801 sed
449 1738 593 1802 nondum
617 1739 747 1803 omnino
766 1738 937 1822 explicata,
961 1761 1057 1821 quam

101 1845 175 1906 nos,
208 1825 235 1887 si
257 1824 380 1909 licebit,
411 1847 498 1889 more
522 1829 633 1890 nostro
661 1825 835 1908 tuebimur,
863 1847 1057 1908 quamquam

101 1910 274 1976 admodum
294 1935 403 1977 sumus
425 1913 489 1976 iam
512 1913 691 1998 defetigati3
715 1913 770 1977 sed
788 1914 878 1977 nulla
900 1914 1056 1977 lassitudo

101 1999 255 2082 impedire
292 2000 435 2065 officium
467 2004 499 2064 et
534 2000 630 2066 fidem
663 2000 766 2065 debet.
824 2000 946 2064 Verum
977 2001 1092 2065 haece

100 2086 270 2152 hactenus:
294 2089 334 2154 ab
358 2089 429 2154 aliis
451 2093 483 2152 te
507 2088 619 2177 deme
643 2110 739 2174 quam
762 2110 782 2152 a
804 2109 855 2153 me
877 2089 947 2172 ipso
971 2091 1057 2154 malo

102 2195 305 2259 cognoscere.
350 2177 399 2242 De
426 2181 459 2242 te
486 2178 694 2242 audiebamus
726 2198 777 2260 ea,
810 2198 891 2260 quac
920 2179 1057 2242 maxime

100 2264 264 2328 vellemus.
301 2264 350 2329 De
369 2263 426 2330 Cn.
444 2264 595 2349 Minucio,
619 2287 713 2350 quem
736 2269 773 2329 tu
792 2266 983 2349 quibusdam
1005 2267 1057 2331 lit·

100 2352 178 2415 teris
202 2352 242 2416 ad
266 2355 389 2417 caelum
411 2354 559 2417 laudibus
578 2354 729 2436 extulisti,
750 2374 895 2419 rumores
913 2355 1057 2420 duriores

101 2443 207 2503 erant:
230 2440 263 2505 id
286 2442 379 2523 quale
403 2442 445 2505 sit
464 2442 658 2525 omninoque
677 2441 753 2526 quid
776 2442 848 2507 istic
872 2446 988 2527 agatur
1009 2442 1056 2506 fa-

101 2527 168 2591 cias
190 2549 242 2591 me
264 2529 360 2592 velim
384 2530 559 2594 cerborem.

516 2723 636 2790 XXVI.

152 2831 208 2886 Sor.
228 2850 323 2889 mense
341 2835 446 2890 incerto
462 2839 537 2905 (post
550 2837 624 2890 XIII.
643 2835 705 2889 Kal.
725 2836 794 2905 Ian.)
814 2852 838 2890 a
858 2854 885 2890 u.
904 2851 926 2890 e.
948 2841 1006 2891 710.

323 2958 470 3014 CICERO
489 2957 733 3014 CORNIFICIO
752 2957 835 3013 SAL.

169 3054 205 3131 Q.
229 3055 355 3141 Turius,
378 3059 432 3141 qui
454 3058 488 3121 in
507 3057 619 3122 Africa
641 3059 826 3143 negotiatus
849 3062 907 3142 est,
930 3059 978 3122 vir
1000 3058 1090 3122 bo-1

99 3165 161 3208 nus
186 3149 218 3208 et
240 3145 409 3229 honestus,
431 3144 564 3210 heredes
586 3146 664 3211 fecit
687 3147 804 3211 similes
829 3147 891 3228 sui,
919 3143 976 3210 Cn.
1000 3143 1055 3209 Sa-

98 3232 277 3315 turninum,
296 3232 365 3298 Sex.
384 3233 558 3317 Aufidium,
577 3231 610 3299 C.
624 3234 797 3317 Anneium,
818 3234 853 3310 Q.
868 3230 1055 3298 Considium

99 3319 237 3405 Callum,
260 3320 296 3385 L.
320 3320 488 3387 Servilium
510 3323 708 3406 Postumum,
731 3320 765 3388 C.
788 3321 984 3386 Rubellium:
1017 3343 1055 3386 cx

92 3487 98 3496 ⁵
169 3511 282 3581 Ep.26,
303 3519 326 3568 1.
362 3514 503 3571 Anneium
522 3514 640 3587 (vulgo).
678 3513 809 3571 Aeacum
822 3511 895 3569 nn.
