2370 3878
346 182 604 239 EPISTOLARUM
622 183 669 238 xl.
690 190 766 239 r-c.
968 183 1032 248 353

77 327 244 413 dignitatis
267 331 356 409 tuae,
383 328 579 392 admirabilis
608 327 695 391 enim
721 331 771 391 est
798 329 955 411 quaedam
984 329 1033 393 tui

77 415 218 481 nominis
242 416 358 480 caritas
386 437 539 499 amorque
566 416 601 479 in
627 420 660 479 te
688 415 860 499 singularis
889 416 1033 480 omnium

77 504 207 586 civium3
229 503 276 567 ita
299 505 385 567 enim
408 507 540 588 sperant
563 507 659 586 atque
679 503 855 587 confidunt,
877 509 915 568 ut
937 508 1033 568 antea

76 605 162 677 rege,
185 592 231 655 sio
253 591 315 657 hoc
338 596 483 676 tempore
506 613 606 677 regno
629 595 662 655 te
684 613 752 656 rem
770 592 934 677 publicam
955 593 1032 657 libe-

77 683 232 744 raturum.
277 679 400 744 Romae
428 681 569 745 delectus
600 679 738 743 habetur
769 684 901 763 totaque
928 679 1067 763 Italiac

78 769 105 832 si
128 768 180 832 hic
205 768 346 832 delectus
370 768 580 852 appellandus
599 770 657 850 est,
680 789 779 851 quum
797 770 881 833 ultro
906 790 939 832 se
958 770 1032 834 offe-

77 859 155 920 runt
183 877 307 920 omnes:
333 860 445 921 tantus
473 856 569 922 ardor
596 857 720 921 animos
746 856 915 922 hominum
942 879 1033 922 occu·

77 944 168 1028 pavit
191 944 347 1009 desiderio
365 944 523 1009 libertatis
542 945 678 1028 odioque
698 944 840 1008 diutinae
862 945 1034 1009 servitutis.

78 1030 128 1096 De
151 1032 281 1117 reliquis
309 1033 404 1097 rebus
432 1037 505 1097 ate
529 1033 594 1097 iam
621 1035 805 1116 exspectare
834 1033 959 1097 litteras
982 1035 1034 1097 de-

78 1120 205 1204 bemus,
233 1120 309 1204 quid
336 1121 405 1205 ipse
428 1141 521 1206 agas,
553 1120 629 1205 quid
658 1124 769 1186 noster
791 1118 931 1204 Hirtius,
959 1121 1034 1204 quid

80 1205 198 1273 Caesar
229 1229 332 1291 meus,
364 1230 445 1292 quos
472 1230 565 1293 spero
593 1209 683 1272 brevi
710 1212 855 1292 tempore
883 1209 1035 1274 societate

79 1297 232 1360 victoriae
259 1300 366 1361 tecum
393 1297 560 1381 copulatos
587 1297 665 1362 fore.
710 1295 883 1379 Reliquum
911 1300 972 1380 est,
999 1302 1036 1361 ut

81 1383 119 1446 de
147 1405 198 1448 me
225 1383 259 1447 id
286 1385 436 1468 scribam,
468 1384 554 1469 quod
581 1389 613 1448 te
641 1406 680 1449 ex
706 1388 837 1449 tuorum
865 1385 980 1449 litteris
1004 1390 1036 1449 et

81 1492 175 1554 spero
198 1475 231 1536 et
253 1473 337 1537 malo
361 1494 563 1559 cognoscere,
586 1494 636 1537 me
660 1492 764 1556 neque
783 1472 891 1537 deesse
912 1475 979 1538 ulla
1001 1475 1036 1538 in

80 1581 115 1622 re
137 1580 240 1644 neque
263 1583 416 1644 umquam
439 1560 623 1626 defuturum
647 1560 799 1645 dignitati
821 1565 905 1625 tuae.

525 1736 582 1801 IX.

161 1838 218 1893 Sor.
237 1840 267 1893 in
286 1839 385 1894 castris
404 1840 488 1909 Regii
505 1839 554 1894 ΠΙ.
573 1839 635 1893 Kal.
654 1839 743 1894 Maias
763 1856 787 1893 a.
806 1857 834 1894 u.
853 1857 876 1894 e.
897 1845 956 1894 ⁷11.

284 1945 318 1998 D.
337 1942 480 1999 BRUTUS
501 1943 527 1998 S.
546 1943 579 1998 D.
598 1943 635 1999 M.
655 1943 832 2001 CICERONI.

148 2031 256 2105 Pansa
283 2035 401 2098 amisso
429 2037 587 2118 quantum
616 2034 799 2101 detrimenti
830 2057 881 2099 res
908 2035 1070 2118 publical

81 2121 249 2205 acceperit,
272 2143 340 2187 non
357 2126 390 2187 te
407 2123 573 2206 praeterit:
595 2145 683 2188 nunc
701 2123 893 2187 auctoritate
912 2127 945 2187 et
962 2146 1036 2207 pru·

81 2210 191 2274 dentia
209 2212 266 2274 tua
284 2211 462 2294 prospicias
482 2215 617 2295 oportet,
639 2232 681 2276 ne
698 2211 821 2275 inimici
839 2213 943 2276 nostri
963 2234 1036 2277 con·

81 2298 204 2363 sulibus
225 2299 360 2363 sublatis
380 2302 510 2383 sperent
528 2321 562 2365 se
580 2301 801 2364 convalescere
815 2322 919 2383 posse.
955 2299 1036 2384 Ego,

80 2407 122 2449 ne
145 2387 319 2452 consistere
347 2388 450 2471 possit
477 2387 512 2451 in
534 2386 630 2452 Italia
652 2387 828 2470 Antonius,
856 2388 938 2452 dabo
963 2410 1036 2471 ope-

80 2495 163 2537 ram:
186 2496 302 2558 sequar
325 2497 397 2539 eum
421 2476 604 2557 confestim3
626 2480 798 2558 utrumque
820 2497 872 2540 me
894 2481 1036 2558 praesta·

80 2565 189 2625 turum
212 2585 319 2647 spero,
346 2585 387 2627 ne
411 2566 468 2628 aut
490 2562 662 2628 Ventidius
686 2563 832 2627 elabatur
855 2567 912 2627 aut
934 2562 1036 2626 Anto-

80 2649 153 2713 nius
186 2650 221 2714 in
252 2650 347 2715 ltalia
383 2655 534 2717 moretur.
592 2651 633 2715 In
659 2652 771 2734 primis
803 2671 883 2735 rogo
915 2654 961 2733 te,
996 2652 1037 2715 ad

79 2737 244 2802 hominem
271 2740 545 2824 ventosissimum,
567 2739 739 2823 Lepidum,
760 2739 885 2825 mittaS,
908 2761 948 2803 ne
971 2739 1036 2803 bel-

80 2826 147 2889 lum
179 2827 273 2891 nobis
305 2828 524 2912 redintegrare
557 2827 661 2911 possit
692 2826 837 2892 Antonio
871 2828 932 2892 sibi
962 2849 1036 2893 con-

79 2913 203 2996 iuncto,
226 2937 302 2978 nam
326 2916 364 2978 de
383 2915 529 2980 Pollione
552 2914 667 2979 Asinio
690 2919 769 2999 puto
793 2918 825 2979 te
847 2919 1037 3001 perspicere,

80 3001 155 3083 quid
178 3001 324 3066 facturus
345 3003 398 3066 sit.
443 3001 566 3066 Multae
589 3006 622 3066 et
643 3003 748 3068 bonae
772 3007 804 3067 et
825 3004 937 3069 firmae
961 3008 1037 3067 sunt

78 3089 223 3173 legiones
247 3090 361 3173 Lepidi
384 3093 417 3155 et
439 3090 552 3154 Asinii.
596 3089 709 3174 Neque
732 3092 812 3156 haec
835 3092 953 3157 idcireo
976 3091 1072 3156 tibia

79 3177 198 3261 scribo,
231 3179 317 3262 quod
348 3182 381 3243 te
413 3200 480 3243 non
508 3179 619 3243 eadem
647 3180 900 3244 animadvertere
929 3180 1036 3261 sciam,

79 3265 135 3329 sed
163 3267 249 3350 quod
276 3266 357 3330 mihi
382 3267 663 3350 persuasissimum
690 3272 740 3332 est
766 3267 923 3350 Lepidum
950 3270 1035 3330 recte

78 3352 241 3418 facturum
267 3376 458 3440 numquam,
485 3356 513 3419 si
539 3356 624 3421 forte
651 3356 743 3421 vobis
770 3355 804 3418 id
833 3355 956 3419 dehoc
980 3354 1035 3416 du·

145 3508 195 3575 Ep.
206 3517 228 3573 9,
237 3515 261 3562 2,
280 3511 407 3578 scribam,
415 3514 492 3582 quod
498 3514 627 3586 aoa(M.,
636 3517 667 3573 et
675 3514 839 3584 solertim.
860 3507 1072 3581 sqcproaoab.

116 3590 232 3633 Ciceronis
244 3597 307 3642 episc
321 3599 340 3637 L
812 3610 855 3660 ῃ
