2370 3878
346 204 605 261 EPISTOLARUM
623 204 671 259 ΙΙΙ.
691 211 715 259 6.
965 203 1008 267 69

50 351 210 438 fugientis
233 371 451 437 congressum,
472 371 580 415 meum
602 371 678 415 vero
701 349 956 415 coniunctissimi
979 353 1011 414 et

52 440 240 506 amicissimi
272 461 341 504 esse
373 439 527 504 videatur.
576 436 625 502 Ac
657 438 737 502 mihi
767 439 890 520 tamen,
922 441 1047 502 ante-l

53 526 155 613 quam‘
174 528 210 591 in
232 527 432 612 provinciam
454 527 542 611 veni,
564 526 707 591 redditae
731 529 807 591 sunt
830 548 850 591 a
871 531 904 590 te
927 527 1011 591 litte·

51 616 267 770 ffdelmdllr
281 614 1012 788 lttullltpllfillbllllllll

52 792 191 877 ferebas,
214 814 313 877 quum
335 793 468 877 interea,
491 791 585 857 credo
604 791 761 876 equidem,
782 792 932 856 malevoli
955 792 1012 856 ho-

54 881 160 946 mines
187 916 230 927 -
257 881 322 945 late
355 881 441 945 enim
471 883 563 965 patet
593 880 656 944 hoc
688 878 802 944 vitium
834 883 866 944 et
898 883 948 944 est
978 880 1012 945 in

54 969 167 1035 multis
190 1005 248 1053 —,
275 968 330 1033 sed
363 971 473 1033 tamen
499 968 700 1052 probabilem
730 968 898 1032 materiem
924 969 1014 1033 nacti

55 1057 215 1124 sermonis
237 1057 344 1142 ignari
371 1077 461 1120 meae
484 1056 686 1121 constantiae
714 1055 916 1120 conabantur
939 1056 1013 1121 alie-

56 1166 135 1210 nare
163 1167 183 1210 a
208 1148 241 1209 te
268 1146 470 1211 voluntatem
496 1165 614 1228 meam,
644 1144 699 1228 qui
726 1147 759 1207 te
786 1143 894 1208 forum
922 1143 1015 1208 Tarsi

56 1254 163 1319 agere,
186 1235 326 1298 statuere
349 1233 468 1316 molta,
491 1231 673 1316 decernere,
700 1231 841 1296 iudicare
864 1231 1015 1315 dicerent,

57 1343 157 1406 quum
171 1342 281 1405 posses
299 1322 365 1385 iam
383 1321 539 1404 suspicari
557 1320 617 1384 tibi
636 1341 705 1384 esse
724 1340 915 1404 successum,
932 1342 1015 1404 quae

56 1430 99 1474 ne
123 1409 163 1473 ab
185 1409 226 1473 iis
250 1408 378 1492 quidem
400 1409 470 1473 fieri
493 1409 646 1492 solerent,
675 1409 730 1493 qui
757 1408 845 1473 brevi
869 1411 1014 1492 tempore

58 1496 121 1562 sibi
153 1497 279 1562 succedi
310 1500 471 1582 putarent.
514 1495 642 1562 Horum
673 1517 734 1582 ego
767 1517 913 1561 sermone
948 1507 1050 1561 non5

57 1584 220 1670 movebar,
243 1585 321 1669 quin
344 1586 451 1671 etiam,
474 1585 584 1650 credas
607 1585 687 1649 mihi
705 1584 810 1669 velim,
833 1585 955 1669 siquid
977 1589 1015 1649 tu

59 1693 185 1758 ageres,
216 1673 317 1737 levari
343 1695 394 1738 me
425 1673 582 1757 putabam
608 1673 758 1738 molestia
785 1675 818 1736 et
845 1694 883 1737 ex
907 1695 1016 1738 annua

58 1761 239 1846 provincia,
271 1782 352 1845 quae
379 1761 460 1826 mihi
486 1763 587 1847 longa
613 1760 788 1846 videretur,
818 1783 919 1846 prope
950 1763 1016 1827 iam

57 1848 210 1913 undecim
236 1871 384 1914 mensum
414 1850 614 1934 provinciam
640 1849 762 1914 factam
794 1869 863 1914 esse
899 1850 1015 1934 gaude·

58 1938 150 2021 bam,
177 1937 205 2000 si
228 1937 354 2001 absenti
376 1938 457 2001 mihi
478 1939 574 2003 unius
597 1938 716 2002 mensis
738 1937 831 2002 labor
853 1937 1016 2002 detractus

59 2028 160 2089 esset:
187 2023 281 2107 illud,
302 2044 377 2103 vere
399 2023 516 2110 dicam,
539 2046 590 2089 me
613 2029 734 2110 movet,
762 2026 797 2088 in
819 2028 913 2089 tanta
934 2026 1016 2090 mili·

57 2117 133 2177 tum
154 2111 317 2195 paucitate
341 2111 452 2176 abesse
474 2116 540 2177 tres
568 2113 729 2196 cohortes,
758 2134 838 2197 quae
863 2114 929 2178 sint
950 2116 1016 2198 ple-

59 2200 224 2283 nissimae,
241 2220 301 2264 neo
319 2221 370 2265 me
389 2200 469 2265 scire
486 2201 544 2266 ubi
562 2201 641 2285 sint,
662 2201 886 2267 molestissime
909 2207 1017 2269 autem

59 2289 141 2372 fero,
164 2287 260 2374 quod,
280 2292 313 2353 te
336 2288 392 2353 ubi
414 2289 540 2354 visurus
564 2290 634 2374 sim,
655 2289 774 2375 nescio,
797 2311 898 2373 eoque
921 2291 961 2355 ad
984 2295 1017 2356 te

60 2376 185 2441 tardius
205 2377 327 2462 scripsi,
348 2377 434 2461 quod
453 2376 595 2462 quotidie
612 2381 645 2442 te
663 2377 770 2462 ipsum
784 2379 1018 2464 exspectabam,

62 2486 162 2548 quum
183 2465 308 2530 interea
330 2486 371 2530 ne
393 2465 518 2530 litteras
541 2466 670 2550 quidem
692 2466 776 2530 ullas
795 2467 912 2551 accepi,
935 2489 1017 2550 quae

61 2573 114 2616 me
136 2553 297 2638 docerent,
320 2553 396 2638 quid
419 2575 531 2640 ageres
555 2557 612 2618 aut
630 2553 687 2619 ubi
709 2556 742 2617 te
761 2553 887 2619 visurus
906 2576 1017 2620 essem.

61 2639 175 2724 Itaque
198 2642 303 2706 virum
329 2642 448 2706 fortem
475 2641 618 2726 mihique
640 2641 676 2706 in
697 2641 809 2725 primis
836 2641 1018 2728 probatum,

61 2727 102 2793 D.
124 2727 319 2814 Antonium,
346 2730 546 2813 praefectum
569 2733 788 2813 evocatorum,
815 2729 889 2793 misi
912 2730 953 2795 ad
975 2735 1018 2816 te,

62 2816 127 2900 cui,
158 2818 186 2881 si
212 2817 273 2881 tibi
299 2817 474 2903 videretur,
506 2818 654 2883 cohortes
681 2816 837 2902 traderes,
864 2820 914 2904 ut,
941 2819 1018 2885 dum

60 2907 189 2989 tempus
213 2905 291 2970 anni
314 2910 399 2970 esset
419 2906 586 2991 idoneum,
612 2905 734 2990 aliquid
760 2904 885 2991 negotii
908 2927 1018 2992 gerere

60 3013 203 3076 possem3
228 2994 265 3057 in
289 3015 366 3078 quo,
393 2996 450 3059 tuo
474 2995 607 3059 consilio
630 2998 668 3059 ut
689 3015 741 3058 me
765 3015 926 3078 sperarem
948 3019 1018 3061 esse

60 3101 205 3164 usurum,
227 3083 260 3144 et
282 3081 424 3147 amicitia
442 3086 555 3147 nostra
577 3086 610 3147 et
626 3083 753 3147 litterae
771 3085 848 3147 tuae
866 3082 1019 3167 fecerant,

62 3166 149 3250 quod
172 3187 213 3230 ne
236 3189 323 3232 nune
346 3170 475 3253 quidem
497 3169 645 3271 desper03
672 3170 728 3235 sed
750 3171 860 3255 plane,
888 3171 1018 3256 quando

61 3257 120 3319 aut
142 3254 199 3319 ubi
221 3257 254 3319 te
281 3256 407 3324 visurus
430 3259 504 3344 sim,
533 3259 596 3323 msi
623 3258 664 3324 ad
691 3279 743 3322 me
771 3259 949 3344 scripseris,
976 3279 1018 3323 ne

131 3464 183 3536 Ep.
204 3471 229 3535 6,
244 3471 269 3520 5.
313 3464 351 3521 D.
374 3465 529 3523 Antonium
556 3467 674 3536 (Baiteri
696 3467 787 3537 conj.).
833 3466 902 3522 dicit
921 3466 958 3520 A.
979 3465 1022 3520 n.

60 3533 215 3592 Antonium
233 3535 327 3608 vulgo.
