2370 3878
328 176 588 232 EPISTOLARUM
607 176 654 230 IX.
675 181 715 230 15.
737 182 778 230 16.
966 174 1030 237 277

73 341 134 406 ego
158 320 219 384 sim
243 319 403 405 Neapoli?
438 320 560 385 Romae
584 343 683 404 quum
707 342 778 386 sum
806 324 838 384 et
861 340 961 405 urgeo
984 320 1032 386 fo-

72 431 159 492 rum,
187 413 317 474 senatus
345 411 493 473 consulta
522 409 705 473 scribuntur
737 409 822 493 apud
855 412 1033 473 amatorem

73 502 175 581 tuum,
197 497 390 562 familiarem
413 519 535 580 meum3
559 502 591 561 et
614 497 751 582 quidem,
774 519 873 580 quum
891 498 926 560 in
945 518 1032 561 men-

73 592 140 649 tem
172 586 274 664 venit,
309 607 414 670 ponor
446 586 486 649 ad
519 585 721 650 scribendum
759 591 792 649 et
824 589 899 649 ante
937 585 1032 650 audio

74 677 206 738 senatus
239 675 423 738 consultum
454 675 490 737 in
518 673 707 738 Armeniam
738 678 772 738 et
804 672 931 757 Syriam
963 695 1033 738 esse

74 762 248 846 perlatum,
280 762 366 845 quod
397 762 432 824 in
459 783 564 826 meam
592 762 786 827 sententiam
812 762 936 827 factum
963 784 1032 826 esse

75 850 213 933 dicatur,
241 872 338 933 quam
367 849 499 914 omnino
527 851 724 915 mentionem
752 851 852 915 ullam
876 852 914 915 de
938 872 976 915 ea
999 872 1032 914 re

76 959 144 1002 esse
172 939 302 1002 factam.
351 937 459 1021 Atque
491 939 553 1003 hoc
584 939 686 1003 nolim
718 960 769 1002 me
796 939 895 1004 iocari
926 943 1033 1023 putes3

75 1049 151 1089 nam
175 1027 255 1090 mihi
279 1027 359 1091 scito
388 1027 452 1090 iam
476 1049 496 1090 a
517 1027 647 1112 regibus
675 1027 797 1091 ultimis
826 1027 940 1091 allatas
964 1049 1033 1092 esse

74 1114 214 1198 litteraS,
246 1114 363 1199 quibus
394 1115 474 1178 mihi
502 1116 623 1199 gratias
647 1119 762 1200 agant,
790 1114 876 1200 quod
906 1137 939 1178 se
962 1137 1035 1179 mea

77 1204 237 1267 sententia
264 1224 357 1288 reges
385 1204 626 1287 appellaverim,
654 1225 734 1286 quos
763 1223 823 1288 ego
847 1225 915 1267 non
938 1204 1033 1267 modo

75 1311 168 1376 reges
183 1291 373 1375 appellatae,
390 1291 446 1355 sed
465 1292 596 1356 omnino
610 1295 706 1357 natos
726 1291 918 1356 nesciebam.
951 1290 1034 1366 Quid
1053 1307 1069 1356 o

43 1397 48 1402 ·
77 1400 153 1463 ergo
178 1379 248 1443 est?
270 1383 391 1464 tamen,
413 1380 566 1463 quamdiu
588 1381 640 1444 hic
664 1381 725 1444 erit
743 1385 854 1445 noster
871 1380 925 1444 hic
944 1402 1034 1464 prae-

76 1467 180 1531 fectus
204 1469 357 1551 moribus,
380 1469 500 1552 parebo
520 1470 705 1533 auctoritati
723 1473 812 1554 tuae3
836 1492 935 1553 quum
958 1490 1034 1534 vero

78 1555 193 1636 aberit,
225 1557 265 1619 ad
293 1556 412 1641 fungos
440 1579 491 1621 me
518 1561 593 1621 tuos
620 1558 792 1623 conferam.
837 1558 980 1623 Domum
1007 1558 1035 1621 si

77 1645 218 1727 habebo,
247 1645 282 1707 in
310 1645 410 1709 denos
438 1646 505 1710 dies
533 1646 678 1730 singulos
707 1648 925 1731 sumptuariae
951 1646 1034 1731 legis

78 1733 144 1796 dies
177 1733 355 1817 conferam3
388 1734 438 1797 sin
471 1738 579 1799 autem
610 1736 718 1799 minus
749 1737 916 1817 invenero,
948 1735 1035 1821 quod

77 1821 216 1903 placeat,
249 1821 374 1886 decrevi
406 1822 552 1886 habitare
581 1822 666 1906 apud
698 1827 744 1906 te,
776 1825 841 1887 seio
869 1824 955 1887 enim
983 1843 1035 1885 me

77 1908 159 1972 nihil
181 1908 242 1972 tibi
270 1910 394 1992 gratius
422 1910 528 1973 facere
551 1931 654 1993 posse.
699 1910 841 1976 Domum
865 1908 1035 1974 ¹Sullanam

78 1996 289 2079 desperabam
312 1997 386 2080 iarn,
409 2001 446 2060 ut
464 1997 524 2060 tibi
543 1998 686 2080 proxime
707 1998 828 2082 scripsi,
851 1998 907 2062 sed
925 2001 1035 2061 tamen

78 2106 146 2147 non
174 2083 288 2159 abieci:
316 2088 353 2147 tu
380 2084 489 2167 velim,
519 2089 556 2148 ut
583 2086 709 2169 scribis,
736 2107 809 2150 oum
835 2086 936 2150 fabris
964 2107 1035 2150 eam

78 2171 268 2255 perspicias,
298 2173 325 2236 si
353 2172 438 2235 enim
465 2172 547 2236 nihil
575 2177 624 2237 est
650 2174 685 2237 in
713 2174 889 2257 parietibus
916 2176 1035 2240 autin

77 2264 164 2324 tecto
188 2259 269 2345 vitii,
292 2264 398 2325 cetera
419 2261 499 2325 mihi
520 2261 752 2346 probabuntur.

513 2472 601 2538 XVI.

81 2556 137 2635 der.
166 2582 196 2636 in
224 2581 383 2638 Tusculano
401 2599 496 2639 mense
521 2585 655 2710 Quinptoigi
683 2588 759 2653 (ante
776 2585 837 2641 VII.
860 2585 923 2640 Kal.
948 2585 1034 2656 Sext.)

460 2672 530 2709 au.
551 2673 573 2709 c.
648 2697 654 2709 .

376 2778 503 2833 CICERO
522 2779 642 2834 PAETO
663 2780 738 2834 SAL.

146 2876 357 2942 Delectarunt
378 2900 429 2941 me
452 2881 527 2943 tuae
545 2879 681 2961 litterae,
704 2880 739 2941 in
762 2879 878 2962 quibus
896 2881 1036 2965 primum
1055 2893 1068 2941 1

81 2965 186 3028 amavi
209 2987 350 3030 amorem
372 2970 475 3048 tuum,
500 2967 555 3049 qui
577 2969 609 3029 te
634 2967 674 3045 ad
698 2966 900 3033 scribendum
923 2970 1035 3033 incita-

80 3053 127 3115 vit
155 3057 332 3138 verentem,
363 3074 404 3117 ne
437 3050 533 3118 Silius
566 3075 625 3118 suo
656 3055 771 3119 nuntio
805 3056 925 3139 aliquid
956 3056 1036 3119 mihi

81 3140 305 3205 sollicitudinis
334 3142 510 3226 attulisset3
543 3140 581 3206 de
609 3164 672 3226 quo
705 3147 738 3207 et
768 3147 805 3207 tu
832 3143 912 3207 mihi
940 3147 1036 3207 antea

81 3229 267 3314 scripseras,
298 3231 348 3295 bis
379 3231 507 3314 quidem
540 3231 651 3296 eodem
683 3233 842 3316 exemplo,
873 3231 967 3295 facile
999 3235 1036 3295 ut

79 3506 115 3561 K]
150 3436 308 3561 Ep.B16,1.
345 3441 437 3495 emovi
464 3455 581 3496 amorem
613 3439 673 3510 (lt,
696 3440 802 3513 vulgo),
852 3438 1042 3494 autumnus

116 3524 187 3577 eyn,
229 3547 236 3561 .

1095 1520 1105 1568 l
