2370 3878
122 189 186 254 558
403 188 441 243 Μ.
461 184 584 242 TULLII
601 184 792 241 CICERONIS

122 356 191 399 esse
213 333 427 417 intelligerem
450 331 548 396 etiam
569 331 719 397 fortunae
742 332 946 414 potestatem
969 331 1008 395 in
1031 352 1087 396 nos
1129 352 1133 397 2

122 425 342 506 prorogatam:
373 441 461 485 nunc
493 441 569 484 vero
602 441 639 484 ea
666 440 741 502 pars
768 417 829 482 tibi
856 418 906 484 rei
936 419 1087 502 publicae

123 510 292 575 commissa
315 511 376 591 est,
407 508 442 571 in
466 529 530 591 qua
553 512 610 572 aut
639 508 763 572 nullam
785 509 842 570 aut
871 508 1087 593 perexiguam
1130 508 1135 517 '

122 602 247 683 partem
278 596 411 660 fortuna
441 599 552 660 teneat
583 599 616 660 et
647 617 729 680 quae
755 593 835 658 mihi
862 598 938 660 tota
967 597 1005 659 in
1033 600 1087 660 tua

122 687 240 750 virtute
263 705 300 749 ac
322 684 542 750 moderatione
565 685 666 748 animi
692 682 799 767 posita
826 704 896 747 esse
926 684 1086 748 videatur.

122 773 247 856 Nullas,
268 776 307 837 ut
328 773 457 856 opinor,
479 772 613 837 insidias
636 772 792 854 hostium,
818 772 946 836 nullam
969 774 1086 856 proelii

123 861 369 944 dimicationem,
391 862 514 925 nullam
534 861 746 925 defectionem
765 859 937 943 sociorum,
959 862 1086 924 nullam

122 951 266 1034 inopiam
289 949 440 1032 stipendii
463 952 520 1013 aut
546 950 592 1013 rei
615 948 857 1031 frumentariae,
884 949 1016 1012 nullam
1041 971 1086 1013 se-

124 1039 279 1105 ditionem
311 1038 467 1102 exercitus
504 1037 771 1120 pertimescimu13
807 1056 890 1119 quae
926 1057 1086 1120 persaepe

125 1126 370 1210 sapientissimis
398 1126 474 1189 viris
501 1125 699 1208 acciderunt,
730 1127 780 1206 ut,
810 1124 1087 1208 quemadmodum

125 1217 356 1301 gubernatores
379 1213 493 1296 optimi
515 1213 580 1277 vim
602 1212 817 1297 tempestatis,
840 1212 885 1275 sic
907 1211 958 1275 illi
980 1213 1086 1277 fortu-

124 1326 185 1368 nae
207 1304 363 1386 impetum
386 1322 536 1384 superare
559 1322 626 1365 non
648 1303 789 1384 possent.
835 1299 908 1363 Tibi
931 1299 1013 1364 data
1039 1306 1088 1364 est

126 1408 251 1456 sum.³³¹-
272 1411 348 1473 pax,
371 1410 496 1453 summa
518 1389 745 1473 tranquillitas,
768 1388 815 1451 ita
836 1390 962 1471 tamen,
984 1392 1025 1452 ut
1049 1410 1087 1452 ea

125 1478 336 1543 dormientem
363 1477 611 1561 gubernatorem
637 1478 689 1540 vel
715 1476 863 1559 obruere,
889 1475 1086 1560 vigilantem

98 1567 223 1631 setiam
250 1565 407 1629 delectare
436 1566 551 1648 possit,
578 1568 707 1630 constat
737 1564 822 1628 enim
850 1584 887 1628 ea
914 1565 1088 1647 provincia

125 1654 264 1737 primum
288 1673 326 1716 ex
349 1673 386 1716 eo
409 1672 526 1736 genere
545 1654 714 1736 sociorum,
737 1652 821 1736 quod
845 1655 956 1716 estex
979 1652 1086 1717 homi·

125 1764 204 1807 num
236 1741 324 1806 omni
356 1761 473 1825 genere
504 1740 787 1823 humanissimum,
823 1739 938 1804 deinde
971 1761 1012 1804 ex
1046 1763 1085 1805 eo

127 1852 243 1916 genere
267 1830 395 1912 civium,
423 1830 478 1912 qui
501 1833 572 1911 eut,
599 1831 685 1913 quod
712 1828 876 1912 publicani
904 1832 995 1912 sunt,
1021 1850 1085 1893 nos

127 1941 252 1984 summa
273 1918 508 1982 necessitudine
531 1919 698 2002 attingunt
720 1920 785 2000 aut,
808 1915 893 2000 quod
913 1916 960 1979 ita
984 1938 1085 2001 nego-

126 2008 263 2090 tiantur,
286 2010 323 2070 ut
344 2007 520 2089 locupletes
541 2006 618 2090 sint,
646 2006 749 2070 nostri
772 2004 958 2069 consulatus
986 2004 1085 2068 bene·

126 2096 199 2160 ficio
228 2116 260 2159 se
283 2095 459 2159 incolumes
486 2094 634 2158 fortunas
661 2093 779 2157 habere
807 2093 1016 2156 arbitrantur.
1040 2129 1083 2139 —

92 2173 108 2280 ξ
127 2183 191 2267 „At
214 2182 300 2247 enim
321 2183 407 2247 inter
428 2181 487 2246 hos
511 2182 598 2265 ipsos
625 2182 783 2245 exsistunt
810 2200 924 2265 graves
953 2183 1084 2245 contro·

127 2271 260 2354 versiae,
281 2272 401 2334 multae
424 2274 601 2334 nascuntur
622 2270 766 2353 iniuriae,
788 2288 926 2353 magnae
950 2272 1083 2333 conten-

127 2359 233 2422 tiones
256 2356 522 2441 consequuntur.“
540 2394 582 2405 -
606 2357 705 2434 Quasi
722 2378 798 2422 vero
822 2376 882 2441 ego
904 2356 938 2420 id
960 2360 1083 2440 putem,

127 2467 196 2511 non
217 2448 250 2509 te
273 2445 473 2528 aliquantum
491 2446 614 2530 negotii
634 2446 799 2511 sustinere.
835 2444 988 2529 Intelligo
1012 2467 1083 2529 per·

128 2555 282 2619 magnum
305 2554 374 2597 esse
397 2534 563 2617 negotium
586 2537 619 2598 et
636 2534 767 2598 maximi
786 2533 920 2617 consilii,
943 2532 1000 2597 sed
1019 2554 1082 2597 me·

128 2627 237 2687 mento
270 2621 395 2687 consilii
426 2642 477 2683 me
508 2620 570 2684 hoc
598 2623 764 2704 negotium
797 2641 866 2686 esse
897 2621 1003 2706 magis
1026 2621 1082 2684 ali-

129 2715 251 2795 quanto
270 2732 367 2794 quam
384 2709 533 2772 fortunae
547 2712 674 2791 putare3
698 2711 774 2793 quid
788 2711 838 2773 est
856 2709 941 2773 enim
959 2709 1083 2793 negotii

129 2799 294 2863 continere
317 2818 381 2880 eos,
404 2796 519 2880 quibus
542 2797 672 2881 praesis,
696 2799 722 2861 si
745 2801 777 2862 te
799 2798 868 2881 ipse
892 2796 1082 2860 contineas?

129 2885 161 2949 id
185 2889 292 2949 autem
320 2885 363 2949 sit
388 2905 543 2970 magnum
570 2889 603 2949 et
625 2885 754 2950 difficile
776 2885 905 2969 ceteris,
927 2885 1013 2949 sicut
1035 2887 1083 2949 est

130 2973 365 3038 difficillimum:
387 2972 447 3036 tibi
470 2976 503 3037 et
524 2973 588 3037 fuit
609 2973 671 3038 hoc
695 2994 819 3056 semper
838 2973 1029 3038 facillimum
1052 2976 1083 3036 et

129 3084 205 3127 vero
228 3082 297 3126 esse
324 3060 447 3144 debuit,
475 3061 564 3125 cuius
591 3064 709 3125 natura
735 3063 810 3126 talis
834 3065 895 3144 est,
921 3063 959 3124 ut
986 3061 1082 3124 etiam

131 3152 199 3216 sine
227 3149 374 3215 doctrina
401 3149 547 3213 videatur
573 3149 739 3213 moderata
766 3171 835 3214 esse
862 3148 1019 3232 potuisse,
1046 3169 1084 3212 ea

130 3243 238 3304 autem
261 3237 406 3302 adhibita
428 3237 575 3301 doctrina
594 3241 651 3320 est,
674 3258 755 3321 quae
776 3238 827 3301 vel
845 3236 1083 3301 vitiosissimam

176 3446 328 3569 VEpl.31‚7.
355 3445 405 3502 boc
422 3444 558 3515 nepotiane
576 3459 629 3499 esee
646 3444 703 3514 (M,
722 3447 751 3500 et
769 3443 808 3499 sic
826 3443 917 3499 voluit
934 3443 985 3513 B.).
1022 3444 1077 3498 be

130 3534 157 3570 a.
205 3558 219 3584 .,
263 3558 269 3568 .
