<?xml version="1.0" encoding="UTF-8"?>
<!DOCTYPE html PUBLIC "-//W3C//DTD XHTML 1.0 Transitional//EN"
    "http://www.w3.org/TR/xhtml1/DTD/xhtml1-transitional.dtd">
<html xmlns="http://www.w3.org/1999/xhtml" xml:lang="en" lang="en">
 <head>
  <title>
</title>
<meta http-equiv="Content-Type" content="text/html;charset=utf-8" />
  <meta name='ocr-system' content='tesseract 3.04.00' />
  <meta name='ocr-capabilities' content='ocr_page ocr_carea ocr_par ocr_line ocrx_word'/>
</head>
<body>
  <div class='ocr_page' id='page_1' title='image "./epistolae00cicegoog_0451.png"; bbox 0 0 2370 3878; ppageno 0'>
   <div class='ocr_carea' id='block_1_1' title="bbox 131 167 803 234">
    <p class='ocr_par' dir='ltr' id='par_1_1' title="bbox 131 167 803 234">
     <span class='ocr_line' id='line_1_1' title="bbox 131 167 803 234; baseline -0.018 1"><span class='ocrx_word' id='word_1_1' title='bbox 131 171 195 234; x_wconf 83' lang='grc'>442</span> <span class='ocrx_word' id='word_1_2' title='bbox 413 170 450 224; x_wconf 88' lang='grc' dir='ltr'>Μ.</span> <span class='ocrx_word' id='word_1_3' title='bbox 471 169 594 224; x_wconf 83' lang='lat' dir='ltr'>TULLII</span> <span class='ocrx_word' id='word_1_4' title='bbox 613 167 803 224; x_wconf 73' lang='lat' dir='ltr'>CICERONIS</span> 
     </span>
    </p>
   </div>
   <div class='ocr_carea' id='block_1_2' title="bbox 95 313 1086 2410">
    <p class='ocr_par' dir='ltr' id='par_1_2' title="bbox 98 313 1086 1015">
     <span class='ocr_line' id='line_1_2' title="bbox 98 313 1085 398; baseline -0.004 -17"><span class='ocrx_word' id='word_1_5' title='bbox 98 353 103 361; x_wconf 93' lang='lat'><em>·</em></span> <span class='ocrx_word' id='word_1_6' title='bbox 131 315 269 398; x_wconf 88' lang='lat' dir='ltr'>Mindio,</span> <span class='ocrx_word' id='word_1_7' title='bbox 290 315 384 378; x_wconf 87' lang='lat' dir='ltr'>fratri</span> <span class='ocrx_word' id='word_1_8' title='bbox 408 336 480 396; x_wconf 88' lang='lat' dir='ltr'>suo,</span> <span class='ocrx_word' id='word_1_9' title='bbox 503 315 557 396; x_wconf 93' lang='lat' dir='ltr'>qui</span> <span class='ocrx_word' id='word_1_10' title='bbox 580 313 673 377; x_wconf 83' lang='lat' dir='ltr'>Elide</span> <span class='ocrx_word' id='word_1_11' title='bbox 696 314 880 398; x_wconf 73' lang='lat' dir='ltr'>negotiatus</span> <span class='ocrx_word' id='word_1_12' title='bbox 905 317 967 398; x_wconf 87' lang='lat' dir='ltr'>est,</span> <span class='ocrx_word' id='word_1_13' title='bbox 991 315 1085 398; x_wconf 86' lang='lat' dir='ltr'>expli·</span> 
     </span>
     <span class='ocr_line' id='line_1_3' title="bbox 132 403 1086 486; baseline -0.003 -17"><span class='ocrx_word' id='word_1_14' title='bbox 132 427 183 469; x_wconf 91' lang='lat' dir='ltr'>ces</span> <span class='ocrx_word' id='word_1_15' title='bbox 202 408 234 469; x_wconf 92' lang='lat' dir='ltr'>et</span> <span class='ocrx_word' id='word_1_16' title='bbox 252 404 401 486; x_wconf 81' lang='lat' dir='ltr'>expedias</span> <span class='ocrx_word' id='word_1_17' title='bbox 420 424 519 485; x_wconf 90' lang='lat' dir='ltr'>quum</span> <span class='ocrx_word' id='word_1_18' title='bbox 537 403 604 466; x_wconf 91' lang='lat' dir='ltr'>iure</span> <span class='ocrx_word' id='word_1_19' title='bbox 624 405 657 465; x_wconf 92' lang='lat' dir='ltr'>et</span> <span class='ocrx_word' id='word_1_20' title='bbox 674 405 844 485; x_wconf 78' lang='lat' dir='ltr'>potestate,</span> <span class='ocrx_word' id='word_1_21' title='bbox 863 424 960 485; x_wconf 87' lang='lat' dir='ltr'>quam</span> <span class='ocrx_word' id='word_1_22' title='bbox 978 403 1086 485; x_wconf 89' lang='lat' dir='ltr'>habes,</span> 
     </span>
     <span class='ocr_line' id='line_1_4' title="bbox 131 491 1085 572; baseline -0.002 -16"><span class='ocrx_word' id='word_1_23' title='bbox 131 496 201 556; x_wconf 85' lang='lat' dir='ltr'>tum</span> <span class='ocrx_word' id='word_1_24' title='bbox 234 492 331 554; x_wconf 91' lang='lat' dir='ltr'>etiam</span> <span class='ocrx_word' id='word_1_25' title='bbox 363 492 553 554; x_wconf 90' lang='lat' dir='ltr'>auctoritate</span> <span class='ocrx_word' id='word_1_26' title='bbox 586 493 618 553; x_wconf 93' lang='lat' dir='ltr'>et</span> <span class='ocrx_word' id='word_1_27' title='bbox 650 491 783 554; x_wconf 89' lang='lat' dir='ltr'>consilio</span> <span class='ocrx_word' id='word_1_28' title='bbox 816 493 886 572; x_wconf 80' lang='lat' dir='ltr'>tu03</span> <span class='ocrx_word' id='word_1_29' title='bbox 924 492 970 554; x_wconf 86' lang='lat' dir='ltr'>sio</span> <span class='ocrx_word' id='word_1_30' title='bbox 1003 492 1085 554; x_wconf 89' lang='lat' dir='ltr'>enim</span> 
     </span>
     <span class='ocr_line' id='line_1_5' title="bbox 131 578 1085 664; baseline -0.001 -21"><span class='ocrx_word' id='word_1_31' title='bbox 131 579 394 664; x_wconf 89' lang='lat' dir='ltr'>praescripsimus</span> <span class='ocrx_word' id='word_1_32' title='bbox 417 579 470 661; x_wconf 88' lang='lat' dir='ltr'>iis,</span> <span class='ocrx_word' id='word_1_33' title='bbox 498 579 612 662; x_wconf 87' lang='lat' dir='ltr'>quibus</span> <span class='ocrx_word' id='word_1_34' title='bbox 642 600 679 642; x_wconf 89' lang='lat' dir='ltr'>ea</span> <span class='ocrx_word' id='word_1_35' title='bbox 701 579 833 662; x_wconf 90' lang='lat' dir='ltr'>negotia</span> <span class='ocrx_word' id='word_1_36' title='bbox 855 578 1085 663; x_wconf 84' lang='lat' dir='ltr'>mandavimus,</span> 
     </span>
     <span class='ocr_line' id='line_1_6' title="bbox 131 667 1084 749; baseline -0.001 -18"><span class='ocrx_word' id='word_1_37' title='bbox 131 671 169 731; x_wconf 90' lang='lat' dir='ltr'>ut</span> <span class='ocrx_word' id='word_1_38' title='bbox 196 669 344 732; x_wconf 90' lang='lat' dir='ltr'>omnibus</span> <span class='ocrx_word' id='word_1_39' title='bbox 371 668 406 730; x_wconf 92' lang='lat' dir='ltr'>in</span> <span class='ocrx_word' id='word_1_40' title='bbox 433 668 541 748; x_wconf 89' lang='lat' dir='ltr'>rebus,</span> <span class='ocrx_word' id='word_1_41' title='bbox 570 688 650 749; x_wconf 90' lang='lat' dir='ltr'>quae</span> <span class='ocrx_word' id='word_1_42' title='bbox 678 668 712 729; x_wconf 93' lang='lat' dir='ltr'>in</span> <span class='ocrx_word' id='word_1_43' title='bbox 740 667 880 749; x_wconf 89' lang='lat' dir='ltr'>aliquam</span> <span class='ocrx_word' id='word_1_44' title='bbox 904 671 1084 731; x_wconf 83' lang='lat' dir='ltr'>controver-</span> 
     </span>
     <span class='ocr_line' id='line_1_7' title="bbox 133 755 1084 838; baseline -0.001 -19"><span class='ocrx_word' id='word_1_45' title='bbox 133 757 212 819; x_wconf 89' lang='lat' dir='ltr'>siam</span> <span class='ocrx_word' id='word_1_46' title='bbox 236 758 441 837; x_wconf 87' lang='lat' dir='ltr'>vocarentur,</span> <span class='ocrx_word' id='word_1_47' title='bbox 463 758 495 818; x_wconf 92' lang='lat' dir='ltr'>te</span> <span class='ocrx_word' id='word_1_48' title='bbox 519 755 641 818; x_wconf 89' lang='lat' dir='ltr'>arbitro</span> <span class='ocrx_word' id='word_1_49' title='bbox 666 758 706 836; x_wconf 90' lang='lat' dir='ltr'>et,</span> <span class='ocrx_word' id='word_1_50' title='bbox 729 755 814 838; x_wconf 90' lang='lat' dir='ltr'>quod</span> <span class='ocrx_word' id='word_1_51' title='bbox 838 756 1006 820; x_wconf 91' lang='lat' dir='ltr'>commodo</span> <span class='ocrx_word' id='word_1_52' title='bbox 1030 759 1084 819; x_wconf 93' lang='lat' dir='ltr'>tuo</span> 
     </span>
     <span class='ocr_line' id='line_1_8' title="bbox 131 842 1084 928; baseline 0 -21"><span class='ocrx_word' id='word_1_53' title='bbox 131 845 200 918; x_wconf 87' lang='lat' dir='ltr'>fieri</span> <span class='ocrx_word' id='word_1_54' title='bbox 222 847 340 928; x_wconf 87' lang='lat' dir='ltr'>posset,</span> <span class='ocrx_word' id='word_1_55' title='bbox 362 848 394 908; x_wconf 88' lang='lat' dir='ltr'>te</span> <span class='ocrx_word' id='word_1_56' title='bbox 414 844 626 927; x_wconf 81' lang='lat' dir='ltr'>disceptatore</span> <span class='ocrx_word' id='word_1_57' title='bbox 645 846 824 906; x_wconf 91' lang='lat' dir='ltr'>uterentur:</span> <span class='ocrx_word' id='word_1_58' title='bbox 847 842 879 906; x_wconf 94' lang='lat' dir='ltr'>id</span> <span class='ocrx_word' id='word_1_59' title='bbox 899 847 936 906; x_wconf 90' lang='lat' dir='ltr'>ut</span> <span class='ocrx_word' id='word_1_60' title='bbox 953 844 1084 907; x_wconf 88' lang='lat' dir='ltr'>honoris</span> 
     </span>
     <span class='ocr_line' id='line_1_9' title="bbox 131 931 1084 1015; baseline -0.002 -19"><span class='ocrx_word' id='word_1_61' title='bbox 131 933 194 996; x_wconf 90' lang='lat' dir='ltr'>mei</span> <span class='ocrx_word' id='word_1_62' title='bbox 227 955 323 996; x_wconf 88' lang='lat' dir='ltr'>causa</span> <span class='ocrx_word' id='word_1_63' title='bbox 354 932 522 1015; x_wconf 88' lang='lat' dir='ltr'>suscipias,</span> <span class='ocrx_word' id='word_1_64' title='bbox 559 931 764 995; x_wconf 85' lang='lat' dir='ltr'>vehementer</span> <span class='ocrx_word' id='word_1_65' title='bbox 795 933 827 993; x_wconf 86' lang='lat' dir='ltr'>te</span> <span class='ocrx_word' id='word_1_66' title='bbox 860 931 958 995; x_wconf 89' lang='lat' dir='ltr'>etiam</span> <span class='ocrx_word' id='word_1_67' title='bbox 991 935 1084 1015; x_wconf 88' lang='lat' dir='ltr'>atque</span> 
     </span>
    </p>

    <p class='ocr_par' dir='ltr' id='par_1_3' title="bbox 95 1019 1084 1721">
     <span class='ocr_line' id='line_1_10' title="bbox 95 1019 1084 1106; baseline 0.003 -25"><span class='ocrx_word' id='word_1_68' title='bbox 95 1022 228 1084; x_wconf 75' lang='lat' dir='ltr'>aetiam</span> <span class='ocrx_word' id='word_1_69' title='bbox 255 1042 344 1106; x_wconf 86' lang='lat' dir='ltr'>rogo.</span> <span class='ocrx_word' id='word_1_70' title='bbox 398 1019 482 1084; x_wconf 91' lang='lat' dir='ltr'>Illud</span> <span class='ocrx_word' id='word_1_71' title='bbox 509 1022 686 1103; x_wconf 88' lang='lat' dir='ltr'>praeterea,</span> <span class='ocrx_word' id='word_1_72' title='bbox 719 1020 835 1083; x_wconf 89' lang='lat' dir='ltr'>sinon</span> <span class='ocrx_word' id='word_1_73' title='bbox 867 1019 1007 1083; x_wconf 91' lang='lat' dir='ltr'>alienum</span> <span class='ocrx_word' id='word_1_74' title='bbox 1030 1023 1084 1084; x_wconf 87' lang='lat' dir='ltr'>tua</span> 
     </span>
     <span class='ocr_line' id='line_1_11' title="bbox 132 1107 1084 1194; baseline -0.003 -21"><span class='ocrx_word' id='word_1_75' title='bbox 132 1110 289 1194; x_wconf 90' lang='lat' dir='ltr'>dignitate</span> <span class='ocrx_word' id='word_1_76' title='bbox 316 1109 446 1193; x_wconf 90' lang='lat' dir='ltr'>putabis</span> <span class='ocrx_word' id='word_1_77' title='bbox 475 1130 557 1190; x_wconf 90' lang='lat' dir='ltr'>esse,</span> <span class='ocrx_word' id='word_1_78' title='bbox 584 1108 697 1171; x_wconf 85' lang='lat' dir='ltr'>feceris</span> <span class='ocrx_word' id='word_1_79' title='bbox 724 1107 803 1171; x_wconf 85' lang='lat' dir='ltr'>milri</span> <span class='ocrx_word' id='word_1_80' title='bbox 830 1111 1032 1191; x_wconf 89' lang='lat' dir='ltr'>pergratum,</span> <span class='ocrx_word' id='word_1_81' title='bbox 1059 1108 1084 1171; x_wconf 90' lang='lat' dir='ltr'>si</span> 
     </span>
     <span class='ocr_line' id='line_1_12' title="bbox 133 1196 1083 1281; baseline 0 -21"><span class='ocrx_word' id='word_1_82' title='bbox 133 1200 186 1281; x_wconf 91' lang='lat' dir='ltr'>qui</span> <span class='ocrx_word' id='word_1_83' title='bbox 210 1198 404 1261; x_wconf 89' lang='lat' dir='ltr'>difficiliores</span> <span class='ocrx_word' id='word_1_84' title='bbox 423 1199 526 1280; x_wconf 91' lang='lat' dir='ltr'>erunt,</span> <span class='ocrx_word' id='word_1_85' title='bbox 545 1199 581 1259; x_wconf 93' lang='lat' dir='ltr'>ut</span> <span class='ocrx_word' id='word_1_86' title='bbox 598 1217 666 1260; x_wconf 91' lang='lat' dir='ltr'>rem</span> <span class='ocrx_word' id='word_1_87' title='bbox 686 1196 753 1259; x_wconf 90' lang='lat' dir='ltr'>siue</span> <span class='ocrx_word' id='word_1_88' title='bbox 773 1197 993 1260; x_wconf 90' lang='lat' dir='ltr'>controversia</span> <span class='ocrx_word' id='word_1_89' title='bbox 1012 1217 1083 1260; x_wconf 88' lang='lat' dir='ltr'>con-</span> 
     </span>
     <span class='ocr_line' id='line_1_13' title="bbox 130 1284 1084 1370; baseline -0.001 -21"><span class='ocrx_word' id='word_1_90' title='bbox 130 1286 182 1350; x_wconf 90' lang='lat' dir='ltr'>fici</span> <span class='ocrx_word' id='word_1_91' title='bbox 204 1287 322 1370; x_wconf 82' lang='lat' dir='ltr'>nolint,</span> <span class='ocrx_word' id='word_1_92' title='bbox 350 1286 377 1348; x_wconf 89' lang='lat' dir='ltr'>si</span> <span class='ocrx_word' id='word_1_93' title='bbox 401 1307 469 1367; x_wconf 87' lang='lat' dir='ltr'>eos,</span> <span class='ocrx_word' id='word_1_94' title='bbox 496 1284 648 1368; x_wconf 89' lang='lat' dir='ltr'>quoniam</span> <span class='ocrx_word' id='word_1_95' title='bbox 677 1306 748 1347; x_wconf 86' lang='lat' dir='ltr'>cunr</span> <span class='ocrx_word' id='word_1_96' title='bbox 777 1287 925 1348; x_wconf 86' lang='lat' dir='ltr'>senatore</span> <span class='ocrx_word' id='word_1_97' title='bbox 952 1306 1005 1348; x_wconf 90' lang='lat' dir='ltr'>res</span> <span class='ocrx_word' id='word_1_98' title='bbox 1029 1289 1084 1369; x_wconf 88' lang='lat' dir='ltr'>est,</span> 
     </span>
     <span class='ocr_line' id='line_1_14' title="bbox 130 1372 1084 1457; baseline -0.002 -19"><span class='ocrx_word' id='word_1_99' title='bbox 130 1374 267 1438; x_wconf 85' lang='lat' dir='ltr'>Romam</span> <span class='ocrx_word' id='word_1_100' title='bbox 289 1374 448 1455; x_wconf 77' lang='lat' dir='ltr'>reieceris3</span> <span class='ocrx_word' id='word_1_101' title='bbox 472 1372 556 1457; x_wconf 89' lang='lat' dir='ltr'>quod</span> <span class='ocrx_word' id='word_1_102' title='bbox 580 1394 643 1456; x_wconf 90' lang='lat' dir='ltr'>quo</span> <span class='ocrx_word' id='word_1_103' title='bbox 666 1373 789 1435; x_wconf 91' lang='lat' dir='ltr'>minore</span> <span class='ocrx_word' id='word_1_104' title='bbox 814 1372 1015 1436; x_wconf 90' lang='lat' dir='ltr'>dubitatione</span> <span class='ocrx_word' id='word_1_105' title='bbox 1038 1372 1084 1436; x_wconf 88' lang='lat' dir='ltr'>fa·</span> 
     </span>
     <span class='ocr_line' id='line_1_15' title="bbox 132 1458 1084 1544; baseline -0.001 -19"><span class='ocrx_word' id='word_1_106' title='bbox 132 1484 201 1525; x_wconf 88' lang='lat' dir='ltr'>cere</span> <span class='ocrx_word' id='word_1_107' title='bbox 224 1483 343 1544; x_wconf 78' lang='lat' dir='ltr'>posseS,</span> <span class='ocrx_word' id='word_1_108' title='bbox 365 1461 489 1525; x_wconf 87' lang='lat' dir='ltr'>litteras</span> <span class='ocrx_word' id='word_1_109' title='bbox 513 1461 553 1524; x_wconf 90' lang='lat' dir='ltr'>ad</span> <span class='ocrx_word' id='word_1_110' title='bbox 571 1463 603 1524; x_wconf 89' lang='lat' dir='ltr'>te</span> <span class='ocrx_word' id='word_1_111' title='bbox 623 1458 698 1523; x_wconf 91' lang='lat' dir='ltr'>aM.</span> <span class='ocrx_word' id='word_1_112' title='bbox 717 1459 838 1544; x_wconf 89' lang='lat' dir='ltr'>Lepido</span> <span class='ocrx_word' id='word_1_113' title='bbox 859 1462 999 1543; x_wconf 90' lang='lat' dir='ltr'>consule,</span> <span class='ocrx_word' id='word_1_114' title='bbox 1018 1483 1084 1525; x_wconf 90' lang='lat' dir='ltr'>non</span> 
     </span>
     <span class='ocr_line' id='line_1_16' title="bbox 131 1548 1084 1632; baseline 0.002 -20"><span class='ocrx_word' id='word_1_115' title='bbox 131 1571 212 1632; x_wconf 88' lang='lat' dir='ltr'>quae</span> <span class='ocrx_word' id='word_1_116' title='bbox 245 1554 276 1612; x_wconf 93' lang='lat' dir='ltr'>te</span> <span class='ocrx_word' id='word_1_117' title='bbox 309 1549 429 1632; x_wconf 88' lang='lat' dir='ltr'>aliquid</span> <span class='ocrx_word' id='word_1_118' title='bbox 461 1550 609 1613; x_wconf 90' lang='lat' dir='ltr'>iuberent</span> <span class='ocrx_word' id='word_1_119' title='bbox 631 1585 673 1594; x_wconf 95' lang='lat'>—</span> <span class='ocrx_word' id='word_1_120' title='bbox 696 1569 799 1632; x_wconf 87' lang='lat' dir='ltr'>neque</span> <span class='ocrx_word' id='word_1_121' title='bbox 832 1548 917 1612; x_wconf 90' lang='lat' dir='ltr'>enim</span> <span class='ocrx_word' id='word_1_122' title='bbox 949 1549 983 1612; x_wconf 91' lang='lat' dir='ltr'>id</span> <span class='ocrx_word' id='word_1_123' title='bbox 1010 1552 1084 1614; x_wconf 92' lang='lat' dir='ltr'>tuae</span> 
     </span>
     <span class='ocr_line' id='line_1_17' title="bbox 131 1636 1083 1721; baseline 0.002 -21"><span class='ocrx_word' id='word_1_124' title='bbox 131 1637 299 1721; x_wconf 84' lang='lat' dir='ltr'>dignitatis</span> <span class='ocrx_word' id='word_1_125' title='bbox 323 1658 391 1701; x_wconf 91' lang='lat' dir='ltr'>esse</span> <span class='ocrx_word' id='word_1_126' title='bbox 415 1637 650 1700; x_wconf 84' lang='lat' dir='ltr'>arbitrabamur</span> <span class='ocrx_word' id='word_1_127' title='bbox 672 1674 723 1720; x_wconf 92' lang='lat'>-,</span> <span class='ocrx_word' id='word_1_128' title='bbox 747 1637 802 1701; x_wconf 92' lang='lat' dir='ltr'>sed</span> <span class='ocrx_word' id='word_1_129' title='bbox 825 1636 965 1720; x_wconf 89' lang='lat' dir='ltr'>quodam</span> <span class='ocrx_word' id='word_1_130' title='bbox 988 1638 1083 1703; x_wconf 91' lang='lat' dir='ltr'>modo</span> 
     </span>
    </p>

    <p class='ocr_par' dir='ltr' id='par_1_4' title="bbox 96 1723 1084 2410">
     <span class='ocr_line' id='line_1_18' title="bbox 96 1723 1084 1810; baseline 0.006 -26"><span class='ocrx_word' id='word_1_131' title='bbox 96 1737 112 1784; x_wconf 85' lang='grc'>4</span> <span class='ocrx_word' id='word_1_132' title='bbox 131 1727 223 1809; x_wconf 88' lang='lat' dir='ltr'>quasi</span> <span class='ocrx_word' id='word_1_133' title='bbox 242 1725 521 1790; x_wconf 83' lang='lat' dir='ltr'>commendaticias</span> <span class='ocrx_word' id='word_1_134' title='bbox 543 1726 745 1809; x_wconf 85' lang='lat' dir='ltr'>sumpsimus.</span> <span class='ocrx_word' id='word_1_135' title='bbox 782 1723 969 1809; x_wconf 81' lang='lat' dir='ltr'>Scriberem,</span> <span class='ocrx_word' id='word_1_136' title='bbox 988 1747 1084 1810; x_wconf 89' lang='lat' dir='ltr'>quam</span> 
     </span>
     <span class='ocr_line' id='line_1_19' title="bbox 130 1813 1084 1898; baseline 0.001 -20"><span class='ocrx_word' id='word_1_137' title='bbox 130 1815 163 1878; x_wconf 91' lang='lat' dir='ltr'>id</span> <span class='ocrx_word' id='word_1_138' title='bbox 186 1815 375 1879; x_wconf 89' lang='lat' dir='ltr'>beneficium</span> <span class='ocrx_word' id='word_1_139' title='bbox 392 1815 474 1879; x_wconf 88' lang='lat' dir='ltr'>bene</span> <span class='ocrx_word' id='word_1_140' title='bbox 493 1814 578 1898; x_wconf 91' lang='lat' dir='ltr'>apud</span> <span class='ocrx_word' id='word_1_141' title='bbox 597 1813 788 1878; x_wconf 89' lang='lat' dir='ltr'>Mescinium</span> <span class='ocrx_word' id='word_1_142' title='bbox 806 1814 971 1897; x_wconf 88' lang='lat' dir='ltr'>positurus</span> <span class='ocrx_word' id='word_1_143' title='bbox 990 1835 1084 1898; x_wconf 87' lang='lat' dir='ltr'>esses,</span> 
     </span>
     <span class='ocr_line' id='line_1_20' title="bbox 130 1902 1084 1987; baseline 0.001 -20"><span class='ocrx_word' id='word_1_144' title='bbox 130 1904 193 1967; x_wconf 85' lang='lat' dir='ltr'>nisi</span> <span class='ocrx_word' id='word_1_145' title='bbox 225 1907 258 1968; x_wconf 87' lang='lat' dir='ltr'>et</span> <span class='ocrx_word' id='word_1_146' title='bbox 288 1908 320 1968; x_wconf 88' lang='lat' dir='ltr'>te</span> <span class='ocrx_word' id='word_1_147' title='bbox 353 1904 432 1968; x_wconf 89' lang='lat' dir='ltr'>scire</span> <span class='ocrx_word' id='word_1_148' title='bbox 460 1903 652 1967; x_wconf 88' lang='lat' dir='ltr'>confiderem</span> <span class='ocrx_word' id='word_1_149' title='bbox 685 1906 717 1965; x_wconf 91' lang='lat' dir='ltr'>et</span> <span class='ocrx_word' id='word_1_150' title='bbox 743 1902 823 1965; x_wconf 88' lang='lat' dir='ltr'>mihi</span> <span class='ocrx_word' id='word_1_151' title='bbox 849 1906 1006 1987; x_wconf 72' lang='lat' dir='ltr'>peterem,</span> <span class='ocrx_word' id='word_1_152' title='bbox 1039 1904 1084 1968; x_wconf 90' lang='lat' dir='ltr'>sic</span> 
     </span>
     <span class='ocr_line' id='line_1_21' title="bbox 130 1991 1084 2076; baseline 0 -20"><span class='ocrx_word' id='word_1_153' title='bbox 130 1993 216 2056; x_wconf 89' lang='lat' dir='ltr'>enim</span> <span class='ocrx_word' id='word_1_154' title='bbox 242 1993 338 2056; x_wconf 88' lang='lat' dir='ltr'>velim</span> <span class='ocrx_word' id='word_1_155' title='bbox 366 1992 540 2076; x_wconf 86' lang='lat' dir='ltr'>existimes,</span> <span class='ocrx_word' id='word_1_156' title='bbox 567 2013 634 2056; x_wconf 89' lang='lat' dir='ltr'>non</span> <span class='ocrx_word' id='word_1_157' title='bbox 661 1991 767 2055; x_wconf 88' lang='lat' dir='ltr'>minus</span> <span class='ocrx_word' id='word_1_158' title='bbox 794 2012 845 2055; x_wconf 88' lang='lat' dir='ltr'>me</span> <span class='ocrx_word' id='word_1_159' title='bbox 873 1991 912 2055; x_wconf 92' lang='lat' dir='ltr'>de</span> <span class='ocrx_word' id='word_1_160' title='bbox 939 1992 1027 2056; x_wconf 86' lang='lat' dir='ltr'>illius</span> <span class='ocrx_word' id='word_1_161' title='bbox 1050 2014 1084 2056; x_wconf 91' lang='lat' dir='ltr'>re</span> 
     </span>
     <span class='ocr_line' id='line_1_22' title="bbox 129 2081 1084 2165; baseline 0.002 -22"><span class='ocrx_word' id='word_1_162' title='bbox 129 2081 276 2144; x_wconf 88' lang='lat' dir='ltr'>laborare</span> <span class='ocrx_word' id='word_1_163' title='bbox 300 2102 396 2165; x_wconf 90' lang='lat' dir='ltr'>quam</span> <span class='ocrx_word' id='word_1_164' title='bbox 418 2081 525 2163; x_wconf 91' lang='lat' dir='ltr'>ipsum</span> <span class='ocrx_word' id='word_1_165' title='bbox 547 2081 586 2144; x_wconf 88' lang='lat' dir='ltr'>de</span> <span class='ocrx_word' id='word_1_166' title='bbox 610 2101 680 2162; x_wconf 80' lang='lat' dir='ltr'>sua3</span> <span class='ocrx_word' id='word_1_167' title='bbox 703 2081 758 2144; x_wconf 90' lang='lat' dir='ltr'>sed</span> <span class='ocrx_word' id='word_1_168' title='bbox 782 2102 880 2164; x_wconf 91' lang='lat' dir='ltr'>quum</span> <span class='ocrx_word' id='word_1_169' title='bbox 902 2081 995 2144; x_wconf 89' lang='lat' dir='ltr'>illum</span> <span class='ocrx_word' id='word_1_170' title='bbox 1018 2083 1084 2145; x_wconf 90' lang='lat' dir='ltr'>stu-</span> 
     </span>
     <span class='ocr_line' id='line_1_23' title="bbox 130 2168 1084 2252; baseline 0.001 -21"><span class='ocrx_word' id='word_1_171' title='bbox 130 2169 189 2231; x_wconf 90' lang='lat' dir='ltr'>deo</span> <span class='ocrx_word' id='word_1_172' title='bbox 217 2190 313 2251; x_wconf 90' lang='lat' dir='ltr'>quam</span> <span class='ocrx_word' id='word_1_173' title='bbox 339 2169 490 2233; x_wconf 88' lang='lat' dir='ltr'>facillime</span> <span class='ocrx_word' id='word_1_174' title='bbox 518 2169 558 2232; x_wconf 89' lang='lat' dir='ltr'>ad</span> <span class='ocrx_word' id='word_1_175' title='bbox 586 2190 679 2233; x_wconf 91' lang='lat' dir='ltr'>suum</span> <span class='ocrx_word' id='word_1_176' title='bbox 702 2168 880 2252; x_wconf 88' lang='lat' dir='ltr'>pervenire,</span> <span class='ocrx_word' id='word_1_177' title='bbox 910 2172 980 2232; x_wconf 90' lang='lat' dir='ltr'>tum</span> <span class='ocrx_word' id='word_1_178' title='bbox 1003 2169 1084 2233; x_wconf 93' lang='lat' dir='ltr'>illud</span> 
     </span>
     <span class='ocr_line' id='line_1_24' title="bbox 129 2257 1084 2340; baseline 0.001 -20"><span class='ocrx_word' id='word_1_179' title='bbox 129 2257 255 2340; x_wconf 89' lang='lat' dir='ltr'>laboro,</span> <span class='ocrx_word' id='word_1_180' title='bbox 283 2259 408 2321; x_wconf 89' lang='lat' dir='ltr'>utnon</span> <span class='ocrx_word' id='word_1_181' title='bbox 431 2258 599 2322; x_wconf 88' lang='lat' dir='ltr'>minimum</span> <span class='ocrx_word' id='word_1_182' title='bbox 620 2258 682 2322; x_wconf 89' lang='lat' dir='ltr'>hac</span> <span class='ocrx_word' id='word_1_183' title='bbox 704 2279 776 2321; x_wconf 91' lang='lat' dir='ltr'>mea</span> <span class='ocrx_word' id='word_1_184' title='bbox 804 2257 1084 2322; x_wconf 88' lang='lat' dir='ltr'>commendatione</span> 
     </span>
     <span class='ocr_line' id='line_1_25' title="bbox 130 2346 596 2410; baseline 0.002 -2"><span class='ocrx_word' id='word_1_185' title='bbox 130 2365 163 2408; x_wconf 86' lang='lat' dir='ltr'>se</span> <span class='ocrx_word' id='word_1_186' title='bbox 187 2348 393 2410; x_wconf 89' lang='lat' dir='ltr'>consecutum</span> <span class='ocrx_word' id='word_1_187' title='bbox 416 2346 596 2410; x_wconf 85' lang='lat' dir='ltr'>arbitretur.</span> 
     </span>
    </p>
   </div>
   <div class='ocr_carea' id='block_1_3' title="bbox 294 2539 823 2708">
    <p class='ocr_par' dir='ltr' id='par_1_5' title="bbox 294 2539 823 2708">
     <span class='ocr_line' id='line_1_26' title="bbox 294 2539 670 2629; baseline 0 -26"><span class='ocrx_word' id='word_1_188' title='bbox 294 2624 297 2629; x_wconf 22' lang='grc' dir='ltr'>Ι</span> <span class='ocrx_word' id='word_1_189' title='bbox 534 2539 670 2603; x_wconf 80' lang='lat' dir='ltr'>xxru.</span> 
     </span>
     <span class='ocr_line' id='line_1_27' title="bbox 384 2651 823 2708; baseline -0.005 0"><span class='ocrx_word' id='word_1_190' title='bbox 384 2652 440 2708; x_wconf 84' lang='lat' dir='ltr'>Ser.</span> <span class='ocrx_word' id='word_1_191' title='bbox 468 2651 573 2706; x_wconf 83' lang='lat' dir='ltr'>Romae</span> <span class='ocrx_word' id='word_1_192' title='bbox 602 2667 625 2703; x_wconf 90' lang='lat' dir='ltr'>a.</span> <span class='ocrx_word' id='word_1_193' title='bbox 655 2669 681 2704; x_wconf 91' lang='lat' dir='ltr'>u.</span> <span class='ocrx_word' id='word_1_194' title='bbox 711 2668 733 2705; x_wconf 90' lang='lat' dir='ltr'>c.</span> <span class='ocrx_word' id='word_1_195' title='bbox 763 2657 823 2708; x_wconf 81' lang='grc'><strong>708.</strong></span> 
     </span>
    </p>
   </div>
   <div class='ocr_carea' id='block_1_4' title="bbox 416 2773 791 2830">
    <p class='ocr_par' dir='ltr' id='par_1_6' title="bbox 416 2773 791 2830">
     <span class='ocr_line' id='line_1_28' title="bbox 416 2773 791 2830; baseline -0.005 -1"><span class='ocrx_word' id='word_1_196' title='bbox 416 2774 545 2830; x_wconf 83' lang='lat' dir='ltr'>CICERO</span> <span class='ocrx_word' id='word_1_197' title='bbox 565 2773 696 2828; x_wconf 84' lang='lat' dir='ltr'><strong>SERVIO</strong></span> <span class='ocrx_word' id='word_1_198' title='bbox 716 2774 791 2828; x_wconf 77' lang='lat' dir='ltr'><strong>SAL.</strong></span> 
     </span>
    </p>
   </div>
   <div class='ocr_carea' id='block_1_5' title="bbox 6 2872 1085 3314">
    <p class='ocr_par' dir='ltr' id='par_1_7' title="bbox 93 2872 1084 3224">
     <span class='ocr_line' id='line_1_29' title="bbox 93 2872 1083 2960; baseline -0.003 -22"><span class='ocrx_word' id='word_1_199' title='bbox 93 2887 124 2938; x_wconf 89' lang='lat'>1-</span> <span class='ocrx_word' id='word_1_200' title='bbox 194 2876 284 2941; x_wconf 87' lang='lat' dir='ltr'>Licet</span> <span class='ocrx_word' id='word_1_201' title='bbox 306 2877 417 2940; x_wconf 90' lang='lat' dir='ltr'>eodem</span> <span class='ocrx_word' id='word_1_202' title='bbox 441 2877 585 2960; x_wconf 86' lang='lat' dir='ltr'>exemplo</span> <span class='ocrx_word' id='word_1_203' title='bbox 609 2875 735 2958; x_wconf 89' lang='lat' dir='ltr'>saepius</span> <span class='ocrx_word' id='word_1_204' title='bbox 757 2873 818 2937; x_wconf 84' lang='lat' dir='ltr'>tibi</span> <span class='ocrx_word' id='word_1_205' title='bbox 836 2873 931 2937; x_wconf 91' lang='lat' dir='ltr'>huius</span> <span class='ocrx_word' id='word_1_206' title='bbox 955 2872 1083 2956; x_wconf 88' lang='lat' dir='ltr'>generis</span> 
     </span>
     <span class='ocr_line' id='line_1_30' title="bbox 126 2959 1084 3050; baseline -0.006 -22"><span class='ocrx_word' id='word_1_207' title='bbox 126 2965 251 3030; x_wconf 90' lang='lat' dir='ltr'>litteras</span> <span class='ocrx_word' id='word_1_208' title='bbox 278 2965 418 3049; x_wconf 90' lang='lat' dir='ltr'>mittam,</span> <span class='ocrx_word' id='word_1_209' title='bbox 451 2987 549 3050; x_wconf 90' lang='lat' dir='ltr'>quum</span> <span class='ocrx_word' id='word_1_210' title='bbox 581 2964 702 3049; x_wconf 86' lang='lat' dir='ltr'>gratias</span> <span class='ocrx_word' id='word_1_211' title='bbox 735 2983 844 3046; x_wconf 85' lang='lat' dir='ltr'>agam,</span> <span class='ocrx_word' id='word_1_212' title='bbox 876 2959 962 3045; x_wconf 88' lang='lat' dir='ltr'>quod</span> <span class='ocrx_word' id='word_1_213' title='bbox 994 2981 1084 3024; x_wconf 90' lang='lat' dir='ltr'>meas</span> 
     </span>
     <span class='ocr_line' id='line_1_31' title="bbox 127 3048 1084 3137; baseline -0.007 -18"><span class='ocrx_word' id='word_1_214' title='bbox 127 3053 420 3119; x_wconf 87' lang='lat' dir='ltr'>commendationes</span> <span class='ocrx_word' id='word_1_215' title='bbox 451 3059 519 3117; x_wconf 90' lang='lat' dir='ltr'>tam</span> <span class='ocrx_word' id='word_1_216' title='bbox 553 3053 723 3137; x_wconf 87' lang='lat' dir='ltr'>diligenter</span> <span class='ocrx_word' id='word_1_217' title='bbox 758 3051 972 3113; x_wconf 87' lang='lat' dir='ltr'>observes-</span> <span class='ocrx_word' id='word_1_218' title='bbox 997 3048 1084 3131; x_wconf 91' lang='lat' dir='ltr'>quod</span> 
     </span>
     <span class='ocr_line' id='line_1_32' title="bbox 108 3136 1084 3224; baseline -0.007 -18"><span class='ocrx_word' id='word_1_219' title='bbox 108 3142 189 3206; x_wconf 66' lang='lat' dir='ltr'>ieci</span> <span class='ocrx_word' id='word_1_220' title='bbox 211 3143 246 3206; x_wconf 92' lang='lat' dir='ltr'>in</span> <span class='ocrx_word' id='word_1_221' title='bbox 269 3142 340 3206; x_wconf 89' lang='lat' dir='ltr'>aliis</span> <span class='ocrx_word' id='word_1_222' title='bbox 373 3145 405 3206; x_wconf 89' lang='lat' dir='ltr'>et</span> <span class='ocrx_word' id='word_1_223' title='bbox 431 3141 562 3224; x_wconf 87' lang='lat' dir='ltr'>faciam,</span> <span class='ocrx_word' id='word_1_224' title='bbox 593 3143 631 3204; x_wconf 93' lang='lat' dir='ltr'>ut</span> <span class='ocrx_word' id='word_1_225' title='bbox 657 3140 763 3221; x_wconf 87' lang='lat' dir='ltr'>vide0,</span> <span class='ocrx_word' id='word_1_226' title='bbox 791 3138 918 3221; x_wconf 87' lang='lat' dir='ltr'>saepius</span> <span class='ocrx_word' id='word_1_227' title='bbox 942 3171 999 3219; x_wconf 86' lang='lat'>-,</span> <span class='ocrx_word' id='word_1_228' title='bbox 1027 3136 1084 3200; x_wconf 88' lang='lat' dir='ltr'>sed</span> 
     </span>
    </p>

    <p class='ocr_par' dir='ltr' id='par_1_8' title="bbox 6 3224 1085 3314">
     <span class='ocr_line' id='line_1_33' title="bbox 6 3224 1085 3314; baseline -0.007 -19"><span class='ocrx_word' id='word_1_229' title='bbox 6 3252 9 3259; x_wconf 93' lang='lat'>·</span> <span class='ocrx_word' id='word_1_230' title='bbox 126 3234 237 3295; x_wconf 87' lang='lat' dir='ltr'>tamen</span> <span class='ocrx_word' id='word_1_231' title='bbox 267 3252 335 3296; x_wconf 93' lang='lat' dir='ltr'>non</span> <span class='ocrx_word' id='word_1_232' title='bbox 365 3251 496 3314; x_wconf 90' lang='lat' dir='ltr'>parcam</span> <span class='ocrx_word' id='word_1_233' title='bbox 528 3250 643 3313; x_wconf 88' lang='lat' dir='ltr'>operae</span> <span class='ocrx_word' id='word_1_234' title='bbox 676 3232 721 3310; x_wconf 90' lang='lat' dir='ltr'>et,</span> <span class='ocrx_word' id='word_1_235' title='bbox 753 3229 790 3290; x_wconf 89' lang='lat' dir='ltr'>ut</span> <span class='ocrx_word' id='word_1_236' title='bbox 821 3247 877 3290; x_wconf 84' lang='lat' dir='ltr'>vos</span> <span class='ocrx_word' id='word_1_237' title='bbox 911 3224 1021 3289; x_wconf 86' lang='lat' dir='ltr'>soletis</span> <span class='ocrx_word' id='word_1_238' title='bbox 1049 3225 1085 3287; x_wconf 94' lang='lat' dir='ltr'>in</span> 
     </span>
    </p>
   </div>
   <div class='ocr_carea' id='block_1_6' title="bbox 195 3432 1086 3567">
    <p class='ocr_par' dir='ltr' id='par_1_9' title="bbox 195 3432 1086 3567">
     <span class='ocr_line' id='line_1_34' title="bbox 195 3432 1086 3567; baseline -0.012 -72"><span class='ocrx_word' id='word_1_239' title='bbox 195 3441 247 3567; x_wconf 48' lang='grc' dir='ltr'>Εἰ).</span> <span class='ocrx_word' id='word_1_240' title='bbox 268 3447 311 3508; x_wconf 82' lang='lat'>26,</span> <span class='ocrx_word' id='word_1_241' title='bbox 326 3445 350 3494; x_wconf 80' lang='lat'>2.</span> <span class='ocrx_word' id='word_1_242' title='bbox 387 3438 471 3494; x_wconf 79' lang='lat' dir='ltr'>Elide</span> <span class='ocrx_word' id='word_1_243' title='bbox 490 3437 551 3507; x_wconf 65' lang='lat' dir='ltr'>(Ia).</span> <span class='ocrx_word' id='word_1_244' title='bbox 596 3434 648 3490; x_wconf 83' lang='lat' dir='ltr'>Eli</span> <span class='ocrx_word' id='word_1_245' title='bbox 665 3434 715 3503; x_wconf 64' lang='lat' dir='ltr'>M„</span> <span class='ocrx_word' id='word_1_246' title='bbox 734 3434 827 3503; x_wconf 84' lang='lat' dir='ltr'>vulgo.</span> <span class='ocrx_word' id='word_1_247' title='bbox 876 3440 900 3486; x_wconf 87' lang='grc'>3.</span> <span class='ocrx_word' id='word_1_248' title='bbox 929 3432 1086 3486; x_wconf 78' lang='lat' dir='ltr'>arbitraba·</span> 
     </span>
    </p>
   </div>
   <div class='ocr_carea' id='block_1_7' title="bbox 111 3507 656 3584">
    <p class='ocr_par' dir='ltr' id='par_1_10' title="bbox 111 3507 656 3584">
     <span class='ocr_line' id='line_1_35' title="bbox 111 3507 656 3584; baseline -0.013 -16"><span class='ocrx_word' id='word_1_249' title='bbox 111 3528 180 3568; x_wconf 76' lang='lat' dir='ltr'>mar</span> <span class='ocrx_word' id='word_1_250' title='bbox 197 3514 211 3582; x_wconf 90' lang='lat'><em>(</em></span> <span class='ocrx_word' id='word_1_251' title='bbox 238 3515 258 3584; x_wconf 87' lang='lat'>).</span> <span class='ocrx_word' id='word_1_252' title='bbox 299 3513 475 3570; x_wconf 80' lang='lat' dir='ltr'>arbitramur</span> <span class='ocrx_word' id='word_1_253' title='bbox 490 3509 541 3584; x_wconf 69' lang='lat' dir='ltr'>M,</span> <span class='ocrx_word' id='word_1_254' title='bbox 558 3507 656 3579; x_wconf 81' lang='lat' dir='ltr'>uulgo.</span> 
     </span>
    </p>
   </div>
   <div class='ocr_carea' id='block_1_8' title="bbox 0 0 1190 3878">
    <p class='ocr_par' dir='ltr' id='par_1_11' title="bbox 0 0 1190 3878">
     <span class='ocr_line' id='line_1_36' title="bbox 0 0 1190 3878; baseline 0 0"><span class='ocrx_word' id='word_1_255' title='bbox 0 0 1190 3878; x_wconf 95' lang='lat' dir='ltr'> </span> 
     </span>
    </p>
   </div>
  </div>
 </body>
</html>
