2370 3878
250 167 316 230 636
534 164 572 219 Π,
592 162 716 221 TULLII
732 161 926 219 CICERONIS
958 214 962 221 .

243 311 426 397 -eogitando
453 309 580 393 quidem
609 321 801 393 consequor,
830 312 880 392 tu,
913 308 970 391 qui
1009 327 1132 373 omnes
1163 329 1185 370 1:

252 399 422 483 eloquendi
454 402 487 463 et
517 397 717 481 exprimendi
748 416 865 482 genere
897 397 1084 479 superasti,
1124 417 1145 459 a
1183 427 1185 451 ι

252 486 358 572 petis?
383 485 536 551 Facerem
553 489 673 565 temen,
696 488 734 550 ut
753 505 889 568 possem,
907 484 974 566 sed,
1001 483 1097 568 quod
1117 487 1153 549 te
1178 513 1182 540 ι

252 577 340 641 nime
361 574 460 659 fugit,
482 594 564 658 opus
586 577 636 639 est
659 572 699 637 ad
721 578 837 657 poema
859 572 1004 659 quadani
1030 572 1141 637 animi
1169 602 1172 625 ι

254 665 375 743 oritate,
391 682 495 745 ‚quam
512 663 609 746 plane
626 660 707 727 mihi
724 664 870 744 tempora
888 660 1046 744 eripiunt.
1086 659 1166 725 Abd

252 773 304 815 me
337 751 484 834 equidem
516 750 557 815 ab
589 750 677 815 omui
708 749 754 813 rei
781 747 928 833 publicae
959 768 1045 813 eure
1075 749 1177 813 dedu

254 839 385 921 litteris,
416 839 472 903 sed
503 842 613 903 tamen
644 836 793 903 indicabo
815 836 888 919 tibi,
914 836 1006 920 quod
1034 837 1185 903 mehero

254 929 289 991 in
315 927 428 1012 primis
454 930 486 991 te
514 926 653 991 celatum
679 925 840 990 uolebam:
871 944 992 1009 ungor,
1020 926 1070 989 mi
1101 947 1178 991 sua

255 1016 334 1081 sime
356 1016 465 1098 freter,
486 1035 591 1100 angor
611 1014 735 1079 nullam
753 1034 823 1078 esse
840 1033 908 1078 rem
926 1012 1113 1098 publicam,
1136 1035 1173 1079 n·

254 1104 384 1186 iudicia,
416 1106 626 1187 nostrumque
657 1100 720 1167 hoo
750 1105 877 1185 tempus
905 1101 1038 1185 aetatis,
1069 1103 1164 1187 quod

254 1192 311 1256 illa
329 1191 521 1256 auctoritate
539 1191 701 1255 senatoria
718 1189 831 1254 florere
850 1188 997 1271 debebat,
1015 1192 1080 1255 eut
1098 1192 1185 1257 fore

254 1280 365 1346 labore
383 1281 496 1344 iactari
514 1284 571 1345 aut
588 1278 771 1344 domesticis
789 1277 904 1343 litteris
924 1280 1120 1362 sustentari,
1143 1279 1179 1343 ill

255 1389 345 1452 vero,
368 1367 454 1452 quod
477 1390 496 1431 e
519 1389 619 1451 puero
642 1366 840 1449 adamatam,

298 1495 425 1565 πολλὸν
439 1492 626 1581 ἀριστεύειν
639 1494 694 1562 καὶ
708 1492 888 1583 ὑπείροχον
902 1496 1040 1581 ἔμμεναι
1055 1490 1176 1564 ἄλλων

254 1633 360 1695 totum
383 1630 550 1714 occidisse,
575 1630 723 1695 inimicos
750 1652 843 1697 eme
869 1629 987 1714 partim
1015 1651 1089 1697 non
1119 1653 1178 1716 op·

255 1723 387 1804 gnatos,
423 1719 542 1803 partim
574 1719 671 1783 etiam
702 1738 772 1783 esse
804 1718 967 1803 defensos,
1003 1739 1120 1783 meum
1152 1741 1185 1783 ιιι

256 1807 352 1873 modo
375 1808 529 1890 animum,
551 1805 606 1871 sed
629 1827 670 1871 ne
693 1806 803 1872 odium
825 1806 954 1890 quidem
977 1827 1047 1871 esse
1068 1807 1177 1872 liberu

256 1916 420 1980 unumque
442 1917 482 1960 ex
504 1894 654 1960 omnibus
675 1891 844 1960 Caesarem
868 1914 936 1960 esee
954 1895 1140 1981 inventum,
1171 1926 1177 1953 ι

256 2005 308 2048 me
325 1989 462 2068 tantum,
480 1988 638 2067 quantum
655 2003 717 2068 ego
735 1983 858 2066 vellem,
881 1986 1012 2066 smeret,
1029 1987 1092 2048 aut
1111 1984 1168 2049 eti

257 2073 341 2137 sicut
362 2072 418 2137 elii
439 2075 571 2156 putant,
595 2070 806 2144 hunennum
828 2090 911 2154 esse,
933 2072 988 2155 qui
1011 2071 1107 2137 velit:
1141 2094 1163 2157 q

256 2182 329 2226 rum
358 2164 469 2225 temen
500 2159 583 2225 nihil
614 2163 665 2224 est
695 2158 864 2244 eiusmodi,
899 2163 949 2233 ut,
966 2179 1028 2244 ego
1058 2160 1134 2242 ‚rne-
1150 2182 1185 2225 ιιι

256 2250 359 2313 multa
386 2249 607 2315 consolatione
638 2248 781 2333 quotidie
812 2247 944 2332 leniam,
975 2247 1042 2313 sed'
1063 2249 1133 2315 illu
1157 2270 1176 2315 e

258 2338 436 2402 consolatio
458 2337 608 2420 maxima,
630 2338 658 2402 si
675 2358 742 2401 una
761 2337 891 2401 erimus:
913 2352 1000 2401 nune
1023 2334 1064 2401 ad
1090 2337 1150 2403 ille
1178 2367 1181 2377 ·

230 2424 633 2509 sgrauissimum'aeeedit
659 2423 850 2490 desiderium
875 2424 934 2497 tui.
979 2422 1161 2491 Gabinium

257 2516 295 2577 ut
320 2512 427 2579 Pansa
453 2516 549 2598 putet
575 2514 768 2598 oportuisse,
798 2511 1025 2596 defendissem,
1056 2513 1170 2579 consi

258 2624 338 2687 sem;
362 2603 417 2688 qui
439 2602 531 2668 illum
553 2599 692 2665 oderunt
712 2634 757 2649 —
779 2600 803 2665 ii
825 2604 902 2667 sunt
923 2599 985 2665 toti
1008 2599 1142 2668 ordines

243 2696 390 2777 ,propter
413 2711 507 2774 quem
530 2687 677 2772 oderunt,
698 2708 750 2753 me
771 2689 879 2772 ipsum
897 2688 1001 2755 odisee
1020 2689 1146 2773 eoepi
1160 2720 1185 2748 ιι

259 2780 362 2844 Tenui
389 2799 454 2861 me,
484 2780 523 2839 ut
543 2778 637 2859 puto,
669 2776 811 2862 egregie,
840 2779 970 2841 tantum
1001 2780 1038 2839 ut
1065 2778 1172 2843 faoer

258 2871 415 2951 quantum
442 2884 555 2929 omnes
581 2863 744 2948 uiderunt3
775 2868 808 2929 et
832 2865 868 2929 in
894 2864 982 2931 omni
1010 2884 1156 2951 summa,

231 2972 379 3038 smones,
401 2950 493 3017 valde
515 2972 567 3017 me
590 2952 630 3016 ad
653 2954 756 3019 otium
773 2966 948 3037 pacemque
965 2957 1132 3019 converto.
1183 2961 1185 3011 ι

257 3043 358 3126 libris,
381 3039 545 3125 Tyrannio
568 3043 618 3104 est
639 3045 795 3123 cessator,
818 3038 997 3125 Chrysippo
1020 3040 1139 3127 dicem,
1168 3072 1176 3099 ;

257 3151 309 3196 ree
341 3149 477 3214 operosa
512 3130 562 3192 eet
597 3129 631 3191 et
660 3128 801 3195 hominis
836 3128 1070 3214 perdiligentis:
1110 3150 1185 3195 een

328 3355 380 3426 Ep.
400 3361 416 3411 5
435 3356 464 3411 st
483 3359 507 3421 6,
526 3359 551 3409 4.
588 3347 738 3424 ὑπείροχον
757 3354 945 3427 (RI.,vulgo).
981 3350 1135 3425 ὑπείροχος
1162 3365 1185 3406 οι

257 3456 292 3469 -·
310 3428 359 3497 qai
372 3426 436 3481 velit
450 3423 523 3492 (Ψ).
559 3424 913 3498 quivulesMR1.,vulgo.
949 3432 973 3481 ὅ.
1001 3427 1185 3498 viderunt('¹

254 3497 379 3557 ordered
394 3494 490 3566 nul,
508 3492 604 3568 vulgo.

334 3772 411 3786 *A
