2370 3878
297 157 557 224 EPISTOLARUM
575 158 649 213 XIII.
669 165 781 214 21-23.
950 159 1016 223 439

55 309 169 368 tamen
191 323 263 366 mea
286 302 562 368 commendatione
583 304 703 387 aliquid
723 305 914 369 accessionis
937 305 1015 370 fore.

56 390 111 457 Me
135 391 264 474 quidem
283 412 381 473 quum
399 390 514 455 Manlii
534 392 746 477 familiaritas,
769 398 839 457 tum
857 392 1015 458 Varronis

56 478 201 544 studium
234 479 419 561 commovit,
450 482 488 542 ut
519 481 559 544 ad
588 485 620 544 te
648 503 745 564 quam
778 482 1015 545 accuratissime

58 568 239 632 scriberem.
276 565 500 631 Gratissimum
523 569 623 652 igitur
646 570 725 633 mihi
744 570 866 653 feceris,
889 570 917 632 si
938 569 1051 633 huica

58 655 331 721 commendationi
350 676 439 719 meae
459 659 588 720 tantum
606 658 765 739 tribueris
789 662 945 741 quantum
964 659 1016 721 cui

57 744 202 808 tribuisti
232 744 420 828 plurimum,
451 744 484 807 id
516 750 579 828 est,
611 746 638 809 si
671 745 706 809 T.
729 745 887 809 Manlium
919 768 1016 830 quam

57 832 211 915 maxime,
238 832 489 915 quibuscumque
522 834 617 897 rebus
644 833 781 898 honeste
808 856 846 897 ac
872 856 930 917 pro
958 839 1016 898 tua

58 921 218 1005 dignitate
240 920 371 1003 poteris,
393 921 510 984 iuveris
530 926 626 1004 atquc
646 923 819 1005 ornaveris,
842 944 881 985 ex
900 923 1015 1005 ipsius-

58 1029 122 1091 que
144 1010 311 1092 praeterea
335 1008 526 1093 gratissimis
555 1013 587 1073 et
608 1010 849 1074 humanissimis
871 1011 1015 1075 moribus

58 1096 215 1160 confirmo
237 1097 298 1159 tibi
320 1100 352 1160 te
376 1118 463 1180 eum,
485 1119 580 1181 quem
604 1098 687 1162 soles
709 1098 851 1163 fructum
874 1121 893 1161 a
916 1099 1015 1162 bono·

57 1206 131 1248 rum
154 1184 296 1248 virorum
319 1185 434 1250 officiis
458 1190 651 1270 exspectare,
673 1208 741 1251 esse
765 1190 943 1270 capturum.

474 1379 596 1444 XXIII.

315 1489 373 1546 Ser.
401 1491 506 1545 Romae
536 1508 560 1544 a.
589 1511 615 1545 u.
644 1509 666 1546 c.
697 1498 755 1548 708.

350 1613 477 1669 CICERO
498 1614 629 1669 SERVIO
649 1615 724 1669 SAL.

126 1713 162 1779 L.
186 1710 347 1792 Cossinio,
376 1716 478 1780 amico
502 1719 535 1779 et
556 1715 667 1779 tribuli
690 1737 775 1798 meo,
805 1716 896 1780 valde
923 1714 1050 1778 fami-1

57 1802 182 1867 liariter
204 1807 291 1887 ut0r3
314 1826 390 1866 nam
413 1807 446 1867 et
468 1805 553 1867 inter
575 1805 809 1886 nosmetipsos
828 1806 1016 1867 retususus

56 1891 229 1956 intercedit
247 1895 280 1955 et
292 1891 420 1956 Atticus
439 1897 551 1955 noster
569 1892 724 1955 maiorem
739 1892 836 1955 etiam
849 1891 929 1953 mihi
944 1912 1017 1952 cum

57 1977 207 2044 Cossinio
236 1980 500 2044 consuetudinem
523 1979 612 2063 feeit3
641 1980 750 2062 itaque
780 1982 851 2042 tota
878 1976 1017 2041 Cossinii

58 2068 174 2133 domus
194 2090 245 2131 me
265 2069 371 2152 diligit
388 2069 424 2131 in
442 2069 617 2153 primisque
635 2068 770 2131 libertus
790 2066 867 2149 eius,
885 2065 920 2128 L.
940 2063 1016 2129 Cos-

56 2156 161 2221 sinius
175 2155 364 2241 Anchialus,
381 2157 479 2221 homo
499 2161 532 2221 et
549 2161 687 2240 patrono
707 2158 739 2218 et
757 2155 886 2238 patroni
907 2175 1015 2218 neces·

58 2245 162 2328 sariis,
176 2267 239 2328 quo
254 2246 289 2308 in
303 2267 437 2310 numero
457 2266 517 2330 ego
539 2267 619 2329 sum,
632 2243 886 2327 probatissimus.
918 2241 1015 2306 Hunc
1034 2257 1051 2304 2

57 2334 119 2397 tibi
136 2333 185 2396 ita
203 2334 401 2418 commendo,
419 2337 465 2418 ut,
483 2335 510 2397 si
529 2355 618 2398 meus
636 2332 770 2397 libertus
789 2336 873 2395 esset
891 2332 1015 2396 eodem-

58 2442 121 2504 que
145 2422 230 2505 apud
258 2444 309 2485 me
337 2422 408 2487 loco
432 2425 529 2506 esset,
557 2444 620 2505 quo
648 2424 699 2485 est
726 2420 812 2504 apud
840 2442 933 2484 suum
960 2441 1016 2503 pa-

56 2514 203 2594 tronum,
235 2511 356 2575 maiore
389 2511 495 2575 studio
529 2509 752 2574 commendare
784 2530 851 2573 non
878 2528 1015 2591 possem.

57 2596 165 2673 Quare
187 2601 375 2683 pergratum
398 2598 478 2661 mihi
500 2598 623 2681 feceris,
646 2597 673 2661 si
696 2619 769 2661 eum
787 2597 821 2660 in
843 2595 1016 2660 amicitiam

56 2689 129 2750 tum
155 2687 313 2770 receperis
342 2691 437 2771 atque
461 2708 548 2770 eum,
575 2685 661 2770 quod
690 2688 759 2749 sine
788 2684 937 2749 molestia
959 2686 1016 2745 tua

56 2774 124 2857 fiat,
148 2774 175 2837 si
199 2797 261 2858 qua
284 2776 319 2839 in
341 2797 376 2839 re
396 2797 476 2859 opus
495 2776 524 2839 ei
542 2774 648 2858 fuerit,
670 2774 802 2838 iuveris:
824 2772 858 2835 id
881 2774 914 2835 et
936 2771 1016 2835 mihi

56 2862 264 2926 vehementer
292 2867 420 2949 gratum
448 2863 510 2926 erit
536 2866 570 2926 et
600 2863 660 2926 tibi
687 2864 801 2946 postea
827 2860 1016 2943 iucundum;

56 2949 224 3014 hominem
247 2953 332 3015 enim
352 2973 477 3016 summa
494 2952 665 3035 probitate,
687 2950 888 3015 humanitate
908 2948 1015 3014 obser·

55 3039 230 3123 vantiaque
254 3061 436 3125 cognosces.

127 3264 179 3336 Ep.
195 3272 277 3336 23,1.
305 3267 403 3323 tribuli
420 3283 476 3321 uteo
495 3266 548 3335 (cd.
564 3265 657 3335 Basil,
672 3265 723 3334 L.).
760 3270 778 3319 t.
798 3270 845 3318 tuo
863 3263 909 3330 M,
920 3262 1014 3332 vulgo.
