2370 3878
360 152 619 207 EPISTOLARUM
638 153 710 207 VIII.
731 160 754 207 5.
773 160 798 209 t.
991 152 1056 215 ‘235

97 299 272 365 Marcellus
294 298 378 362 idem
402 298 482 361 illud
506 298 544 362 de
562 297 736 381 provinciis
754 299 858 381 urget,
879 318 984 380 neque
1003 296 1056 360 ad·

95 389 162 453 Ima
188 386 392 469 frequentem
420 391 567 450 senatum
596 386 624 450 is
657 385 782 449 officere
816 386 932 470 potuit.
984 384 1056 448 Hoc

95 478 144 541 sie
166 474 342 560 praeterito
375 496 462 538 anno
486 472 582 537 Curio
614 474 764 537 tribunus
795 476 855 537 crit
885 477 917 537 et
945 473 1057 537 eadem

95 564 183 629 actio
213 564 251 627 de
278 562 453 647 provinciis
481 562 640 627 introibit:
669 584 766 644 quam
793 561 886 625 facile
913 565 992 625 tune
1016 562 1057 624 sit

95 652 209 718 omnia
231 650 386 734 impedire
405 653 438 714 et
456 672 553 733 quam
571 650 633 714 hec
652 646 791 731 Caesari,
810 650 865 733 qui
884 672 942 712 sua
961 671 1057 713 causa

94 762 166 807 rem
189 739 353 824 publicam
375 760 443 803 non
466 741 587 821 curent,
611 742 749 820 sperent,
771 760 838 802 non
860 741 893 801 te
915 738 1009 802 fallit.

547 930 604 995 VI.

286 1042 344 1097 Sor.
363 1062 405 1112 pr.
425 1043 521 1096 Nonas
539 1043 657 1096 Martias
677 1059 701 1095 a.
721 1060 747 1095 u.
767 1059 790 1095 c.
811 1047 863 1096 704

360 1164 513 1220 CAELIUS
532 1163 703 1222 CICERONI
723 1165 798 1221 SAL.

165 1264 244 1331 Non
267 1265 389 1347 dubito,
412 1265 491 1348 quin
513 1267 673 1350 perlatum
697 1265 737 1329 ad
760 1270 792 1330 te
816 1266 858 1329 sit
875 1264 1018 1349 Appium
1040 1288 1059 1329 a
1078 1275 1092 1321 1

97 1354 272 1421 Dolabella
294 1375 385 1418 reum
407 1353 543 1438 factum,
572 1377 648 1418 sane
674 1351 792 1439 [quam]
822 1376 890 1418 non
918 1376 969 1437 ea,
996 1377 1060 1437 qua

98 1444 372 1525 existimaveram,
398 1442 533 1524 invidia,
562 1464 665 1525 neque
694 1444 780 1506 enim
804 1444 901 1506 stulte
924 1442 1060 1526 Appius,

100 1532 167 1615 qui,
188 1530 382 1613 simulatque
405 1529 575 1594 Dolabella
603 1531 737 1595 accessIt
760 1532 801 1595 ad
828 1532 985 1616 tribunal,
1011 1533 1059 1595 in·

100 1619 238 1684 troierat
260 1618 296 1681 in
317 1618 431 1682 urbem
453 1618 671 1702 triumphique
699 1620 951 1702 postulationem
974 1620 1058 1683 abie-

101 1709 200 1790 cerat,
223 1726 287 1789 quo
307 1705 393 1770 facto
413 1706 548 1770 rettudit
566 1728 729 1771 sermones
748 1709 953 1791 paratiorque
972 1709 1059 1772 visus

101 1798 162 1879 est,
184 1815 283 1877 quam
305 1798 490 1877 speraverat
504 1799 680 1859 accusator.
716 1794 749 1858 Is
771 1817 858 1859 nunc
880 1796 915 1858 in
937 1799 970 1858 te
994 1818 1060 1859 ma-

101 1882 224 1947 ximam
246 1903 336 1965 spem
358 1882 465 1946 habet.
512 1880 583 1946 Soio
607 1883 668 1946 tibi
695 1904 768 1945 eum
790 1904 858 1947 non
881 1903 949 1946 esse
973 1884 1059 1947 odio:

101 1992 202 2055 quam
224 1970 303 2033 velia
327 1991 401 2033 eum
424 1969 581 2053 obligare,
608 1971 643 2033 in
670 1973 727 2032 tua
749 1991 848 2033 manu
876 1973 933 2033 est.
979 1968 1061 2034 Cum

102 2080 168 2143 quo
195 2059 224 2123 si
252 2057 398 2122 simultas
425 2058 485 2120 tibi
512 2079 580 2121 non
611 2058 739 2140 fuisset,
770 2058 901 2122 liberius
933 2058 993 2122 tibi
1021 2059 1060 2123 de

101 2149 176 2213 tota
196 2167 232 2210 re
254 2148 351 2211 esset:
373 2167 470 2229 nune,
493 2146 519 2209 si
543 2146 584 2210 ad
606 2146 695 2209 iIIam
714 2167 872 2210 summam
892 2147 1061 2211 vamtatem

101 2234 285 2319 legitimum
307 2234 357 2298 ius
380 2234 536 2318 exegeris,
559 2234 737 2299 cavendum
759 2235 819 2299 tibi
842 2236 915 2319 erit,
941 2234 983 2299 ne
1005 2258 1060 2321 pa·

101 2344 177 2387 rum
199 2322 387 2406 simpliciter
415 2326 448 2385 et
475 2322 608 2386 candide
636 2323 781 2407 posuisse
807 2323 992 2388 inimicitias
1015 2326 1060 2389 vi·

102 2410 223 2493 deeris,
249 2411 285 2474 in
311 2411 396 2474 hano
423 2414 548 2493 partem
574 2431 671 2495 porro
699 2414 806 2475 tutum
837 2412 898 2475 tibi
927 2414 1001 2495 erit,
1033 2413 1060 2476 si

103 2497 182 2583 quid
210 2498 348 2562 volueris
372 2499 559 2582 gratificari,
588 2521 683 2565 nemo
712 2500 798 2563 enim
824 2500 1060 2563 necessitudine

102 2590 138 2650 et
169 2586 311 2650 amicitia
341 2590 374 2649 te
406 2587 594 2650 deterritum
626 2588 667 2652 ab
700 2587 806 2652 officio
839 2588 931 2650 dicet.
975 2585 1060 2651 Illud

101 2674 185 2747 mihi
209 2674 356 2756 occurrit,
379 2675 464 2757 quod
487 2676 571 2738 inter
589 2675 842 2758 postulationem
865 2679 898 2738 et
920 2675 1060 2738 nominis

102 2762 300 2826 delationem
331 2784 412 2825 uxor
444 2763 655 2827 aDolabella
681 2763 841 2827 discessit:
874 2762 951 2845 quid
980 2762 1094 2827 mihis

102 2849 270 2913 discedens
293 2850 466 2933 mandaris,
488 2851 633 2932 memini3
661 2851 737 2933 quid
761 2851 904 2935 egotibi
928 2851 1061 2935 scripse-

101 2937 174 3021 rim,
196 2941 229 3000 te
252 2959 319 3002 non
343 2938 482 3001 arbitror
505 2938 649 3022 oblitum.
685 2937 762 3002 Non
785 2942 834 3002 est
851 2939 916 3002 iam
933 2944 1061 3024 tempus

102 3027 198 3110 plura
220 3025 387 3089 narrandi:
415 3046 516 3087 unum
542 3026 622 3089 illud
645 3047 775 3090 monere
798 3031 830 3090 te
860 3049 1006 3111 possum,
1034 3028 1061 3089 si

102 3134 155 3177 res
182 3113 242 3177 tibi
270 3135 337 3178 non
365 3112 558 3196 displicebit,
586 3116 696 3176 tamen
721 3114 785 3179 hoo
811 3118 956 3198 tempore
978 3113 1060 3176 nihil

177 3275 228 3343 Ep.
248 3279 272 3342 t,
292 3281 317 3328 3.
336 3274 516 3343 frequentiam
534 3278 644 3327 senatus
662 3272 705 3338 eff.
725 3271 862 3341 (Buseh.)?
897 3270 1062 3337 frequentem

105 3346 209 3400 senatis
226 3343 264 3397 Μ.
298 3344 423 3410 Caesari,
441 3345 489 3412 qwi
507 3343 573 3411 (m).
607 3343 709 3398 Caesar
725 3343 810 3411 iique,
833 3339 882 3407 qui
899 3340 1011 3404 Kahnt,
1029 3338 1061 3391 B.

107 3414 158 3483 Ep.
177 3421 202 3482 6,
224 3420 247 3467 1.
275 3430 342 3468 sarae
361 3415 464 3485 [quom]
483 3429 540 3467 oron
558 3413 662 3481 (Crat).
689 3428 711 3466 s.
728 3427 811 3481 quam
828 3424 886 3463 more
903 3409 950 3475 M,
968 3407 1062 3476 vulgo.

110 3490 201 3538 -eat
236 3483 325 3536 Oros.
342 3489 463 3537 ..eseet-
480 3483 643 3552 rsuur(W.).
671 3488 724 3547 esu·
742 3484 956 3535 cam...esser.
979 3477 1064 3531 Nunc

111 3554 197 3620 vulgo.
218 3582 252 3591 -
262 3554 393 3618 posuere
409 3554 477 3622 (M).
496 3554 588 3624 depos.
609 3553 723 3626 Cobet,
738 3554 774 3610 B.
