2370 3878
334 189 594 245 nrrsronnnun
611 190 683 243 vm.
707 192 817 245 12-14.
987 184 1051 249 251

95 336 196 403 hebes
211 335 253 401 ad
269 334 312 419 id,
331 335 416 418 quod
431 335 545 398 melius
564 338 622 418 est,
639 333 893 417 intelligendum.
928 328 1053 394 Deinde

59 436 62 443 '
97 424 252 509 -quod
282 423 458 489 maximum
490 427 604 487 est-
632 443 692 507 ego
724 423 816 485 illum
846 419 939 483 valde
972 440 1053 482 amo.

58 542 65 597 3
96 512 212 596 Voles,
229 510 355 596 (liceto,
378 509 551 576 Curionem
578 515 725 575 nostrum
751 510 876 573 lautum
903 508 1088 572 interam-2

95 602 199 667 rionis
220 600 261 665 de
283 600 457 685 provinciis
485 600 606 663 exitum
637 599 801 662 habuisse:
833 619 923 680 nam,
955 617 1054 679 quum

60 750 63 755 .
95 692 131 755 dc
151 689 385 755 intercessione
416 688 602 770 referretur,
635 708 716 770 quae
748 686 861 751 relatio
888 684 987 749 fiebat
1016 705 1054 747 ex

94 780 229 843 senatus
260 778 424 860 consulte,
451 777 617 860 primaque
650 774 693 839 M.
716 774 859 838 Marcelli
894 773 1054 837 sententia

95 866 309 953 pronuntiata
335 868 433 947 esset,
465 864 519 947 qui
551 863 713 948 agendum
741 884 813 926 cum
844 862 983 925 tribunis
1011 862 1053 944 pl.

94 954 264 1038 censebat,
295 953 448 1036 frequens
475 955 606 1016 senatus
635 953 669 1015 in
693 952 756 1015 alia
779 951 888 1014 omnia
911 951 961 1032 iit3
990 954 1054 1012 sto-

55 1080 59 1087 ·
95 1042 212 1108 macho
236 1045 287 1107 est
309 1041 432 1105 scilicet
449 1039 621 1123 Pompeius
644 1038 784 1124 Magnus
807 1058 894 1101 nunc
916 1039 964 1101 ita
986 1037 1054 1099 lan·

53 1164 56 1169 ·
95 1130 221 1215 guenti,
242 1133 281 1194 ut
302 1130 357 1194 vix
374 1129 417 1211 id,
440 1129 525 1212 quod
544 1129 605 1193 sibi
624 1129 758 1212 placeat,
775 1127 927 1209 reperiat:
950 1130 1054 1188 trans·

95 1220 203 1283 ierant
220 1218 307 1301 illuc,
326 1217 486 1281 rationem
503 1233 568 1280 ,esse
593 1217 660 1281 eius
678 1216 870 1297 habendam,
888 1215 943 1297 qui
961 1232 1055 1293 aeque

95 1306 274 1371 exereitum
300 1327 404 1388 neque
436 1306 617 1389 provincias
644 1305 793 1369 traderet.
843 1302 1054 1379 Quemadmo-

96 1394 176 1459 dum
197 1393 261 1459 hoo
278 1392 450 1477 Pompeius
468 1395 593 1458 laturus
612 1395 663 1477 sit,
687 1415 785 1478 quum
804 1413 956 1478 cognoro,
980 1390 1054 1454 scri-

97 1482 186 1547 bam:
210 1481 365 1565 quidnam
387 1481 433 1545 rei
456 1482 602 1565 publicae
625 1482 769 1546 futurum
793 1482 848 1565 sit,
876 1482 903 1545 si
926 1484 982 1544 aaa
1003 1500 1055 1542 or-

98 1572 158 1637 mis
170 1571 296 1635 resistat
308 1574 365 1634 aut
383 1592 450 1634 non
464 1575 562 1654 curet,
581 1592 638 1635 vos
659 1591 750 1634 senes
769 1570 883 1634 divites
902 1569 1054 1633 videritis.

96 1656 134 1735 Q.
156 1656 367 1742 Hortensius,
395 1680 493 1741 quum
520 1659 579 1724 has
607 1660 730 1724 litteras
761 1659 886 1744 scripsi,
914 1658 1055 1722 animam

96 1746 228 1833 agebat.

43 1850 50 2003 l

534 1955 622 2020 XIV.

237 2066 296 2124 Sor.
314 2068 419 2124 Romae
437 2084 531 2123 mense
552 2067 708 2138 Septembri
727 2084 750 2120 a.
770 2086 797 2122 u.
816 2083 839 2121 c.
860 2071 919 2122 704.

354 2190 507 2247 cantius
529 2191 700 2248 CICERONI
719 2191 792 2246 SAL.

187 2288 287 2355 Tanti
316 2291 473 2356 nonfuit
499 2292 644 2357 Arsacen
671 2314 784 2376 capere
812 2295 844 2355 et
872 2289 1089 2356 Seleuceam!

95 2398 299 2464 expugnare,
321 2383 359 2443 ut
381 2400 490 2444 earum
513 2402 634 2464 rerum,
657 2403 739 2464 quae
761 2381 814 2444 hic
838 2384 947 2465 gestae
971 2384 1055 2463 sunt,

95 2468 282 2551 spectaculo
307 2489 443 2533 careres:
475 2491 652 2552 numquam
674 2471 734 2533 tibi
757 2469 841 2534 oculi
869 2468 1055 2550 doluissent,

96 2556 126 2619 si
148 2554 185 2619 in
207 2557 337 2639 repulsa
359 2556 494 2622 Domitii
517 2559 642 2622 vultum
664 2558 806 2622 vidisses.
851 2556 974 2641 Magna
999 2558 1055 2619 illa

96 2643 231 2709 comitia
252 2643 385 2709 fuerunt
414 2648 447 2709 et
473 2648 569 2730 plane
597 2646 702 2710 studia
729 2668 768 2709 ex
794 2646 936 2729 partium
959 2665 1055 2708 sensu

96 2735 331 2815 apparuerunt:
368 2736 520 2816 perpauci
552 2735 820 2799 necessitudinem
853 2733 954 2796 secuti
986 2732 1055 2796 offi-

96 2820 184 2883 cium
206 2821 446 2903 praestiterunt.
491 2822 604 2905 Itaque
631 2822 711 2885 mihi
735 2826 784 2886 est
806 2819 968 2885 Domitius
996 2821 1056 2885 ini-

95 2906 304 2992 micissimus,
332 2913 432 2973 utne
459 2909 652 2974 familiarem
675 2910 803 2992 quidem
831 2931 924 2973 suum
947 2931 1055 2993 quem·

96 3016 197 3080 quam
218 2999 286 3060 tam
310 2996 414 3062 oderit
437 3019 533 3081 quam
556 3019 621 3080 me,
648 3001 744 3081 atque
768 3019 805 3063 co
829 2999 946 3083 magis,
970 2997 1055 3081 quod

167 3238 220 3310 Ep.
241 3247 321 3309 13,1.
358 3243 510 3296 meliorest
529 3241 602 3311 (Ν).
648 3259 682 3295 m.
701 3242 738 3295 sit
755 3242 805 3307 M,
824 3241 918 3310 vulgo.
965 3245 989 3291 2.
1017 3243 1056 3292 ert

91 3310 153 3365 σεῦ.
185 3311 332 3380 Pompeias
360 3313 421 3379 (M.,
444 3313 549 3382 vulgo).
602 3316 640 3365 est
668 3313 735 3382 [scil.
764 3312 810 3382 P.]
840 3312 883 3363 M.
912 3310 999 3373 Man,
1023 3308 1054 3361 B.

45 3450 50 3457 Ι
95 3412 131 3423 -
152 3383 288 3438 aaronem
311 3399 364 3436 esse
391 3384 450 3437 riae
472 3384 624 3438 habendam
646 3383 712 3450 (W.)
738 3387 771 3435 at
796 3381 983 3435 rationarius
1008 3378 1054 3431 ba·

43 3506 45 3511 .
93 3450 244 3576 bondaMlq,
281 3471 305 3508 r.
324 3455 382 3507 eins
400 3454 425 3507 b.
444 3453 476 3506 B.
501 3482 535 3492 -
559 3467 683 3522 coyaoro,
705 3453 823 3506 scribom
848 3451 923 3517 (W.).
960 3463 1056 3518 capno·

92 3536 170 3577 rcum
244 3565 249 3576 .
