2370 3878
163 159 228 222 304
443 158 480 212 Μ.
502 158 625 213 TULLII
643 158 832 214 CICERONIS

162 303 317 368 memoria
348 305 490 366 teneant.
538 300 569 366 A·
596 305 628 367 te
660 307 749 387 peto,
780 308 818 368 ut
849 305 1000 389 dignitati
1027 327 1119 370 meae

163 391 347 476 suffrageris
375 394 421 475 et,
453 413 588 474 quarum
619 413 726 455 rerum
754 414 809 476 spe
842 393 882 455 ad
911 394 1039 457 laudem
1067 416 1119 458 me

162 481 294 560 vocasti,
312 481 429 543 harum
446 480 554 543 fructu
572 480 606 542 in
625 481 783 563 reliquum
801 479 901 544 facias
921 482 1119 546 alacriorem.

162 566 239 632 Non
266 568 372 631 minus
399 589 493 651 posse
520 571 553 630 te
580 589 677 650 qnam
703 569 784 632 velle
801 570 1015 651 exploratum
1038 570 1120 634 mihi

163 660 219 720 est.
263 655 329 720 Fac
350 656 458 720 valeas
481 676 595 739 meque
621 660 733 722 mutuo
758 657 883 742 diligas.

594 864 685 930 VIII.

207 977 264 1032 Ser.
282 978 312 1032 in
330 977 425 1033 Gallia
439 978 627 1048 Transalpina
644 995 739 1034 mense
756 979 859 1033 Martio
879 996 903 1033 a.
923 996 949 1032 u.
970 995 992 1032 c.
1013 984 1072 1032 711.

162 1101 327 1157 PLANCUS
351 1101 424 1155 IMP.
448 1100 522 1156 COS.
545 1101 662 1157 DESIG.
688 1101 714 1156 S.
738 1102 771 1156 D.
791 1102 884 1158 COSS.
903 1103 958 1156 PR.
982 1101 1039 1156 Tit.
1063 1103 1117 1157 PL.

274 1172 433 1227 SENATUI
451 1170 593 1228 POPULO
613 1172 793 1239 PLEBIQUE
813 1173 1000 1228 ROMANAE.

130 1288 144 1335 1
230 1271 339 1337 sicui
364 1273 448 1338 forte
475 1273 586 1337 videor
609 1272 729 1337 dlutius
756 1277 789 1337 et
817 1273 986 1338 hominum
1009 1295 1118 1357 exspe-

164 1362 338 1426 ctationem
366 1366 398 1425 et
426 1382 515 1444 spem
542 1361 588 1423 rei
614 1360 761 1443 publicae
789 1360 828 1423 de
858 1385 930 1426 mea
951 1363 1118 1426 voluntate

163 1450 305 1513 tenuisse
324 1470 521 1533 suspensam,
542 1446 617 1510 huic
635 1446 724 1529 prius
743 1450 961 1513 excusandum
979 1472 1029 1514 me
1049 1472 1117 1515 esse

165 1538 302 1602 arbitror
330 1559 426 1620 quam
454 1535 492 1598 de
519 1533 701 1616 insequenti
728 1532 834 1598 officio
859 1537 1033 1619 quidquam
1059 1540 1118 1602 ulli

164 1626 392 1710 pollicendum3
419 1643 487 1687 non
515 1621 601 1684 enim
628 1621 834 1704 praeteritam
862 1624 990 1706 culpam
1017 1627 1118 1691 videri

164 1717 238 1779 volo
266 1713 449 1793 redemisse,
482 1708 537 1773 sed
561 1709 700 1793 optimae
728 1710 845 1775 mentis
875 1712 1017 1796 cogitata
1040 1716 1118 1778 iarn·

130 1803 288 1887 spridem
310 1802 436 1864 maturo
458 1801 603 1882 tempore
633 1799 810 1863 enuntiare.
854 1797 930 1864 Non
953 1823 1004 1864 me
1027 1825 1118 1886 prae-

164 1892 283 1956 teribat
305 1890 339 1954 in
361 1890 453 1951 tanta
477 1887 690 1952 sollicitudine
712 1887 880 1952 hominum
902 1890 935 1952 et
957 1892 1025 1953 tam
1047 1913 1118 1973 per-

164 1979 294 2044 turbato
318 1979 406 2041 statu
429 1976 567 2040 ciuitatis
589 1976 877 2041 fructuosissimam
904 1998 972 2041 esse
994 1979 1117 2061 profes-

166 2068 290 2131 sionem
307 2066 412 2130 bonae
430 2065 617 2148 voluntatis,
639 2085 838 2149 magnosque
856 2065 994 2131 honores
1018 2087 1056 2128 ex
1080 2087 1118 2128 aa

165 2177 200 2218 re
232 2154 412 2237 complures
444 2157 632 2218 consecutos
664 2153 825 2236 videbam3
858 2155 926 2238 sed,
958 2175 1056 2237 quum
1084 2155 1118 2218 in

166 2265 239 2306 eum
262 2264 372 2307 casum
394 2263 444 2306 me
467 2242 599 2307 fortuna
622 2241 814 2325 demisisset,
836 2246 874 2306 ut
896 2246 953 2307 aut
975 2243 1119 2308 celeriter

166 2330 346 2414 pollicendo
369 2351 489 2415 magna
511 2329 590 2394 mihi
612 2329 680 2415 ipse
704 2330 745 2395 ad
768 2331 998 2415 proficiendum
1020 2332 1119 2415 impe-

166 2420 309 2484 dimenta
332 2440 527 2504 opponerem
550 2421 619 2501 aut,
642 2419 670 2482 si
692 2419 727 2483 in
750 2441 788 2483 eo
811 2419 891 2483 mihi
913 2421 1118 2503 temperavis·

167 2531 247 2594 sem,
274 2509 410 2574 maiores
434 2507 618 2573 occasiones
646 2507 686 2570 ad
710 2507 933 2590 opitulandum
958 2508 1119 2592 haberem,

61 2645 64 2650 -
167 2598 344 2682 expeditius
367 2597 429 2661 lter
451 2596 629 2660 communis
653 2595 766 2661 salutis
785 2618 881 2679 quam
904 2618 992 2660 meae
1016 2598 1119 2660 laudis

167 2708 235 2750 esse
267 2686 363 2751 volui.
407 2682 494 2748 Nam
526 2684 596 2767 quis
625 2683 660 2746 in
692 2706 730 2748 ea
760 2685 905 2768 fortuna,
938 2706 1018 2768 quae
1048 2707 1120 2749 mea

167 2778 229 2858 est,
252 2778 285 2838 et
307 2775 347 2838 ab
372 2795 409 2837 ea
431 2773 512 2856 vita,
541 2793 638 2855 quam
660 2772 695 2837 in
722 2795 773 2837 me
797 2773 960 2858 cognitam
982 2773 1120 2838 homini-

166 2862 226 2926 bus
260 2862 411 2944 arbitror,
442 2864 475 2924 et
506 2882 579 2925 cum
611 2883 648 2925 ea
678 2883 747 2946 spe,
779 2883 875 2945 quam
906 2862 942 2926 in
971 2863 1119 2926 manibus

166 2950 280 3035 habeo,
299 2953 355 3014 aut
374 2949 538 3015 sordidum
557 2949 730 3034 quidquam
748 2951 816 3035 pati
836 2952 892 3014 aut
905 2951 1120 3034 perniciosum

133 3038 391 3122 econcupiscere
418 3037 548 3121 potest?
598 3036 660 3102 Sed
689 3039 888 3122 aliquantum
920 3039 1013 3103 nobis
1041 3042 1120 3103 tem-

167 3127 254 3212 poris
282 3129 314 3192 et
341 3126 452 3212 magni
478 3126 604 3191 labores
637 3130 669 3190 et
695 3128 816 3193 multae
846 3128 1010 3211 impensae
1039 3149 1120 3211 opus

167 3217 311 3298 fuerunt,
342 3219 392 3297 ut,
424 3236 505 3298 quae
537 3215 583 3279 rei
609 3215 756 3299 publicae
783 3216 940 3300 bonisque
971 3216 1120 3280 omnibus

168 3305 398 3387 polliceremur,
422 3302 508 3367 exitu
526 3308 762 3386 praestaremus
780 3325 884 3388 neque
904 3304 944 3368 ad
968 3304 1120 3368 auxilium

158 3393 290 3472 patriae
316 3392 395 3457 nudi
419 3413 491 3455 cum
518 3392 604 3456 bona
632 3394 811 3476 voluntate,
840 3393 895 3457 sed
922 3414 994 3457 cum
1021 3392 1120 3456 facul·

151 3480 281 3546 tatibus
309 3481 549 3550 accederemus.
594 3478 842 3550 (teutmundus
869 3484 940 3545 crat
964 3481 1120 3545 exercitus
