2370 3878
365 181 623 237 EPISTULARUM
641 182 688 236 XI.
707 188 786 237 3-5.
987 182 1052 245 349

543 413 601 479 IV.

95 527 154 581 Sor.
168 525 197 581 in
212 525 306 581 Gallia
319 527 447 583 citeriore
461 529 580 581 exeunte
594 542 689 581 mense
702 525 857 582 Novembri
871 542 895 580 a,
910 543 937 580 u.
952 542 975 581 c.
992 532 1050 580 710.

134 649 167 704 D.
187 649 331 705 BRUTUS
349 651 422 705 IMP.
442 648 515 704 COS.
534 648 650 705 DESIG.
670 649 697 705 S.
715 650 748 704 D.
769 651 812 705 M.
831 648 1011 706 CICERONI.

162 747 196 814 Si
220 749 258 813 de
281 752 339 814 tua
360 751 396 813 in
418 770 469 814 me
492 750 659 814 voluntate
683 750 877 833 dubitarem,
899 750 1009 815 multis
1032 768 1086 816 a1

94 842 128 902 te
150 837 257 902 vorbis
280 841 432 921 peterem,
455 840 492 901 ut
510 837 701 922 dignitatem
719 860 824 903 meam
842 842 976 921 tuerere,
997 838 1052 902 sed

95 925 241 1010 profecto
266 929 315 990 est
336 927 392 1010 ita,
416 928 452 990 ut
474 925 554 990 mihi
576 926 733 1010 persuasi,
753 947 804 990 me
827 926 887 990 tibi
908 947 977 990 esse
999 947 1052 990 cu·

96 1036 159 1078 rae.
203 1013 398 1099 Progressus
431 1035 502 1078 sum
534 1013 574 1077 ad
605 1013 773 1098 Inalpinos
804 1035 877 1078 cum
905 1014 1053 1095 exercitu,

96 1123 163 1166 non
182 1107 250 1166 tam
264 1123 383 1166 nomen
396 1102 640 1185 imperatorium
658 1106 792 1185 captans
811 1123 908 1186 quam
922 1102 1053 1185 cupiens

96 1190 252 1254 militibus
276 1190 461 1255 satisfacere
487 1189 661 1273 firmosque
686 1212 742 1255 eos
769 1190 810 1254 ad
837 1189 974 1254 tuendas
997 1211 1053 1254 no·

96 1281 181 1342 stras
194 1299 246 1341 res
261 1278 398 1342 efficere:
422 1277 508 1363 quod
526 1278 605 1342 mihi
623 1278 734 1342 videor
751 1282 955 1360 consecutus;
977 1299 1054 1342 nam
1072 1296 1088 1344 a

97 1370 131 1429 et
156 1366 383 1430 liberalitatem
409 1369 555 1431 nostram
587 1370 620 1430 et
648 1367 792 1430 animum
819 1369 896 1431 sunt
922 1367 1054 1450 experti.

96 1451 180 1517 Cum
212 1455 356 1518 omnium
386 1454 638 1519 bellicosissimis
669 1455 790 1520 bellum
821 1454 919 1540 gessi3
951 1456 1054 1519 multa

97 1542 230 1606 castella
254 1543 332 1626 cepi,
354 1544 456 1607 multa
479 1543 616 1607 vastavi:
639 1565 707 1608 non
730 1544 799 1607 sine
822 1564 919 1608 eausa
942 1544 982 1608 ad
1006 1565 1052 1607 se-

96 1633 210 1694 natum
222 1630 348 1695 litteras
362 1632 443 1696 misi.
478 1629 607 1696 Adiuva
620 1653 681 1697 nos
698 1634 756 1696 tua
770 1632 944 1714 sententia,
967 1633 1053 1715 quod

97 1740 195 1801 quum
221 1719 334 1803 facies,
361 1741 400 1784 ex
426 1741 547 1804 magna
576 1724 667 1804 parte
695 1721 857 1785 communi
884 1721 1051 1786 commodo

97 1828 287 1873 inservlens.

556 1982 597 2049 V.

171 2093 227 2147 Ser.
251 2093 356 2149 Romae
379 2094 471 2150 medio
494 2112 588 2151 mense
611 2096 758 2152 Decembri
780 2112 805 2151 a.
829 2114 856 2150 u.
879 2113 901 2150 c.
923 2102 981 2152 710.

206 2217 242 2270 Μ.
259 2216 388 2273 CICERO
403 2218 429 2272 S.
440 2218 472 2272 D.
484 2218 516 2272 D.
527 2218 649 2275 BRUTO
664 2220 736 2274 IMP.
747 2219 820 2275 COS.
831 2218 945 2274 DESIG.

165 2315 276 2400 Lupus
290 2317 458 2382 familiaris
471 2322 583 2383 noster
596 2340 695 2403 quum
709 2323 774 2384 ate
788 2320 929 2384 venisset
942 2342 1053 2404 quum·
1074 2330 1088 2376 1

98 2426 160 2487 que
183 2404 306 2469 Romae
330 2405 486 2489 quosdam
509 2406 575 2471 dies
599 2412 859 2491 commoraretur,
882 2429 942 2493 ego
966 2430 1054 2472 eram

97 2493 133 2555 in
156 2492 195 2557 iis
217 2493 311 2577 lucia,
340 2495 513 2578 inquibus
536 2497 672 2560 maxime
699 2499 771 2561 tuto
798 2517 849 2560 me
878 2517 947 2560 esse
971 2496 1053 2559 arbi-

96 2581 221 2644 trabarr
253 2603 291 2646 eo
323 2582 531 2667 factumest,
562 2587 600 2648 ut
626 2584 667 2648 ad
693 2588 726 2649 te
748 2583 859 2667 Lupus
883 2585 951 2647 sine
974 2585 1054 2646 meis

96 2669 213 2734 litteris
232 2670 358 2755 rediret,
377 2693 476 2754 quum
494 2676 604 2736 tamen
619 2677 763 2736 curasset
775 2676 849 2736 tuas
864 2671 904 2735 ad
919 2692 970 2734 me
984 2693 1054 2755 per-

96 2756 255 2822 ferendas.
301 2756 438 2823 Romam
466 2764 574 2824 autem
601 2760 676 2824 veni
705 2781 733 2823 a.
756 2760 785 2823 d.
808 2782 836 2824 v.
864 2758 941 2823 Idus
969 2758 1054 2843 Dec,

96 2866 156 2909 nec
182 2845 282 2910 habui
310 2847 485 2930 quidquam
513 2848 690 2931 antiquius,
722 2869 817 2931 quam
850 2852 887 2912 ut
913 2847 1054 2913 Pansam

97 2935 207 2998 statim
231 2936 443 3018 convenirem,
466 2957 504 2999 ex
528 2957 592 3018 quo
615 2956 653 2999 ea
675 2936 716 3000 de
737 2941 769 3000 te
793 2938 944 3022 cognovi,
972 2959 1053 3021 quae

96 3022 233 3086 maxime
257 3026 414 3106 optaram.
450 3021 556 3098 Quare
573 3022 757 3089 hortatione
779 3028 816 3090 tu
835 3026 964 3109 quidem
986 3047 1054 3089 non

96 3129 182 3194 eges,
205 3111 231 3174 si
254 3132 295 3174 ne
318 3111 353 3175 in
375 3111 432 3175 illa
455 3111 584 3194 quidem
606 3133 654 3196 re,
683 3135 764 3196 quae
793 3136 812 3176 a
834 3117 866 3178 te
890 3115 982 3199 gesta
1005 3117 1054 3175 est

94 3201 172 3282 post
192 3199 361 3264 hominum
379 3200 567 3265 memoriam
585 3200 733 3286 maxima,
754 3202 954 3266 hortatorem
973 3199 1053 3263 desi-

96 3285 230 3366 derasti3
252 3288 333 3352 illud
354 3291 465 3353 tamen
486 3288 627 3353 breviter
650 3289 897 3374 significandum
918 3286 1053 3370 videtur,
1072 3304 1088 3351 ‘a

123 3420 126 3425 ’
166 3442 217 3512 Ep.
238 3448 262 3511 t,
279 3449 301 3497 1.
339 3449 465 3512 optaram
483 3445 559 3512 (Wl.
596 3446 721 3500 ortobam
738 3445 774 3498 Μ.
812 3443 941 3513 optabam
958 3442 1056 3512 uulgo,

95 3518 120 3565 2.
148 3513 248 3578 decim·
266 3514 339 3568 illud
355 3515 430 3586 (W).
466 3516 494 3572 d.
513 3515 597 3574 Illud
615 3517 716 3591 vulgo.
