2370 3878
357 208 615 267 EPISTOLARUM
633 208 667 263 V.
688 215 728 262 14.
750 213 790 263 15.
988 206 1051 270 143

96 354 255 441 rogando,
278 354 305 419 si
328 354 405 438 quid
432 355 544 417 nostra
567 374 665 417 causa
686 353 749 436 vis,
777 355 815 416 ut
836 352 907 416 istis
929 355 962 416 te
985 373 1052 416 mo-

94 444 197 509 lestiis
219 444 307 523 laxes
326 445 359 506 et
382 442 423 505 ad
446 441 629 506 convictum
650 444 799 506 nostrum
820 440 932 504 redeas
956 443 1052 525 utque

94 532 136 596 ad
155 529 420 596 consuetudinem
438 529 489 594 vel
507 533 654 595 nostram
672 549 875 594 communem
893 530 944 592 vel
962 532 1053 594 tuam

95 619 195 685 solius
223 639 261 682 ac
287 618 461 702 propriam.
506 615 609 702 Cupio
636 638 704 682 non
736 616 914 682 obtundere
945 620 993 701 te,
1026 617 1053 681 si

94 729 164 772 non
195 706 352 772 delectare
384 710 497 770 nostro
530 705 650 770 studio:
682 706 776 789 cupio
808 704 981 788 deterrere,
1011 726 1053 769 ne

95 816 285 881 permaneas
313 795 348 858 in
375 795 513 878 incepto.
562 791 659 858 Nunc
686 792 767 857 duae
795 814 847 858 res
873 793 955 858 istae
979 814 1053 858 con·

95 884 214 948 bariae
232 904 283 946 me
303 883 508 966 conturbant,
530 902 569 946 ex
588 881 704 965 quibus
723 881 833 946 autin
851 881 952 945 altera
974 881 1055 946 milri

96 972 202 1056 velim,
226 971 253 1035 si
271 974 373 1056 potes,
396 971 597 1054 obtemperes
616 973 673 1034 aut
695 969 731 1033 in
748 969 850 1034 altera
869 990 937 1036 non
956 969 1054 1035 offen-

97 1061 164 1125 das.
210 1057 303 1123 Vale.

540 1251 612 1318 XV.

230 1364 287 1421 Ser.
311 1365 341 1419 in
364 1364 474 1419 Antiati
496 1382 591 1422 mense
613 1364 694 1420 Iunio
716 1380 741 1419 a.
764 1381 792 1419 u.
815 1380 838 1419 c.
863 1369 922 1421 709.

289 1488 326 1543 Μ.
342 1486 469 1544 CICERO
485 1487 512 1543 S.
526 1488 560 1543 D.
574 1488 605 1544 1..
620 1486 773 1544 LUCCEIO
789 1487 819 1554 Q.
834 1487 865 1542 F.

167 1585 280 1653 Omnis
303 1610 394 1654 amor
410 1591 486 1653 tuus
505 1609 544 1652 ex
566 1588 715 1654 omnibus
733 1588 880 1673 partibus
898 1609 932 1653 se
951 1592 1056 1653 osten·
1077 1602 1090 1649 1

100 1677 149 1741 dit
169 1676 205 1740 in
232 1677 272 1739 iis
294 1677 423 1759 litteris,
451 1697 530 1760 quas
558 1699 577 1741 a
603 1681 636 1742 te
663 1679 809 1761 proxime
837 1677 958 1761 accepi,
989 1698 1057 1741 non

99 1765 154 1829 ille
173 1764 302 1848 quidem
320 1765 400 1829 mihi
417 1764 559 1850 ignotus,
582 1765 638 1829 sed
655 1769 766 1830 tomen
785 1767 897 1850 gratus
916 1768 948 1828 et
967 1767 1057 1847 opta-

99 1857 168 1936 tus3
194 1852 332 1917 dicerem
358 1851 566 1936 ,iucundus“,
593 1852 656 1917 nisi
683 1852 716 1917 id
739 1853 873 1919 verbum
899 1852 935 1915 in
962 1873 1056 1916 omne

100 1945 229 2024 tempus
251 1940 473 2025 perdidissem,
501 1961 604 2023 neque
633 1941 770 2005 obeam
796 1959 896 2003 unam
918 1959 1057 2023 eausam,

103 2049 201 2112 qnam
217 2031 254 2093 tu
272 2029 444 2113 suspicaris
463 2028 544 2092 etin
563 2049 626 2111 qua
639 2048 691 2093 me
704 2026 877 2092 lenissimis
897 2030 931 2091 et
949 2048 1057 2092 aman·

101 2116 234 2181 tissimis
256 2117 362 2182 verbis
385 2120 480 2180 utens
502 2137 537 2180 re
561 2115 703 2201 graviter
720 2136 861 2200 accusas,
884 2114 939 2180 sed
963 2115 1057 2200 quod,

101 2205 188 2269 illius
210 2205 295 2270 tanti
317 2205 458 2270 vulneris
482 2225 564 2289 quae
582 2205 723 2270 remedia
741 2226 810 2270 esse
829 2203 998 2288 debebant,
1020 2226 1058 2268 ea

101 2293 192 2357 nulla
215 2296 300 2358 sunt.
346 2292 429 2369 Quid
456 2291 565 2358 enim?
595 2293 636 2358 ad
664 2294 826 2360 amicosne
849 2292 1093 2378 confugiamla

103 2403 199 2466 quam
222 2381 316 2447 multi
340 2380 437 2446 sunt?
466 2382 638 2447 habuimus
662 2382 748 2446 enim
774 2381 842 2446 fere
865 2401 1059 2464 communes,

103 2492 239 2552 quorum
262 2468 318 2534 alii
345 2469 543 2554 occiderunt,
570 2470 626 2534 alii
652 2471 761 2536 neseio
789 2491 852 2553 quo
879 2473 975 2553 pacto
989 2469 1059 2533 'ob-

103 2558 290 2622 duruerunt
335 2556 455 2622 Tecum
476 2559 590 2630 ,vivere
617 2579 745 2642 possem
768 2556 915 2642 equidem
938 2559 971 2620 et
993 2577 1059 2619 ma·

102 2647 186 2710 xime
217 2647 346 2711 vellem:
382 2649 541 2731 vetustus,
573 2668 677 2732 amor,
708 2643 921 2728 consuetudo,
953 2644 1060 2708 studia

102 2735 209 2818 paria3
232 2734 318 2820 quod
341 2735 492 2819 vinclum,
514 2756 644 2820 quaeso,
666 2734 756 2800 deest
773 2736 904 2799 nostrae
927 2733 1059 2798 coniun-

103 2821 242 2887 ctionis?
278 2822 495 2888 Possumusne
512 2823 613 2909 igitur
631 2844 700 2888 esse
723 2819 811 2887 una?
833 2821 919 2900 †neo
937 2821 1059 2887 meher-

104 2911 173 2974 cule
196 2910 359 2997 intelligo,
388 2911 466 2995 quid
487 2911 655 2995 impediat,
680 2909 734 2976 sed
758 2912 843 2974 certe
866 2909 971 2975 adhuc
993 2930 1061 2974 non

104 2996 234 3082 fuimus,
256 3021 356 3083 quum
378 3019 520 3064 essemus
543 2999 641 3065 vicini
662 2999 698 3063 in
721 2997 921 3082 Tusculano,
942 2998 978 3062 in
999 2996 1061 3061 Pu-

104 3084 249 3168 teolano,
275 3108 352 3152 nam
375 3087 452 3172 quid
475 3086 579 3152 dicam
606 3087 642 3150 in
669 3084 770 3151 urbe‘?
800 3086 835 3150 in
858 3107 935 3170 qua,
963 3105 1062 3168 quum

175 3255 227 3311 Ε.
252 3264 298 3326 14,
313 3265 337 3314 3.
373 3261 514 3317 redeamus
536 3267 616 3331 atque
638 3260 676 3316 od
699 3258 774 3329 (W.).
825 3257 966 3313 redeamus
985 3295 1060 3311 .....

105 3328 142 3383 od
159 3275 225 3383 Md.
262 3328 376 3398 E.15,
391 3336 415 3385 2.
452 3332 654 3387 coniunctionis
673 3328 739 3400 (ld).
776 3327 964 3384 coniunctioni
978 3324 1061 3393 Crat,

104 3399 134 3453 B.
158 3429 194 3438 —
216 3416 287 3455 uuo.
315 3403 390 3467 †oeo
407 3418 441 3457 m.
465 3403 588 3473 iutellipo
612 3402 687 3472 (Ν).
734 3397 813 3455 aaa?
837 3411 1063 3467 pausemitanae

102 3487 137 3594 pp.
163 3470 284 3596 iapsspL.
311 3474 389 3541 1584)
418 3473 468 3527 aut
494 3471 573 3529 uuo?
601 3487 658 3528 aon
679 3487 714 3525 m.
737 3471 757 3525 i.
785 3468 862 3538 (Wb.
908 3465 987 3523 unul
1017 3482 1070 3520 nee

131 3557 176 3596 .s.
254 3583 260 3596 .
