2370 3878
336 184 596 242 EPISTOLARUM
614 186 688 243 XIII.
708 192 821 245 44-48.
986 186 1050 252 451

517 400 634 467 XLVI.

391 503 447 558 Ser.
462 504 567 558 Itomae
581 520 605 558 1.
620 522 646 558 u.
662 522 685 559 o.
701 510 761 559 699.

236 683 239 687 .
356 625 484 682 CICERO
512 627 693 682 APPULEIO
722 626 797 682 SAL.

165 715 201 782 11.
214 715 350 783 Nostius
369 716 477 783 Zoilus
497 722 546 782 est
564 717 695 782 coheres
713 739 813 802 meus,
834 717 927 783 heres
946 722 1053 783 autem
1098 734 1101 739 ’

94 807 229 890 patroni
248 806 310 871 sui:
334 828 371 871 ea
394 829 428 871 re
446 810 617 889 utrumque
637 806 758 890 scripsi,
777 810 815 870 ut
833 810 865 870 et
883 807 962 870 mihi
982 829 1055 871 cnm

95 894 155 958 illo
179 915 309 959 eausam
332 895 490 959 amicitiae
514 894 611 958 scires
639 915 708 958 esse
736 897 768 958 et
790 894 954 959 hominem
981 916 1054 978 pro-

96 983 178 1046 bum
201 982 412 1066 existimares,
436 983 490 1066 qui
512 983 641 1066 patroni
664 982 781 1046 iudicio
806 986 938 1047 ornatus
962 987 1055 1046 esset.

97 1158 209 1223 domo:
232 1159 324 1223 valde
347 1158 428 1222 mihi
446 1161 575 1242 gratum
594 1159 662 1241 erit,
686 1158 713 1222 si
732 1158 862 1241 curario,
885 1162 921 1222 ut
938 1157 1056 1220 intelli-

98 1246 265 1330 gothano
288 1247 599 1312 commendationem
621 1246 683 1310 sibi
706 1247 791 1332 apud
813 1251 846 1312 te
864 1267 982 1331 magno
1002 1246 1056 1310 ad·

97 1336 244 1400 iumento
267 1335 377 1399 fuisse.

512 1458 646 1576 mvn.

445 1613 502 1670 Ser.
523 1631 635 1669 1111.
657 1619 716 1670 703.

403 1737 531 1794 CICERO
561 1737 654 1792 SILIO
680 1737 756 1793 SAL.

171 1826 253 1903 Quid
276 1848 336 1913 ego
364 1829 425 1893 tibi
452 1830 671 1894 commendem
699 1849 785 1911 cum,
812 1848 907 1910 quem
928 1829 966 1890 tu
988 1826 1057 1907 ipse

101 1915 233 2001 diligis?
266 1917 321 1981 sed
344 1920 463 1997 tamen,
485 1921 521 1980 ut
545 1918 641 1982 scires
665 1938 738 1980 eum
761 1937 780 1978 1
802 1936 853 1978 me
876 1935 944 1977 non
968 1913 1059 1996 diligi

102 2005 222 2088 solum,
245 2026 357 2069 verum
380 2007 477 2069 ctiam
501 2007 615 2087 amari,
643 2004 684 2070 ob
713 2025 784 2067 eam
805 2024 874 2066 rem
896 2000 956 2064 tibi
979 2000 1058 2064 haec

102 2091 222 2156 scribo:
250 2095 394 2157 omnium
416 2097 546 2157 tuorum
570 2093 762 2175 officiorum,
789 2110 871 2175 quae
899 2093 931 2153 et
957 2089 1060 2152 multa

102 2182 137 2243 ct
170 2202 290 2265 magna
322 2184 411 2264 sunt,
447 2181 526 2245 mihi
559 2182 776 2266 gratissimum
807 2177 918 2261 fuerit,
954 2178 981 2241 si
1012 2177 1059 2240 ita

101 2269 253 2333 tractaris
275 2267 463 2354 Egnatium,
485 2274 522 2332 ut
545 2270 664 2332 sentiat
686 2273 718 2332 et
741 2290 774 2332 se
798 2290 818 2331 1
839 2288 890 2331 mc
914 2270 946 2330 ct
965 2287 1016 2329 mc
1040 2286 1059 2327 1

101 2360 136 2420 te
169 2358 282 2440 amari3
313 2357 375 2421 hoc
406 2361 438 2421 te
470 2356 676 2421 vehementer
707 2357 804 2420 etiam
836 2358 932 2439 atque
962 2355 1059 2418 etiam

101 2464 194 2529 rogo.
230 2443 291 2509 1111
314 2449 426 2510 nostra
449 2446 571 2509 scilicet
593 2445 786 2509 ecciderunt:
809 2448 938 2508 utamur
960 2443 1060 2527 igitur

102 2533 231 2617 vulgari
257 2535 491 2609 consolatione:
520 2534 628 2617 ‚‚quid,
656 2534 683 2597 si
709 2532 771 2597 hoo
798 2529 952 2596 melius?“
997 2528 1059 2592 Sed

101 2620 184 2685 haec
208 2642 328 2686 coram:
350 2625 387 2685 tu
409 2622 474 2706 fac,
498 2622 583 2705 quod
606 2622 699 2706 facio,
722 2623 759 2685 ut
780 2642 831 2685 me
855 2640 941 2683 ames
964 2621 1059 2702 teque

104 2710 207 2774 amari
229 2732 250 2776 1
271 2731 322 2775 me
346 2710 437 2774 scias,

507 2883 657 2950 XLVIII.

353 2988 409 3043 Ser.
429 3003 501 3042 anno
520 2988 626 3043 incerto
648 2989 724 3058 (post
742 2989 811 3056 704).

124 3112 167 3166 M.
187 3111 314 3167 CICERO
334 3111 362 3167 C.
383 3111 551 3166 SEXTILIO
571 3111 668 3166 RUFO
688 3110 895 3177 QUAESTORI
914 3108 988 3164 SAL.
1007 3108 1039 3163 D.

172 3202 291 3268 Omnes
314 3203 375 3267 tibi
398 3203 586 3268 commendo
611 3199 760 3287 Cyprios,
787 3202 851 3283 sed¹
869 3201 972 3284 magis
999 3198 1059 3262 Ρ1-

104 3291 212 3376 phios,
244 3293 360 3377 quibus
392 3295 429 3355 tu
462 3312 680 3375 quaecumque
712 3288 939 3372 commodaris,
965 3290 1060 3350 crunt

174 3447 226 3518 Ep.
241 3454 283 3503 46.
312 3448 563 3502 sui:ec...esset.
590 3447 666 3500 Eum
745 3424 969 3512 omno:o.(W.).
1005 3442 1058 3496 sci.

102 3516 152 3573 Ea
232 3522 311 3574 esset:
328 3534 388 3573 cum
468 3519 553 3573 domo
588 3517 619 3571 V.
639 3516 734 3590 vulgo.
