2370 3878
363 173 623 232 EPISTOLARUM
641 174 688 229 III.
708 181 732 229 6.
753 180 776 228 l.
1010 172 1050 236 71

94 323 275 409 iniquitatis
298 343 349 386 me
372 320 524 404 seribere,
545 340 587 383 ne
609 318 766 403 facerent,
794 321 968 403 antequam
991 340 1051 404 ego

94 435 165 479 rem
188 431 381 494 causamque
404 406 617 494 cognossem?
662 406 739 472 Non
761 409 922 491 poteram,
949 408 1053 490 eredo,

95 504 173 567 ante
186 500 339 582 hiemem3
361 498 407 563 sio
421 497 507 561 enim
521 496 646 562 scribis:
670 496 856 580 quasivero
875 495 916 560 ad
935 516 1053 581 eogno-

96 588 252 656 scendum
279 607 340 674 ego
368 586 409 651 ad
436 586 522 668 illos,
548 607 616 650 non
642 585 690 648 illi
718 583 759 651 ad
786 605 837 648 me
864 585 973 649 venire
1002 585 1054 649 de-

96 677 237 744 buerint.
272 675 372 761 „Tam
390 671 533 759 longe?“
555 674 670 757 inquis.
708 671 813 749 Quid?
837 694 936 757 quum
954 673 1054 738 dabas
1090 741 1093 746 ,

97 765 138 832 iis
160 767 299 849 litteras,
326 785 384 848 per
407 785 487 847 quas
509 783 636 826 mecum
658 761 791 847 agebas,
813 782 855 825 ne
878 783 933 827 eos
955 762 1054 847 impe·

98 855 214 937 direm,
246 874 309 937 quo
338 852 444 916 minus
473 853 548 915 ante
575 851 714 915 hiemem
741 849 960 935 aedificarent,
987 872 1056 915 non

98 963 155 1008 eos
179 941 220 1009 ad
242 962 293 1005 me
311 943 465 1004 venturos
485 937 705 1003 arbitrabare?
728 938 858 1003 tametsi
874 938 908 1002 id
928 937 1056 1023 quidem

99 1030 248 1094 fecerunt
269 1028 416 1111 ridicule3
443 1048 524 1110 quas
546 1027 632 1091 enim
654 1027 779 1090 litteras
807 1026 998 1111 afferebant,
1019 1031 1057 1092 ut

99 1140 183 1202 opus
207 1120 329 1182 aestate
350 1117 457 1180 faeere
476 1118 618 1199 possent,
641 1135 695 1177 eas
714 1113 794 1178 mihi
816 1117 891 1198 post
908 1115 1057 1180 brumam

100 1205 317 1270 reddiderunt.
368 1202 430 1268 Sed
458 1203 539 1268 scito
567 1206 600 1267 et
625 1202 728 1267 multo
756 1203 864 1286 plures
892 1224 975 1287 esse,
1003 1205 1058 1287 qui

101 1294 141 1357 de
164 1293 293 1357 tributis
316 1295 478 1375 recusent,
506 1312 603 1376 quam
625 1290 680 1374 qui
703 1291 788 1376 exigi
810 1291 925 1376 velint,
952 1295 984 1355 et
1006 1313 1057 1356 me

101 1385 222 1465 tamen,
245 1381 331 1464 quod
353 1382 386 1444 te
409 1381 490 1444 velle
509 1378 696 1463 existimem,
719 1400 788 1444 esse
806 1380 977 1444 facturum.
1008 1379 1057 1444 De

101 1469 261 1553 Appianis
288 1469 453 1533 hactenus.
503 1466 534 1531 A
566 1467 740 1549 Pausania,
772 1466 902 1533 Lentuli
932 1468 1093 1553 liberto,4

102 1578 238 1623 accenso
262 1579 348 1641 meo,
376 1556 497 1640 audivi,
525 1578 624 1640 quum
652 1555 772 1620 diceret
797 1559 830 1621 te
858 1576 966 1621 secum
989 1578 1057 1621 esse

103 1650 261 1730 questum,
284 1644 369 1730 quod
391 1645 453 1709 tibi
467 1645 596 1709 obviam
618 1666 685 1709 non
707 1643 894 1727 prodissem.
930 1643 1059 1709 Scilicet

103 1734 282 1817 contempsi
304 1737 352 1817 te,
374 1754 434 1798 nec
456 1736 564 1817 potest
585 1732 656 1797 fieri
678 1753 730 1796 me
753 1732 928 1817 quidquam
951 1754 1058 1817 super·

103 1822 189 1885 biusl
218 1843 316 1904 quum
343 1843 423 1905 puer
449 1825 525 1885 tuus
553 1820 594 1885 ad
621 1841 672 1885 me
696 1820 836 1884 secunda
858 1820 925 1885 fere
948 1822 1059 1905 vigilia

103 1909 246 1973 venisset
267 1910 358 1991 isque
380 1913 413 1972 te
442 1912 518 1972 ante
544 1909 648 1973 lucem
670 1907 818 1973 Iconium
845 1907 925 1972 mihi
947 1912 1058 1973 ventu·

103 2018 177 2059 rum
195 1996 386 2079 nuntiasset,
408 1997 639 2080 incertumque,
656 1999 730 2061 utra
748 1997 810 2080 via,
832 2018 932 2080 quum
953 2001 1061 2061 essent

105 2083 198 2165 duae,
221 2082 354 2146 altera*
368 2081 558 2166 Varronem,
579 2086 672 2149 tuum
694 2084 993 2171 familiarissimum,
1016 2087 1060 2150 al-

105 2174 176 2233 tera
195 2168 231 2244 Q.
250 2166 394 2254 Leptam,
416 2171 615 2254 praefectum
636 2172 765 2237 fabrum
784 2195 900 2258 meum,
922 2174 982 2238 tibi
1006 2175 1060 2240 ob·

104 2258 192 2321 viam
219 2258 301 2322 misi.
354 2257 508 2323 Mandavi
536 2260 663 2344 utrique
696 2283 820 2346 eorum,
851 2265 889 2326 ut
916 2265 992 2327 ante
1020 2261 1061 2326 ad

105 2367 156 2411 me
179 2346 428 2431 texourrerent,
459 2351 498 2412 ut
523 2348 585 2412 tibi
611 2349 739 2414 obviam
765 2350 894 2433 prodire
920 2371 1060 2436 possem:

105 2455 236 2498 currens
252 2433 355 2518 Lepta
372 2434 462 2500 venit
480 2435 622 2520 mihique
640 2437 804 2502 nuntiavit
820 2441 853 2502 te
873 2438 938 2503 iam
957 2442 1062 2504 eastra

105 2526 380 2607 praetergressum
394 2545 477 2608 esse3
500 2525 672 2589 confestim
685 2524 833 2590 Iconium
846 2527 933 2609 veni3
957 2530 1062 2591 cetera

106 2609 171 2673 iam
193 2610 254 2674 tibi
276 2615 356 2693 nota
379 2615 463 2677 sunt.
504 2611 559 2676 An
582 2633 642 2698 ego
665 2613 725 2677 tibi
749 2613 877 2678 obviam
899 2635 967 2679 non
989 2636 1062 2698 pro·

106 2697 217 2783 diram,
230 2698 371 2782 primum
379 2699 442 2784 Ap.
452 2698 597 2784 Claudio,
611 2699 725 2766 deinde
739 2701 935 2786 imperatori,
949 2700 1063 2767 deinde

107 2807 195 2851 more
219 2787 386 2873 maiorum,
409 2788 533 2872 deinde,
556 2788 642 2873 quod
666 2793 763 2875 caput
781 2793 839 2873 est,
862 2789 987 2855 amico?
1009 2793 1065 2874 qai

105 2873 141 2937 in
163 2874 227 2939 isto
255 2895 373 2960 genere
400 2877 502 2941 multo
531 2878 629 2942 etiam
651 2877 853 2943 ambitiosius
879 2878 985 2945 facere
1013 2901 1063 2945 so·
1147 2934 1152 2941 .

106 2961 199 3045 leam,
222 2984 319 3046 quam
341 2962 447 3029 honos
470 2985 560 3029 meus
583 2968 616 3030 et
639 2964 780 3051 dignitas
803 2969 955 3050 postulat.
1001 2965 1063 3032 Sed
1082 2979 1099 3029 5

106 3047 188 3111 haec
223 3049 393 3115 haetenus:
434 3050 514 3116 illud
550 3052 641 3117 idem·
670 3053 832 3119 Pausania
868 3054 995 3122 dicebat
1030 3058 1063 3118 te

107 3133 237 3200 dixisse:
269 3137 387 3221 „quidl
418 3137 546 3225 Appius
572 3140 726 3226 Lentulo,
757 3141 913 3208 Lentulus
944 3141 1062 3224 Ampio

179 3360 231 3431 Ep.
252 3368 276 3430 7,
290 3368 315 3417 3.
356 3366 431 3434 allos,
456 3383 490 3422 ac
510 3382 568 3423 acc
590 3369 675 3439 (W.)?
725 3376 750 3424 4.
779 3370 895 3425 altera*
914 3368 1063 3424 Varronem

106 3430 183 3500 (W.).
220 3449 246 3487 a.
267 3433 311 3487 M.
336 3433 416 3491 Vcrr.
436 3437 522 3506 (W.)?
557 3456 583 3494 a.
608 3438 689 3495 Varr.
708 3439 755 3509 M,
773 3439 867 3512 vulgo.
887 3469 921 3480 -
938 3442 1063 3507 ructes·

106 3508 247 3558 currerent
265 3502 340 3575 (W.).
377 3522 418 3562 me
435 3522 508 3564 cara
529 3508 595 3580 (W.)
615 3513 665 3565 aut
682 3527 723 3566 me
740 3525 842 3567 resurr.
861 3509 961 3582 tllrnq.
