2370 3878
127 166 192 227 416
408 166 448 217 m.
467 162 590 216 mun
608 161 798 215 CICERONIS

126 308 302 375 commodis
333 311 367 370 et
392 308 542 390 praemiis
574 310 765 372 consecutus
794 309 858 388 cst,
888 327 941 370 me
968 307 1083 372 habuit

126 419 258 462 suorum
281 394 487 460 defensorum
509 400 542 459 et
565 396 740 459 amicorum
758 393 826 458 fere
847 395 1030 478 principem
1052 402 1083 459 et

126 486 191 549 iarn
218 506 238 547 a
263 483 424 565 Phaedro,
457 484 512 566 qui
543 483 651 565 nobis,
682 504 781 566 quum
807 483 899 565 pueri
931 505 1082 567 essemus,

127 578 300 655 antequam
322 571 493 636 Philonem
516 571 740 656 cognovimuS,
766 570 858 634 valde
880 575 918 635 ut
941 571 1081 655 philoso-

126 662 220 744 phus,
242 663 355 744 postea
377 663 489 723 tamen
510 664 549 722 ut
570 659 619 722 vir
641 659 746 723 bonus
769 661 803 722 et
824 659 933 722 suavis
956 663 990 724 et
1013 660 1080 724 offi-

127 750 233 813 ciosus
259 748 471 832 probabatur,
501 746 641 811 traditus
669 747 749 811 mihi
775 747 1080 832 commendatusque

92 841 189 901 cest:
216 837 244 900 is
271 836 371 921 igitur
392 835 491 900 Patro
519 856 618 918 quum
645 834 686 898 ad
713 855 764 898 ms
791 834 929 900 Romam
957 836 1079 901 litteras

127 926 275 1007 misisset,
296 926 345 989 uti
367 928 400 988 te
423 924 485 988 sibi
502 924 665 1008 placarem
681 927 895 1007 peteremque,
917 928 955 988 ut
973 925 1078 990 nescio

127 1014 204 1096 quid
236 1013 315 1077 illud
347 1011 481 1096 Epicuri
516 1012 748 1094 parietinarum
783 1011 845 1074 sibi
881 1012 1078 1095 concederes,

126 1102 208 1166 nihil
232 1102 345 1185 scripsi
367 1101 409 1164 ad
430 1104 463 1163 te
487 1100 528 1164 ob
552 1121 623 1163 eam
644 1121 721 1181 rem,
744 1099 829 1183 quod
849 1099 1077 1166 aedificationis

127 1195 202 1255 tuac
225 1191 394 1255 consilium
417 1187 695 1253 commendatione
717 1209 790 1251 mea
808 1188 961 1252 nolebam
983 1190 1077 1273 impe

128 1279 201 1359 diri3
222 1278 316 1360 idem,
339 1282 376 1341 ut-
397 1277 471 1340 veni
489 1275 646 1359 Athenas,
668 1297 776 1359 quum,
792 1273 877 1341 idem
895 1277 937 1340 ad
956 1281 989 1342 te
1008 1279 1078 1342 scri·

127 1366 250 1448 berem,
271 1369 432 1448 rogasset,
459 1364 500 1429 ob
529 1386 600 1429 earn
623 1385 753 1428 causam
774 1365 973 1448 impetravit,
996 1365 1077 1450 quod

126 1458 159 1517 te
179 1453 331 1516 abiecisse
350 1453 439 1516 illam
457 1452 711 1517 aedificationem
729 1453 899 1518 constabat
915 1454 1002 1518 inter
1016 1477 1077 1519 om·

92 1554 186 1605 4nes
214 1540 333 1605 amicos
360 1545 443 1604 tuos.
491 1539 584 1615 Quod
612 1541 640 1604 si
666 1542 713 1605 ita
740 1546 789 1606 est
816 1545 850 1606 et
875 1542 904 1604 si
932 1543 998 1606 iam
1025 1546 1078 1605 tua

128 1630 224 1713 plane
255 1629 337 1692 nihil
368 1629 517 1710 interest,·
550 1629 659 1710 velim,
695 1630 722 1693 si
753 1652 817 1713 qua
849 1629 1077 1695 offensiuncula

127 1718 216 1782 facta
238 1720 287 1780 est
309 1717 408 1780 animi
430 1717 479 1780 tui
502 1718 711 1800 perversitate
734 1718 916 1801 aliquorum
939 1755 981 1765 -
1006 1719 1076 1784 nori

129 1807 214 1871 enim
246 1809 375 1891 gentem
407 1805 496 1868 illam
519 1842 575 1887 —,
609 1804 665 1870 des
696 1810 728 1869 te
760 1807 802 1870 ad
831 1807 1000 1871 lenitatem
1031 1807 1077 1871 vel

128 1899 260 1979 propter
282 1915 440 1959 summam
463 1898 548 1958 ιιιιιιιι
571 1893 807 1958 humanitatem
828 1895 880 1958 vel
903 1896 1003 1959 etiam
1024 1895 1076 1960 ho·

127 1985 216 2048 noris
239 1984 303 2047 mei
326 2004 431 2047 causa.
476 1981 649 2066 Equidem,
675 1983 717 2064 si,
743 1982 819 2065 quid
841 1982 911 2066 ipse
935 1983 1077 2065 sentiam,

129 2073 269 2154 quaeris,
295 2093 355 2135 nec
387 2092 443 2134 cur
469 2071 523 2134 ille
544 2073 637 2134 tanto
668 2092 763 2153 opere
785 2071 963 2136 contendat
989 2072 1076 2136 video

128 2180 188 2222 nec
211 2179 267 2222 cur
287 2164 325 2222 tu
347 2180 520 2244 repugnes,
548 2159 612 2222 nisi
634 2162 744 2223 tamen
766 2160 868 2223 multo
891 2160 999 2224 minus
1021 2160 1077 2224 tibi

128 2246 260 2310 concedi
279 2250 388 2329 potest
406 2269 502 2330 quam
520 2247 568 2310 illi
585 2246 731 2312 laborare
750 2248 818 2311 sine
837 2269 948 2331 causa;
971 2270 1076 2333 quam·

129 2356 226 2417 quam
247 2333 397 2398 Patronis
420 2338 454 2398 et
476 2335 654 2399 orationem
677 2339 710 2399 et
731 2356 862 2400 causam
887 2336 948 2400 tibi
971 2337 1077 2422 cogni-

128 2425 195 2486 tam
219 2442 288 2486 esse
311 2426 397 2486 certo
425 2422 503 2487 scio:
530 2423 699 2506 honorem,
727 2423 881 2508 officium,
907 2429 1077 2490 testamen·

127 2515 236 2575 torum
262 2511 326 2592 ius,
352 2509 485 2593 Epicuri
512 2512 749 2595 auctoritatem,
774 2511 914 2576 Phaedri
941 2514 1077 2578 obtesta-

128 2600 266 2682 tionem,
302 2597 425 2681 sedem,
461 2597 670 2680 domicilium,
710 2600 847 2685 vestigia
882 2622 1078 2667 summorum

127 2688 294 2751 hominum
326 2686 388 2750 sibi
419 2685 539 2750 tuenda
570 2707 639 2751 esse
666 2688 752 2752 dicit.
796 2688 913 2753 Totam
938 2689 1079 2755 hominis

128 2776 213 2837 viam
241 2775 476 2858 rationemque,
507 2795 603 2856 quam
635 2777 778 2859 sequitur
804 2777 840 2841 in
866 2776 1080 2862 philosophia,
1104 2845 1107 2851 ,

129 2862 328 2926 derideamus
350 2862 439 2944 licet,
467 2862 494 2926 si
522 2863 606 2927 hanc
634 2864 701 2927 eius
724 2865 965 2930 contentionem
991 2868 1079 2932 volu·

128 2971 199 3013 mus
231 2949 476 3033 reprehendere;
512 2950 567 3014 sed
602 2952 812 3034 mehercules,
847 2954 1003 3037 quoniam
1034 2956 1081 3020 illi

128 3038 318 3121 ceterisque,
344 3059 424 3120 quos
455 3039 512 3102 illa
539 3039 713 3123 delectant,
743 3063 811 3105 non
839 3042 932 3106 valde
959 3043 1080 3108 inimici

128 3149 251 3209 sumus,
281 3127 389 3191 nescio
418 3147 460 3190 au
486 3128 718 3211 ignoscendum
745 3130 789 3194 sit
813 3128 901 3214 huic,
932 3131 961 3194 si
987 3135 1081 3196 tanto

197 3353 248 3422 Ep.
270 3360 294 3421 1,
308 3359 333 3407 3.
371 3352 458 3408 Patro
476 3368 559 3421 quum
581 3354 656 3422 (ιιι).
699 3354 746 3422 P.,
765 3371 826 3410 cum
842 3356 873 3410 P.
899 3358 1003 3425 (errore
1020 3361 1081 3428 typ.

114 3423 427 3569 ,qh'trllrilgpropagatot
478 3429 502 3478 4.
529 3424 603 3478 viam
625 3426 809 3495 rationemque
835 3427 910 3496 (W).
953 3431 1041 3484 uitam
1057 3446 1082 3483 r.
