2370 3878
127 142 193 207 486
234 128 237 133 '
415 141 453 196 u.
473 138 597 195 ueuuu
614 107 804 196 eieramus

129 292 161 352 et
193 285 351 351 amicitiae
382 285 432 349 ius
465 285 669 368 officiumque
697 289 888 369 praestaret:
922 286 1002 351 huie
1031 288 1089 353 uti·

128 398 204 440 nam
219 372 390 457 aliquando
406 373 544 458 gratiam
561 373 679 438 referre
697 373 871 458 possimus!
894 373 1087 440 habebimus

94 463 257 546 equidem
280 483 414 545 semper.
449 460 622 526 Brundisio
645 461 783 546 profecti
805 484 916 528 sumus
941 485 969 526 a
994 463 1026 527 d.
1049 463 1087 527 Π.

129 551 168 615 Κ.
191 548 279 613 Mai:
307 571 364 632 per
386 549 610 616 Macedoniam
637 548 788 634 Cyzicum
815 551 1019 634 petebamus.
1064 555 1085 616 0

128 660 179 703 me
203 637 375 721 perditum!
399 660 418 703 o
442 637 610 703 afflictum!
648 636 732 714 Quid
755 639 863 704 enim?
899 638 1031 726 Regem
1048 643 1086 722 te,
1120 643 1124 650 ’

128 730 166 791 ut
188 725 320 790 venias?
356 725 524 791 Mulierem
547 748 686 812 aegram,
709 732 741 792 et
764 749 896 812 corpore
920 731 955 792 et
977 729 1085 793 animo

129 813 319 879 confectam.
354 813 431 880 Non
453 815 586 900 rogem?
624 813 699 881 Sine
717 820 750 881 te
772 817 872 902 igitur
890 816 975 880 sim?
1014 816 1085 901 Opi·
1133 866 1135 873 .

128 925 198 986 nor,
221 903 266 967 sie
290 924 397 988 agam:
421 903 449 967 si
472 906 522 967 est
544 925 616 988 spes
639 905 744 970 nostri
761 904 893 986 reditus,
916 926 990 968 eam
1014 927 1085 970 eon·

128 992 235 1055 firmes
259 995 292 1056 et
313 1013 381 1056 rem
404 991 548 1075 adiuues3
580 993 643 1075 sin,
674 997 712 1057 ut
738 1015 798 1079 ego
826 997 950 1074 metue,
981 997 1085 1058 trans·

130 1084 237 1144 aetum
260 1084 322 1163 est,
350 1101 478 1165 quoquo
505 1080 601 1146 mode
628 1084 721 1165 potes
748 1081 789 1146 ad
811 1103 862 1146 me
889 1081 943 1146 fae
965 1083 1085 1146 venias.

128 1168 239 1234 Unum
261 1169 324 1233 hoe
347 1169 443 1234 scito:
469 1169 497 1234 si
523 1173 555 1234 te
582 1169 816 1259 habebo,'n0u
842 1169 923 1234 mihi
953 1170 1086 1236 videbor

129 1260 225 1342 plane
249 1258 378 1341 perisse.
397 1253 404 1265 ⁸
424 1255 486 1322 Sed
509 1258 585 1341 quid
609 1258 748 1324 Tulliola
769 1280 841 1323 mea
864 1257 941 1323 fiet?
964 1258 1033 1324 iam
1055 1259 1085 1323 id

129 1369 187 1412 ros
211 1346 328 1410 uidete:
356 1345 436 1410 mihi
459 1345 548 1410 deest
571 1347 749 1412 eonsilium.
796 1344 857 1412 Sed
881 1351 980 1431 certe,
1010 1370 1085 1431 quo-

130 1456 193 1518 quo
217 1435 313 1499 modo
337 1455 370 1499 se
393 1456 444 1499 res
466 1434 612 1519 habebit,
639 1435 726 1501 illius
749 1435 891 1500 misellae
920 1439 953 1499 et
975 1437 1086 1501 matri·

130 1523 240 1587 monio
259 1526 292 1585 et
309 1522 414 1586 famae
430 1522 632 1588 serviendum
646 1528 703 1588 est.
740 1522 844 1600 Quid?
868 1521 980 1591 Cicero
995 1546 1085 1590 meus

131 1610 207 1693 quid
235 1609 331 1694 aget?
362 1610 423 1674 iste
450 1632 526 1676 vero
555 1612 597 1675 sit
623 1612 659 1676 iu
686 1612 758 1677 sinu
787 1633 912 1696 semper
939 1616 973 1677 et
1000 1634 1085 1678 eom·

129 1699 225 1782 plexu
248 1720 329 1764 meo.
369 1697 446 1764 Non
468 1719 550 1783 queo
573 1700 667 1783 plura
688 1701 753 1765 iam
776 1700 926 1766 seribere:
950 1702 1086 1786 impedit

130 1808 264 1852 maeror.
318 1787 368 1852 Tu
399 1787 476 1871 quid
508 1788 624 1874 egeris,
660 1790 782 1854 neseio:
817 1792 926 1854 utrum
964 1790 1085 1874 aliquid

94 1881 241 1942 eteneas
265 1898 321 1960 an,
345 1877 430 1959 quod
457 1881 578 1961 metuo,
605 1877 701 1960 plane
729 1878 772 1942 sis
800 1878 946 1962 spoliata.
996 1877 1084 1943 Piso·

91 2022 103 2043 ,
131 1987 219 2047 nem,
246 1968 283 2030 ut
310 1965 436 2049 scribis,
463 1987 556 2048 spero
584 1965 653 2030 fore
682 1987 808 2050 semper
832 1969 990 2031 nostrum.
1037 1966 1085 2031 De

130 2054 253 2118 familia
275 2053 442 2118 liberanda
459 2052 541 2118 nihil
559 2057 609 2118 est
627 2053 712 2137 quod
730 2058 762 2118 te
781 2058 921 2119 moueat:
943 2054 1086 2138 primum

130 2143 195 2205 tuis
217 2142 265 2206 ita
286 2143 480 2225 promissum
502 2146 564 2220 est,
590 2145 623 2206 te
645 2141 804 2207 facturam
830 2164 913 2226 esse,
939 2146 977 2206 ut
1000 2144 1085 2226 quis-

131 2250 192 2313 que
216 2233 300 2293 esset
322 2230 468 2314 meritus3
497 2233 546 2295 est
572 2234 680 2295 autem
707 2231 741 2295 in
764 2229 870 2296 officio
899 2230 1004 2294 adhue
1029 2230 1085 2295 Or·

131 2317 246 2402 phane,
279 2322 446 2400 praeterea
477 2339 596 2404 magno
633 2340 728 2402 opere
760 2340 869 2402 nem03
905 2321 1086 2383 ceterorum

74 2488 77 2495 Ι
132 2427 296 2470 servorum
324 2427 362 2470 ea
389 2428 485 2472 eausa
508 2411 569 2490 est,
592 2410 641 2491 ut,
665 2407 692 2471 si
717 2428 812 2471 resa
838 2404 932 2472 nbbis
956 2407 1086 2488 abisset,

71 2502 74 2507 ’
130 2493 239 2559 liberti
261 2494 365 2560 nostri
387 2499 507 2576 essent,
530 2496 558 2558 si
581 2495 725 2560 obtinere
747 2495 942 2578 potuissent,
971 2496 1023 2560 sin
1046 2495 1086 2559 ad

131 2605 191 2646 nos
214 2582 398 2666 pertineret,
421 2582 577 2646 servirent
594 2587 819 2667 praeterquam
840 2582 958 2667 oppido
983 2583 1086 2667 pauei.

97 2669 195 2734 eSed
218 2671 297 2735 haee
324 2671 450 2736 minora
478 2674 561 2735 sunt.
608 2670 658 2735 Tu
685 2671 770 2755 quod
792 2693 843 2736 me
866 2671 1021 2754 hortaris,
1051 2674 1088 2734 ut

132 2759 240 2823 animo
269 2759 330 2822 sim
356 2779 476 2843 magno
508 2762 541 2823 et
568 2779 658 2842 spem
684 2758 1087 2843 habeam‘reeuperandae

132 2846 255 2930 salutis,
277 2845 310 2908 id
333 2847 429 2910 uelim
452 2847 494 2911 sit
517 2846 682 2930 eiusmodi,
704 2851 741 2912 ut
762 2851 847 2912 reete
866 2867 995 2931 sperare
1013 2868 1087 2931 pos-

203 3053 254 3124 Ep.
274 3060 300 3121 4,
314 3059 339 3108 3.
367 3054 699 3123 a.a.11.K.(Ruess.).
736 3072 761 3109 a.
780 3057 806 3110 d.
832 3055 863 3110 V.
882 3055 919 3109 K.
938 3055 976 3109 M.
1010 3056 1087 3124 prid.

132 3126 169 3180 K.
189 3124 244 3192 Or„
263 3124 294 3178 B.
317 3153 353 3164 —
377 3125 451 3194 Quid
469 3124 560 3180 euim?
601 3125 702 3195 Regem
781 3125 895 3180 verrius?
940 3125 1088 3181 Mulierem

133 3237 174 3252 ...
190 3196 345 3262 consertam.
372 3195 440 3250 Noa
452 3195 497 3250 a?
526 3195 592 3251 Siue
606 3236 629 3249 ..
644 3194 716 3250 sim?
741 3195 846 3264 Opiaor
860 3196 935 3265 (W.).
972 3214 998 3265 q.
1012 3213 1089 3252 uuae

132 3285 155 3322 r.
176 3308 199 3320 ..
218 3284 256 3333 u,
275 3283 309 3320 m.
329 3307 353 3320 ..
373 3265 465 3332 aaut?
493 3282 550 3320 aaa
571 3265 616 3320 a?
644 3268 703 3321 siue
722 3306 745 3320 ..
764 3266 836 3322 sim?
864 3282 906 3335 op.
930 3266 981 3333 M„
1002 3267 1033 3320 B.
1054 3297 1088 3306 -

132 3355 188 3391 rem
210 3338 326 3391 adiuves·
346 3336 406 3404 (Μ,
425 3336 530 3406 vulgo).
566 3335 669 3392 Romae
691 3337 802 3391 adiuves
829 3336 948 3405 (Rachle
991 3338 1037 3391 Au
1060 3354 1090 3392 re

133 3410 188 3461 udi.
213 3408 263 3474 (L.‚
282 3408 343 3475 El?
393 3413 418 3461 4.
447 3407 590 3461 liberanda
609 3407 686 3476 (Or).
737 3408 852 3462 liberata
874 3407 920 3474 M„
939 3407 1034 3478 vulgo.
1055 3439 1089 3448 —

132 3493 223 3541 aerim,-
242 3482 287 3532 cet.
307 3477 382 3548 (W.).
419 3493 447 3532 a.
476 3476 505 3531 0.
524 3476 618 3548 vulgo.
