2370 3878
153 156 217 220 328
300 181 302 187 ·
435 155 472 209 Μ.
492 155 615 209 TULLII
635 155 825 211 CICERONIS

154 301 323 366 obliviscar
345 301 485 362 maxima
508 320 545 362 ae
567 300 706 383 plurima
729 322 779 364 me
807 302 866 364 tibi
890 302 1014 366 debere.
1059 303 1108 368 De

152 390 203 455 his
235 389 330 452 rebus
362 391 399 451 ut
431 388 572 472 exigeret
603 409 676 453 cum
708 411 759 472 eo,
790 388 911 455 Furnio
944 391 1108 455 mandavi:

153 475 238 560 quod
262 477 297 560 si,
321 480 476 560 quantam
499 476 608 559 debeo,
630 476 773 541 habuero
798 478 882 560 apud
904 500 976 543 eum
1000 484 1108 544 aucto-

116 566 294 648 critatem,
316 564 491 648 plurimum
516 565 623 648 ipsum
645 565 764 629 iuvere.
809 565 878 630 Nos
901 568 1024 631 interea
1052 569 1107 632 du·

152 654 235 718 riore
254 651 441 718 condicIone
459 653 579 717 bellum
599 654 802 736 sustinemus,
825 656 910 737 quod
929 678 1033 739 neque
1057 679 1107 720 er-

152 741 385 825 peditissimam
414 741 652 805 dimicationem
682 745 834 826 putamus
862 765 966 827 neque
998 748 1108 808 tamen

152 830 340 914 refugiendo
369 829 569 895 commissuri
592 852 716 914 sumus,
743 835 780 894 ut
807 832 909 896 maius
938 832 1108 896 detrimen-

152 922 221 982 tum
245 918 447 1002 respublica
470 918 612 1002 accipere
635 919 747 1002 possit.
785 917 877 994 Quod
901 921 928 983 si
951 925 1008 984 aut
1031 919 1107 984 Cae-

52 1017 58 1026 ’
153 1028 206 1070 sar
238 1028 271 1070 se
299 1007 474 1090 respexerit
505 1009 562 1071 eut
588 1005 761 1070 Africanae
789 1008 932 1091 legiones
965 1009 1110 1072 celeriter

152 1096 308 1179 venerint,
332 1117 460 1160 securos
483 1117 541 1163 vos
565 1095 605 1158 ab
628 1095 689 1160 hac
712 1099 803 1179 parte
827 1096 1004 1160 reddemus.
1050 1097 1109 1180 Tu,

151 1188 188 1248 ut
210 1183 388 1267 instituisti,
411 1206 461 1248 me
485 1184 600 1267 diligas
620 1204 700 1268 rogo
719 1185 909 1268 proprieque
928 1189 1020 1248 tuum
1039 1207 1108 1249 esse

151 1272 212 1336 tibi
234 1272 436 1356 persuadeas.
482 1295 510 1336 v.
533 1270 604 1334 Kal.
628 1269 713 1335 Sext.
737 1293 775 1336 ex
798 1273 919 1336 castris.

575 1463 679 1528 XXV.

245 1573 302 1631 Sor.
322 1577 428 1635 Romae
446 1593 540 1631 mense
558 1577 633 1631 Maio
653 1578 729 1642 (ante
749 1577 799 1645 Id.)
819 1594 843 1630 a
863 1597 890 1630 u.
910 1597 932 1631 e.
954 1585 1011 1631 711.

431 1699 559 1755 CICERO
580 1700 606 1754 S.
626 1701 658 1754 D.
678 1699 824 1755 FURNIO.

115 1814 132 1864 1
220 1799 254 1865 Si
285 1800 433 1886 interest,
463 1800 496 1864 id
517 1800 615 1884 „quod
644 1801 790 1865 homines
819 1801 1029 1883 arbitrantur,
1061 1805 1108 1865 rei

151 1890 298 1972 publicae
321 1894 363 1973 te,
385 1893 422 1954 ut
443 1888 613 1953 instituisti
636 1893 732 1973 atque
755 1889 869 1972 fecisti,
891 1911 1010 1953 navare
1034 1912 1106 1972 ope·

151 1999 221 2041 ram
243 1979 401 2065 rebusque
424 1978 581 2062 maximis,
604 2000 685 2061 quae
704 1977 744 2041 ad
764 1977 1013 2062 exstinguendas
1036 1980 1107 2043 reli-

152 2067 243 2148 quias
274 2066 351 2130 belli
382 2067 559 2150 pertinent,
590 2066 759 2149 interesse,
790 2066 871 2128 nihil
899 2065 1015 2129 videris
1043 2089 1106 2130 me-

151 2155 213 2217 lius
236 2175 339 2237 neque
357 2155 551 2218 laudabilius
574 2175 676 2236 neque
695 2153 863 2218 honestius
885 2153 991 2218 facere
1012 2177 1107 2238 posse

151 2242 310 2325 istamque
334 2264 465 2327 operam
486 2246 586 2325 tuam,
607 2242 793 2326 navitatem,
816 2243 959 2307 animum
981 2243 1016 2304 in
1039 2265 1106 2306 rem

151 2331 313 2414 publicam
341 2331 497 2395 celeritati
524 2334 693 2415 praeturae
726 2330 952 2416 anteponenda
979 2351 1107 2412 cense03

151 2419 228 2483 nolo
248 2419 333 2483 enim
356 2422 389 2482 te
411 2420 570 2504 ignorare,
593 2423 748 2502 quantum
765 2421 893 2484 laudem
917 2423 1106 2484 consecutus

152 2508 209 2592 sis,
244 2508 324 2571 mihi
356 2507 461 2592 crede,
497 2508 676 2591 proximam
706 2507 843 2591 Planco,
878 2507 973 2591 idque
1005 2507 1106 2591 ipsius

150 2594 263 2660 Planci
283 2596 478 2680 testimonio,
500 2599 666 2680 praeterea
688 2596 776 2660 fama
794 2596 1017 2678 sententiaque
1042 2618 1107 2658 om-

116 2697 133 2747 2
152 2685 250 2749 nium.
296 2684 512 2760 Quamobrem
538 2685 566 2749 si
589 2685 666 2771 quid
689 2684 794 2769 operis
816 2683 877 2747 tibi
900 2683 997 2746 etiam
1020 2704 1107 2745 nune

151 2776 261 2856 restat,
278 2773 312 2836 id
330 2774 469 2838 maximo
489 2794 584 2857 opere
603 2794 718 2839 censeo
736 2771 1007 2858 persequendum3
1031 2770 1107 2853 quid

152 2862 238 2926 enim
266 2861 433 2925 honestius
447 2862 451 2869 ’
466 2864 523 2927 aut
550 2862 626 2946 quid
656 2861 794 2926 honesto
823 2859 1108 2943 anteponendum?

153 2949 203 3014 sin
227 2953 334 3014 autem
358 2950 559 3015 satisfactum
586 2951 632 3015 rei
658 2948 805 3034 publicae
831 2951 941 3032 putas,
964 2948 1109 3011 celeriter

76 3054 78 3059 ’
152 3038 193 3102 ad
222 3038 365 3123 comitia,
394 3040 547 3123 quoniam
574 3040 698 3102 mature
725 3037 836 3100 futura
863 3039 951 3119 sunt,
978 3037 1107 3100 venien·

152 3127 229 3190 dum
261 3148 389 3213 censeo,
421 3128 497 3192 dum
529 3127 625 3191 modo
654 3147 695 3190 ne
724 3124 800 3211 quid
827 3125 907 3189 haec
937 3125 1109 3188 ambitiosa

223 3354 274 3424 Ep.
295 3360 337 3420 25,
353 3361 376 3408 1.
414 3353 603 3421 anteponenda
621 3352 681 3421 (B.).
728 3353 944 3422 anteponendum
968 3351 1039 3421 (edd.
1060 3350 1109 3404 eli-

144 3426 250 3489 quat?
293 3425 513 3494 areteponeudam
540 3422 592 3492 M,
611 3423 705 3495 vulgo.
734 3454 767 3463 -
795 3424 979 3493 sententiaque
1005 3423 1109 3491 (Mau).

126 3493 226 3545 «temet,
248 3495 296 3564 M,
320 3495 416 3568 vulgo,
787 3525 804 3539 ,
