2370 3878
161 183 225 246 366
441 183 478 237 M.
499 182 622 238 TULLII
640 182 831 239 CICERONIS

159 328 330 411 haberent,
354 328 546 392 sententiam
573 327 651 391 ferri
674 331 833 411 oportere,
856 328 953 392 iidem
976 329 1040 413 illi,
1065 331 1122 413 qui

161 418 275 498 solent,
297 415 525 480 reclamarunt:
552 414 660 498 itaque
688 417 811 498 excepti
839 416 936 480 etiam
964 418 1043 480 estis
1067 440 1122 481 me

160 504 366 573 vehementer
388 507 599 588 repugnante.
644 501 800 578 Quocirca
823 501 989 588 Segulium
1014 504 1120 590 negli-

161 612 288 677 gamus,
320 592 375 675 qui
406 613 458 656 res
489 612 592 656 novas
619 591 756 674 quaerit,
788 612 856 655 non
883 613 946 675 quo
974 596 1120 656 veterem

161 678 334 744 comederit
361 716 403 726 -
431 679 554 744 nullam
587 679 673 742 enim
703 678 818 743 habuit
849 717 906 763 —-,
943 680 998 743 sed
1032 681 1119 745 hanc

125 781 141 830 3
160 769 263 851 ipsam
277 772 437 832 recentem
455 789 573 832 novam
592 766 765 832 devoravit.
802 766 894 843 Quod
914 770 1022 832 autem
1041 770 1118 833 scri-

160 856 210 919 bis
233 860 274 938 te,
298 855 383 938 quod
405 878 465 940 pro
488 858 520 920 te
543 856 613 938 ipso
636 874 705 919 non
724 856 833 939 facias,
856 857 889 919 id
911 878 970 939 pro
992 877 1046 920 me
1066 857 1119 936 fo·

160 964 231 1022 cere,
254 947 291 1008 ut
313 944 352 1008 de
374 966 426 1008 me
448 945 562 1008 timeas
586 942 720 1027 aliquid,
743 945 831 1008 omni
853 947 900 1027 te,
922 945 972 1008 vir
994 945 1119 1027 optime

160 1032 301 1116 mihique
329 1033 492 1097 carissime
519 1030 633 1115 Brute,
660 1031 699 1095 de
721 1052 772 1096 me
799 1034 888 1096 metu
915 1032 1031 1114 liber03
1054 1053 1118 1117 ego

161 1121 259 1206 enim,
291 1142 373 1204 quae
404 1119 565 1204 provideri
591 1123 758 1203 poterunt,
789 1141 857 1184 non
883 1120 978 1184 fallar
1003 1120 1040 1183 in
1066 1121 1118 1203 iis,

161 1231 242 1292 quae
265 1210 447 1273 cautionem
464 1230 533 1273 non
549 1208 725 1290 habebunt,
748 1207 787 1271 de
805 1208 844 1271 iis
863 1229 931 1272 non
952 1207 1000 1271 ita
1022 1207 1117 1273 valde

160 1297 286 1379 laboro,
308 1297 368 1360 sim
387 1297 473 1359 enim
490 1295 668 1379 impudens,
691 1296 718 1359 si
736 1297 809 1379 plus
827 1298 996 1378 postulem,
1016 1317 1116 1379 quam

15 1446 19 1453 .
125 1386 284 1449 4homini
314 1405 462 1448 ararum
489 1387 606 1447 natura
627 1383 726 1447 tribui
753 1388 870 1467 potest.
916 1383 1008 1458 Quod
1035 1384 1117 1447 mihi

160 1473 328 1557 praecipis,
349 1476 387 1536 ut
409 1493 547 1554 caveam,
570 1493 611 1535 ne
633 1470 776 1536 timendo
800 1473 903 1556 magis
926 1472 1039 1535 timere
1064 1493 1115 1536 co·

162 1581 229 1645 gar,
251 1564 284 1625 et
306 1561 468 1643 sapienter
489 1564 523 1623 et
541 1559 731 1624 amicissime
749 1561 921 1644 praeeipis3
944 1560 1000 1623 sed
1018 1560 1115 1623 velim

160 1649 221 1712 tibi
243 1648 448 1733 persuadeas,
476 1669 574 1731 quum
596 1651 629 1710 te
653 1651 779 1712 constet
800 1650 953 1712 excellere
975 1648 1039 1712 hoc
1062 1668 1115 1732 ge·

161 1758 237 1801 nere
269 1737 410 1820 virtutiS,
437 1740 474 1801 ut
501 1757 678 1818 numquam
705 1737 906 1819 extimescas,
937 1757 1116 1818 numquam

161 1826 356 1910 perturbere,
377 1846 428 1889 me
450 1825 526 1890 huic
548 1827 623 1888 tuae
645 1824 757 1889 virtuti
784 1824 928 1907 proxime
952 1824 1116 1906 accedere,

162 1916 371 1997 quamobrem
393 1935 452 1978 nec
479 1918 621 1977 metuam
645 1913 818 1996 quidquam
846 1917 878 1976 et
905 1912 1024 1976 cavebo
1049 1934 1116 1976 om-

161 2003 224 2066 nia.
265 2004 325 2067 Sed
348 2003 432 2086 vide,
451 2024 492 2066 ne
515 2006 572 2065 tua
594 2001 667 2085 iam,
690 2001 734 2065 mi
756 1999 865 2084 Brute,
888 2001 982 2083 culpa
1004 2000 1116 2064 futura

162 2091 213 2172 sit,
236 2092 263 2154 si
285 2111 345 2176 ego
370 2090 544 2174 quidquam
570 2089 716 2170 timeam3
742 2089 807 2153 tuis
831 2088 917 2152 enim
944 2088 1060 2171 opibus
1083 2093 1117 2151 et

163 2179 331 2242 consulatu
344 2182 410 2260 tuo,
428 2177 555 2241 etiamsi
572 2176 677 2240 timidi
695 2198 845 2259 essemus,
862 2179 972 2240 tamen
986 2197 1116 2240 omnem

161 2266 310 2329 timorem
333 2265 555 2348 abiiceremus,
585 2265 774 2347 praesertim
801 2287 899 2348 quum
926 2285 1117 2347 persuasum

163 2353 312 2417 omnibus
336 2356 420 2417 esset
442 2353 583 2435 mihique
606 2353 745 2416 maxime
773 2375 792 2416 a
814 2358 847 2416 te
869 2373 930 2417 nos
953 2353 1047 2416 unice
1070 2352 1116 2416 di·

128 2456 143 2505 ὅ
162 2442 228 2525 ligi.
271 2437 422 2506 Consiliis
443 2441 518 2525 tuis,
541 2461 622 2524 quae
645 2441 757 2505 scribis
780 2441 819 2504 de
842 2444 995 2523 quattuor
1017 2441 1116 2525 legio-

162 2530 258 2593 nibus
281 2529 382 2613 deque
406 2529 492 2613 agris
515 2529 718 2611 assignandis
742 2529 782 2592 ab
805 2533 941 2611 utroque
964 2532 1117 2612 vestrum,

162 2618 369 2682 vehementer
391 2616 561 2681 assentior:
584 2616 701 2699 itaque,
724 2638 823 2700 quum
845 2616 975 2700 quidam
994 2616 1034 2680 de
1052 2617 1117 2680 col-

162 2707 243 2790 legis
257 2705 377 2770 nostris
396 2704 557 2789 agrariam
575 2704 773 2768 curationem
786 2704 982 2789 ligurrirent,
1000 2704 1116 2769 distur-

162 2794 237 2858 bavi
268 2815 336 2857 rem
366 2797 533 2876 totamque
559 2792 651 2856 vobis
678 2793 839 2878 integram
868 2793 1036 2857 reservavi.
1083 2790 1118 2856 Si

164 2881 240 2965 quid
263 2881 324 2944 erit
347 2881 503 2945 occultius
521 2884 562 2964 et,
584 2885 621 2945 ut
640 2881 762 2964 scribis,
784 2881 888 2965 magis
906 2880 1117 2962 reconditum,

163 2990 307 3033 meomm
331 2969 469 3052 aliquem
491 2969 627 3053 mittam,
650 2991 714 3053 quo
735 2968 861 3034 fidelius
880 2968 921 3032 ad
938 2970 971 3034 te
989 2970 1117 3032 litterae

163 3057 383 3142 perferantur„
419 3056 471 3121 Pr.
492 3056 578 3122 Non.
600 3057 671 3123 Iun.

233 3284 283 3354 Ep.
307 3289 354 3352 21,
378 3289 403 3339 3.
449 3285 587 3339 carissime
617 3282 706 3338 Brute
741 3282 802 3350 (M,
829 3284 934 3355 vulgo).
988 3298 1010 3337 c.
1040 3282 1118 3353 [Ba]

162 3355 273 3424 Kleyn.,
292 3355 323 3408 B.
370 3360 394 3409 5.
416 3355 457 3418 ¹ab
475 3360 589 3424 atroque
607 3353 669 3423 (Ia).
705 3353 739 3408 ab
757 3353 880 3424 atrc'sque
904 3353 950 3421 M„
968 3353 1063 3424 vulgo.
1083 3381 1117 3393 -

161 3427 267 3493 scribis,
284 3426 373 3496 inopis
390 3441 440 3481 rec.
460 3425 534 3495 (Ν).
570 3439 602 3490 a,
619 3439 642 3477 r.
660 3423 707 3492 M,
725 3423 820 3494 vulgo.
