2370 3878
204 162 462 244 EPISTULARUM
480 161 529 217 AD
550 161 581 228 Q.
600 160 777 217 FRATREM
795 163 829 219 ll.
848 169 889 217 11.
905 169 945 217 12.
987 163 1050 226 611

100 309 298 392 successerit,
325 307 406 372 bene
434 308 495 371 erit
523 329 620 392 opera
647 309 766 392 posita,
794 309 844 372 sin
872 308 991 391 minus,
1017 307 1053 371 in

98 394 177 459 illud
200 396 305 479 ipsum
327 417 414 459 marc
438 395 634 477 deiiciemus,
664 396 749 479 quod
772 399 954 478 spectantes
978 396 1052 459 scri-

98 483 216 564 bimus,
245 486 333 562 utque
367 483 590 568 aggrediemur
613 483 689 566 alia,
716 484 868 567 quoniam
891 484 1051 566 quiescere

98 591 165 635 non
187 591 366 654 possumus
412 569 481 634 Tua
510 571 663 635 mandata
685 593 858 654 persequar
881 572 1079 656 diligenterr

99 662 131 721 et
153 657 187 721 iu
210 657 423 742 adiungendis
445 658 630 722 hominibus
659 660 748 722 etin
771 660 962 742 quibusdam
984 680 1052 725 nou

98 745 289 827 alienandis3
311 746 468 809 maximae
491 746 571 810 mihi
593 767 669 810 vero
693 767 786 810 curae
809 747 883 830 erit,
906 751 942 811 ut
965 745 1051 811 Cice-

97 855 209 897 ronem
236 837 329 896 tuum
355 836 564 916 nostrumque
597 833 722 898 videam
754 834 875 898 scilicet
902 835 1052 918 quotidie,

98 921 154 986 sed
172 920 350 1004 inspiciam,
369 921 444 1004 quid
463 921 573 1005 discat,
593 943 689 1005 quam
708 922 906 1005 saepissime3
930 926 971 1004 et,
988 924 1052 987 nisi

96 1009 151 1071 ille
175 1012 372 1092 contemnet,
400 1009 497 1072 etiam
519 1011 710 1093 magistrum
737 1032 787 1074 me
816 1011 845 1073 ei
867 1009 1052 1094 profitebor,

98 1096 187 1160 cuius
210 1097 256 1160 rei
279 1096 471 1160 nonnullam
494 1098 759 1162 consuetudinem
786 1102 900 1162 nactus
924 1120 994 1161 sum
1017 1099 1052 1161 in
1079 1156 1083 1164 .

97 1185 158 1249 boc
190 1183 306 1248 horum
338 1184 460 1248 dierum
495 1187 560 1249 otio
594 1183 746 1251 Cicerone
782 1190 894 1252 nostro
928 1186 1051 1250 minore

96 1271 311 1355 producendo.
339 1271 397 1355 Tu,
412 1273 679 1356 quemadmodum
694 1273 815 1357 scribis,
830 1274 923 1356 quod,
941 1274 1050 1339 etiam·
1065 1289 1079 1329 ³

97 1361 124 1424 si
155 1381 223 1424 non
255 1360 422 1442 scriberes,
457 1360 562 1426 facere
593 1365 626 1425 tc
663 1362 905 1446 diligentissime
941 1366 1052 1427 tamen

98 1448 251 1531 sciebam,
277 1448 375 1512 facies
404 1448 537 1534 scilicet,
568 1454 605 1514 ut
631 1472 703 1514 mea
730 1450 883 1514 mandata
915 1450 1051 1534 digeras

96 1557 302 1620 persequare,
325 1536 483 1601 conficias.
528 1536 615 1622 Ego,
643 1560 741 1621 quum
764 1537 901 1602 Romam
923 1559 1051 1622 venero,

96 1625 220 1688 nullum
243 1625 497 1708 praetermittam
521 1623 666 1690 Caesaris
688 1627 902 1709 tabellarium,
925 1627 977 1690 cui
999 1628 1049 1690 lit·

95 1715 181 1776 teras
209 1713 249 1776 ad
281 1717 313 1776 te
340 1734 408 1777 non
441 1713 525 1777 dem:
557 1714 608 1778 his
636 1714 747 1778 diebus
769 1751 814 1761 -
836 1715 984 1798 ignosces
1008 1749 1049 1760 -

97 1801 146 1863 cui
171 1800 279 1863 darem
306 1800 369 1864 fuit
396 1821 491 1864 nemo
519 1805 594 1865 ante
621 1800 707 1867 hunc
734 1801 778 1865 M.
801 1800 937 1884 Orfium,
964 1804 1050 1884 equi·

96 1893 162 1950 tem
193 1887 390 1971 Romanum,
425 1892 573 1952 nostrum
606 1893 638 1952 et
664 1889 685 1967 t
712 1890 986 1972 pernecessarium
1018 1892 1051 1954 et

97 1974 182 2057 quod
206 1979 254 2038 est
277 1995 315 2038 ex
338 1975 513 2059 municipio
536 1975 702 2060 Atellano,
730 1977 815 2059 quod
839 1977 900 2040 scis
924 1997 991 2041 csse
1014 1977 1050 2040 in

96 2063 158 2126 fide
181 2067 301 2126 nostra.
346 2063 458 2146 ltaque
487 2084 560 2127 eum
586 2065 646 2129 tibi
674 2064 862 2128 commendo
888 2064 923 2128 in
950 2065 1049 2129 maio·

96 2171 163 2213 rem
185 2151 325 2234 modum,
347 2151 511 2215 hominem
530 2152 616 2216 domi
637 2152 848 2236 splendidum,
871 2152 1049 2235 gratiosum

97 2238 194 2301 etiam
208 2243 298 2301 extra
313 2238 456 2322 domum3
477 2260 571 2322 quem
584 2239 636 2304 fac
653 2244 691 2304 ut
708 2244 765 2304 tua
783 2239 975 2304 liberalitate
989 2241 1049 2305 tibi

97 2326 220 2410 obliges
235 2362 276 2371 -
292 2331 341 2389 est
354 2327 502 2392 tribunus
516 2327 655 2392 militurn
668 2328 703 2391 in
717 2328 856 2392 exercitu
870 2332 977 2393 vestro
992 2351 1048 2392 -—:

96 2418 224 2497 gratum
246 2413 411 2479 hominem
434 2416 720 2499 observantemque
744 2436 927 2501 cognosces.
973 2414 1048 2480 Tre·

96 2501 220 2566 batium
242 2506 279 2566 ut
302 2503 394 2566 valde
417 2524 514 2587 ames,
536 2505 741 2568 vehementer
764 2508 796 2568 te
818 2524 909 2588 rogo.

116 2750 119 2755 ·
165 2728 216 2797 Ep.
238 2735 318 2795 1a,1.
345 2730 497 2795 scribimur,
516 2733 595 2798 atque
609 2731 795 2799 asprediemur
810 2731 885 2799 (W).
921 2746 957 2795 s.;
972 2748 988 2784 a
1006 2746 1046 2799 pr.

95 2797 187 2865 Mar,
207 2798 301 2867 vulgo.
338 2805 363 2852 2.
382 2806 407 2853 et
424 2803 455 2854 iu
473 2800 656 2869 adiungendis
668 2803 693 2854 b.
709 2806 733 2854 ct
750 2803 782 2854 iu
800 2801 980 2870 quibusdum(
1020 2805 1047 2868 .).

95 2867 176 2920 Prius
191 2868 221 2920 iu
234 2884 288 2921 om.
303 2868 362 2934 llll,
376 2869 426 2922 Rl.
463 2875 488 2924 et
501 2888 526 2924 c.
541 2871 566 2923 b.
581 2875 606 2924 et
619 2888 642 2939 q.
657 2871 716 2938 Ma,
731 2871 761 2923 Β.
782 2901 814 2910 -
834 2873 879 2926 sed
893 2872 1047 2939 inspiciam,

96 2953 119 3005 q.
139 2937 175 3000 d,
192 2953 216 3004 q.
235 2952 272 3001 s.;
290 2943 315 2990 et
333 2938 466 3009 (Madvig.
491 2940 525 2993 cd
543 2941 604 2994 Fin.
625 2948 648 2994 o.
673 2944 742 3007 53).
788 2941 834 2995 scd
851 2942 871 2994 i.
890 2958 913 3010 q.
932 2943 958 2995 d.
982 2960 1005 3010 q.
1024 2957 1045 2996 c.

95 3012 119 3059 et
137 3007 230 3076 vulgo.
277 3012 301 3059 3.
330 3013 354 3060 et
371 3011 634 3077 †pcruecesscriucc
662 3010 736 3076 (W.).
782 3017 807 3064 ct
824 3027 876 3077 per
897 3027 924 3064 se
947 3013 1002 3076 (vel
1019 3026 1047 3065 se

95 3078 194 3146 ipsum)
208 3078 371 3147 perutili.)
390 3085 439 3133 aut
457 3085 481 3133 et
495 3097 547 3148 per
564 3096 592 3135 se
609 3096 665 3135 uec.
684 3080 794 3149 (Klotz,
808 3080 857 3148 B.).
895 3081 993 3149 obliges
1012 3109 1045 3120 -

94 3152 132 3201 cst
212 3153 298 3203 oestro
318 3169 364 3201 -:
381 3166 422 3219 pr.
442 3151 516 3220 (W.).
553 3165 577 3206 o.
605 3150 659 3206 Est
736 3167 760 3205 v.
788 3149 837 3205 Gr.
856 3150 949 3220 vulgo.
