<?xml version="1.0" encoding="UTF-8"?>
<!DOCTYPE html PUBLIC "-//W3C//DTD XHTML 1.0 Transitional//EN"
    "http://www.w3.org/TR/xhtml1/DTD/xhtml1-transitional.dtd">
<html xmlns="http://www.w3.org/1999/xhtml" xml:lang="en" lang="en">
 <head>
  <title>
</title>
<meta http-equiv="Content-Type" content="text/html;charset=utf-8" />
  <meta name='ocr-system' content='tesseract 3.04.00' />
  <meta name='ocr-capabilities' content='ocr_page ocr_carea ocr_par ocr_line ocrx_word'/>
</head>
<body>
  <div class='ocr_page' id='page_1' title='image "./epistolae00cicegoog_0112.png"; bbox 0 0 2370 3878; ppageno 0'>
   <div class='ocr_carea' id='block_1_1' title="bbox 379 187 1040 250">
    <p class='ocr_par' dir='ltr' id='par_1_1' title="bbox 379 187 1040 250">
     <span class='ocr_line' id='line_1_1' title="bbox 379 187 1040 250; baseline 0.006 -4"><span class='ocrx_word' id='word_1_1' title='bbox 379 191 640 246; x_wconf 81' lang='lat' dir='ltr'><strong>EPISTOLARUM</strong></span> <span class='ocrx_word' id='word_1_2' title='bbox 659 191 705 244; x_wconf 84' lang='lat' dir='ltr'>IV.</span> <span class='ocrx_word' id='word_1_3' title='bbox 725 196 749 244; x_wconf 79' lang='grc' dir='ltr'>ὅ.</span> <span class='ocrx_word' id='word_1_4' title='bbox 979 187 1040 250; x_wconf 86' lang='grc'>101</span> 
     </span>
    </p>
   </div>
   <div class='ocr_carea' id='block_1_2' title="bbox 84 335 1155 2982">
    <p class='ocr_par' dir='ltr' id='par_1_2' title="bbox 84 335 1155 2982">
     <span class='ocr_line' id='line_1_2' title="bbox 84 335 1043 420; baseline -0.006 -18"><span class='ocrx_word' id='word_1_5' title='bbox 84 340 125 402; x_wconf 88' lang='lat' dir='ltr'>ab</span> <span class='ocrx_word' id='word_1_6' title='bbox 144 338 233 402; x_wconf 88' lang='lat' dir='ltr'>hisce</span> <span class='ocrx_word' id='word_1_7' title='bbox 252 338 348 402; x_wconf 91' lang='lat' dir='ltr'>rebus</span> <span class='ocrx_word' id='word_1_8' title='bbox 367 337 511 400; x_wconf 88' lang='lat' dir='ltr'>animum</span> <span class='ocrx_word' id='word_1_9' title='bbox 530 357 567 399; x_wconf 86' lang='lat' dir='ltr'>ao</span> <span class='ocrx_word' id='word_1_10' title='bbox 585 335 816 420; x_wconf 77' lang='lat' dir='ltr'>cogitationem</span> <span class='ocrx_word' id='word_1_11' title='bbox 834 335 924 397; x_wconf 91' lang='lat' dir='ltr'>tuam</span> <span class='ocrx_word' id='word_1_12' title='bbox 943 353 1043 397; x_wconf 85' lang='lat' dir='ltr'>avoca</span> 
     </span>
     <span class='ocr_line' id='line_1_3' title="bbox 85 423 1042 510; baseline -0.006 -20"><span class='ocrx_word' id='word_1_13' title='bbox 85 431 181 509; x_wconf 88' lang='lat' dir='ltr'>atque</span> <span class='ocrx_word' id='word_1_14' title='bbox 209 448 247 489; x_wconf 87' lang='lat' dir='ltr'>ea</span> <span class='ocrx_word' id='word_1_15' title='bbox 274 426 382 510; x_wconf 90' lang='lat' dir='ltr'>potius</span> <span class='ocrx_word' id='word_1_16' title='bbox 410 424 626 508; x_wconf 86' lang='lat' dir='ltr'>reminiscere,</span> <span class='ocrx_word' id='word_1_17' title='bbox 658 445 738 508; x_wconf 91' lang='lat' dir='ltr'>quac</span> <span class='ocrx_word' id='word_1_18' title='bbox 767 423 866 506; x_wconf 87' lang='lat' dir='ltr'>digna</span> <span class='ocrx_word' id='word_1_19' title='bbox 888 424 945 486; x_wconf 86' lang='lat' dir='ltr'>tua</span> <span class='ocrx_word' id='word_1_20' title='bbox 972 441 1042 504; x_wconf 87' lang='lat' dir='ltr'>per-</span> 
     </span>
     <span class='ocr_line' id='line_1_4' title="bbox 85 510 1043 596; baseline -0.006 -18"><span class='ocrx_word' id='word_1_21' title='bbox 85 536 166 578; x_wconf 89' lang='lat' dir='ltr'>sona</span> <span class='ocrx_word' id='word_1_22' title='bbox 183 514 282 578; x_wconf 66' lang='lat' dir='ltr'>sunt:</span> <span class='ocrx_word' id='word_1_23' title='bbox 310 515 413 596; x_wconf 88' lang='lat' dir='ltr'>illam,</span> <span class='ocrx_word' id='word_1_24' title='bbox 441 512 595 596; x_wconf 81' lang='lat' dir='ltr'>quamdiu</span> <span class='ocrx_word' id='word_1_25' title='bbox 623 512 651 575; x_wconf 88' lang='lat' dir='ltr'>ei</span> <span class='ocrx_word' id='word_1_26' title='bbox 680 533 760 595; x_wconf 89' lang='lat' dir='ltr'>opus</span> <span class='ocrx_word' id='word_1_27' title='bbox 783 511 894 594; x_wconf 85' lang='lat' dir='ltr'>fucrit,</span> <span class='ocrx_word' id='word_1_28' title='bbox 916 510 1043 593; x_wconf 86' lang='lat' dir='ltr'>vixisse,</span> 
     </span>
     <span class='ocr_line' id='line_1_5' title="bbox 84 600 1042 685; baseline -0.005 -19"><span class='ocrx_word' id='word_1_29' title='bbox 84 625 151 666; x_wconf 87' lang='lat' dir='ltr'>una</span> <span class='ocrx_word' id='word_1_30' title='bbox 174 624 247 666; x_wconf 89' lang='lat' dir='ltr'>cum</span> <span class='ocrx_word' id='word_1_31' title='bbox 270 624 304 665; x_wconf 90' lang='lat' dir='ltr'>re</span> <span class='ocrx_word' id='word_1_32' title='bbox 327 601 457 685; x_wconf 88' lang='lat' dir='ltr'>publica</span> <span class='ocrx_word' id='word_1_33' title='bbox 479 600 588 683; x_wconf 87' lang='lat' dir='ltr'>fuisse,</span> <span class='ocrx_word' id='word_1_34' title='bbox 610 603 652 683; x_wconf 89' lang='lat' dir='ltr'>te,</span> <span class='ocrx_word' id='word_1_35' title='bbox 674 603 799 683; x_wconf 89' lang='lat' dir='ltr'>patrem</span> <span class='ocrx_word' id='word_1_36' title='bbox 823 621 929 683; x_wconf 90' lang='lat' dir='ltr'>suum,</span> <span class='ocrx_word' id='word_1_37' title='bbox 952 620 1042 682; x_wconf 85' lang='lat' dir='ltr'>prae-</span> 
     </span>
     <span class='ocr_line' id='line_1_6' title="bbox 84 687 1042 774; baseline -0.004 -20"><span class='ocrx_word' id='word_1_38' title='bbox 84 695 202 774; x_wconf 89' lang='lat' dir='ltr'>torem,</span> <span class='ocrx_word' id='word_1_39' title='bbox 234 692 412 773; x_wconf 86' lang='lat' dir='ltr'>consulem,</span> <span class='ocrx_word' id='word_1_40' title='bbox 444 710 600 774; x_wconf 83' lang='lat' dir='ltr'>augurem</span> <span class='ocrx_word' id='word_1_41' title='bbox 626 689 757 771; x_wconf 88' lang='lat' dir='ltr'>vidisse,</span> <span class='ocrx_word' id='word_1_42' title='bbox 786 687 1042 751; x_wconf 87' lang='lat' dir='ltr'>adolescentibus</span> 
     </span>
     <span class='ocr_line' id='line_1_7' title="bbox 85 776 1042 863; baseline -0.004 -21"><span class='ocrx_word' id='word_1_43' title='bbox 85 779 247 863; x_wconf 85' lang='lat' dir='ltr'>primariis</span> <span class='ocrx_word' id='word_1_44' title='bbox 270 782 407 862; x_wconf 79' lang='lat' dir='ltr'>nuptam</span> <span class='ocrx_word' id='word_1_45' title='bbox 425 777 536 861; x_wconf 83' lang='lat' dir='ltr'>fuisse,</span> <span class='ocrx_word' id='word_1_46' title='bbox 559 777 708 842; x_wconf 89' lang='lat' dir='ltr'>omnibus</span> <span class='ocrx_word' id='word_1_47' title='bbox 731 776 826 840; x_wconf 93' lang='lat' dir='ltr'>bouis</span> <span class='ocrx_word' id='word_1_48' title='bbox 849 796 950 861; x_wconf 91' lang='lat' dir='ltr'>prope</span> <span class='ocrx_word' id='word_1_49' title='bbox 973 796 1042 858; x_wconf 90' lang='lat' dir='ltr'>per·</span> 
     </span>
     <span class='ocr_line' id='line_1_8' title="bbox 85 865 1043 950; baseline -0.005 -19"><span class='ocrx_word' id='word_1_50' title='bbox 85 868 232 931; x_wconf 87' lang='lat' dir='ltr'>functam</span> <span class='ocrx_word' id='word_1_51' title='bbox 255 889 339 949; x_wconf 82' lang='lat' dir='ltr'>essc3</span> <span class='ocrx_word' id='word_1_52' title='bbox 362 888 461 950; x_wconf 92' lang='lat' dir='ltr'>quum</span> <span class='ocrx_word' id='word_1_53' title='bbox 483 888 534 930; x_wconf 89' lang='lat' dir='ltr'>res</span> <span class='ocrx_word' id='word_1_54' title='bbox 557 866 686 950; x_wconf 86' lang='lat' dir='ltr'>publica</span> <span class='ocrx_word' id='word_1_55' title='bbox 709 865 880 949; x_wconf 88' lang='lat' dir='ltr'>occideret,</span> <span class='ocrx_word' id='word_1_56' title='bbox 902 865 970 928; x_wconf 84' lang='lat' dir='ltr'>vita</span> <span class='ocrx_word' id='word_1_57' title='bbox 992 885 1043 926; x_wconf 86' lang='lat' dir='ltr'>ex·</span> 
     </span>
     <span class='ocr_line' id='line_1_9' title="bbox 86 952 1044 1039; baseline -0.004 -21"><span class='ocrx_word' id='word_1_58' title='bbox 86 956 232 1020; x_wconf 84' lang='lat' dir='ltr'>cessisse:</span> <span class='ocrx_word' id='word_1_59' title='bbox 266 956 342 1038; x_wconf 91' lang='lat' dir='ltr'>quid</span> <span class='ocrx_word' id='word_1_60' title='bbox 375 959 437 1039; x_wconf 89' lang='lat' dir='ltr'>est,</span> <span class='ocrx_word' id='word_1_61' title='bbox 470 954 555 1038; x_wconf 93' lang='lat' dir='ltr'>quod</span> <span class='ocrx_word' id='word_1_62' title='bbox 587 957 623 1018; x_wconf 91' lang='lat' dir='ltr'>tu</span> <span class='ocrx_word' id='word_1_63' title='bbox 651 958 708 1018; x_wconf 84' lang='lat' dir='ltr'>aut</span> <span class='ocrx_word' id='word_1_64' title='bbox 733 954 790 1017; x_wconf 87' lang='lat' dir='ltr'>illa</span> <span class='ocrx_word' id='word_1_65' title='bbox 817 973 890 1017; x_wconf 87' lang='lat' dir='ltr'>cum</span> <span class='ocrx_word' id='word_1_66' title='bbox 911 952 1044 1016; x_wconf 86' lang='lat' dir='ltr'>fortuna</span> 
     </span>
     <span class='ocr_line' id='line_1_10' title="bbox 86 1040 1155 1127; baseline -0.007 -19"><span class='ocrx_word' id='word_1_67' title='bbox 86 1045 148 1108; x_wconf 94' lang='lat' dir='ltr'>hoc</span> <span class='ocrx_word' id='word_1_68' title='bbox 171 1044 302 1108; x_wconf 92' lang='lat' dir='ltr'>nomine</span> <span class='ocrx_word' id='word_1_69' title='bbox 326 1043 416 1127; x_wconf 91' lang='lat' dir='ltr'>queri</span> <span class='ocrx_word' id='word_1_70' title='bbox 443 1041 598 1126; x_wconf 81' lang='lat' dir='ltr'>possitis?</span> <span class='ocrx_word' id='word_1_71' title='bbox 642 1042 790 1125; x_wconf 91' lang='lat' dir='ltr'>Denique</span> <span class='ocrx_word' id='word_1_72' title='bbox 813 1041 881 1105; x_wconf 91' lang='lat' dir='ltr'>noli</span> <span class='ocrx_word' id='word_1_73' title='bbox 908 1044 940 1103; x_wconf 90' lang='lat' dir='ltr'>te</span> <span class='ocrx_word' id='word_1_74' title='bbox 964 1040 1043 1103; x_wconf 91' lang='lat' dir='ltr'>obli·</span> <span class='ocrx_word' id='word_1_75' title='bbox 1151 1074 1155 1079; x_wconf 92' lang='lat'>·</span> 
     </span>
     <span class='ocr_line' id='line_1_11' title="bbox 86 1126 1043 1214; baseline -0.005 -18"><span class='ocrx_word' id='word_1_76' title='bbox 86 1133 165 1197; x_wconf 85' lang='lat' dir='ltr'>visci</span> <span class='ocrx_word' id='word_1_77' title='bbox 198 1131 385 1198; x_wconf 79' lang='lat' dir='ltr'>Ciceronem</span> <span class='ocrx_word' id='word_1_78' title='bbox 418 1151 487 1194; x_wconf 89' lang='lat' dir='ltr'>esse</span> <span class='ocrx_word' id='word_1_79' title='bbox 519 1134 552 1194; x_wconf 87' lang='lat' dir='ltr'>et</span> <span class='ocrx_word' id='word_1_80' title='bbox 579 1152 665 1214; x_wconf 87' lang='lat' dir='ltr'>eum,</span> <span class='ocrx_word' id='word_1_81' title='bbox 698 1131 753 1213; x_wconf 92' lang='lat' dir='ltr'>qui</span> <span class='ocrx_word' id='word_1_82' title='bbox 780 1130 852 1194; x_wconf 90' lang='lat' dir='ltr'>aliis</span> <span class='ocrx_word' id='word_1_83' title='bbox 880 1126 1043 1192; x_wconf 89' lang='lat' dir='ltr'>consueris</span> 
     </span>
     <span class='ocr_line' id='line_1_12' title="bbox 86 1217 1044 1304; baseline -0.006 -19"><span class='ocrx_word' id='word_1_84' title='bbox 86 1222 269 1304; x_wconf 87' lang='lat' dir='ltr'>praecipere</span> <span class='ocrx_word' id='word_1_85' title='bbox 294 1224 326 1284; x_wconf 88' lang='lat' dir='ltr'>et</span> <span class='ocrx_word' id='word_1_86' title='bbox 350 1220 425 1284; x_wconf 87' lang='lat' dir='ltr'>dare</span> <span class='ocrx_word' id='word_1_87' title='bbox 454 1219 636 1302; x_wconf 87' lang='lat' dir='ltr'>consilium,</span> <span class='ocrx_word' id='word_1_88' title='bbox 663 1239 767 1301; x_wconf 88' lang='lat' dir='ltr'>neque</span> <span class='ocrx_word' id='word_1_89' title='bbox 794 1217 914 1281; x_wconf 87' lang='lat' dir='ltr'>imitari</span> <span class='ocrx_word' id='word_1_90' title='bbox 941 1217 1044 1279; x_wconf 91' lang='lat' dir='ltr'>malos</span> 
     </span>
     <span class='ocr_line' id='line_1_13' title="bbox 86 1307 1044 1392; baseline -0.005 -20"><span class='ocrx_word' id='word_1_91' title='bbox 86 1309 238 1392; x_wconf 87' lang='lat' dir='ltr'>medicos,</span> <span class='ocrx_word' id='word_1_92' title='bbox 261 1311 315 1392; x_wconf 91' lang='lat' dir='ltr'>qui</span> <span class='ocrx_word' id='word_1_93' title='bbox 337 1309 373 1372; x_wconf 92' lang='lat' dir='ltr'>in</span> <span class='ocrx_word' id='word_1_94' title='bbox 396 1308 509 1372; x_wconf 87' lang='lat' dir='ltr'>alicnis</span> <span class='ocrx_word' id='word_1_95' title='bbox 532 1307 653 1372; x_wconf 89' lang='lat' dir='ltr'>morbis</span> <span class='ocrx_word' id='word_1_96' title='bbox 671 1307 864 1391; x_wconf 87' lang='lat' dir='ltr'>profitentur</span> <span class='ocrx_word' id='word_1_97' title='bbox 881 1309 991 1369; x_wconf 90' lang='lat' dir='ltr'>tencre</span> <span class='ocrx_word' id='word_1_98' title='bbox 1010 1325 1044 1368; x_wconf 89' lang='lat' dir='ltr'>se</span> 
     </span>
     <span class='ocr_line' id='line_1_14' title="bbox 87 1395 1044 1480; baseline -0.005 -21"><span class='ocrx_word' id='word_1_99' title='bbox 87 1396 265 1460; x_wconf 87' lang='lat' dir='ltr'>medicinae</span> <span class='ocrx_word' id='word_1_100' title='bbox 293 1397 473 1478; x_wconf 89' lang='lat' dir='ltr'>scientiam,</span> <span class='ocrx_word' id='word_1_101' title='bbox 504 1396 567 1480; x_wconf 91' lang='lat' dir='ltr'>ipsi</span> <span class='ocrx_word' id='word_1_102' title='bbox 595 1418 628 1460; x_wconf 90' lang='lat' dir='ltr'>se</span> <span class='ocrx_word' id='word_1_103' title='bbox 649 1417 771 1460; x_wconf 83' lang='lat' dir='ltr'>curare</span> <span class='ocrx_word' id='word_1_104' title='bbox 798 1417 866 1461; x_wconf 91' lang='lat' dir='ltr'>non</span> <span class='ocrx_word' id='word_1_105' title='bbox 897 1395 1044 1478; x_wconf 85' lang='lat' dir='ltr'>possunt,</span> 
     </span>
     <span class='ocr_line' id='line_1_15' title="bbox 88 1481 1044 1569; baseline -0.003 -22"><span class='ocrx_word' id='word_1_106' title='bbox 88 1484 145 1548; x_wconf 88' lang='lat' dir='ltr'>sed</span> <span class='ocrx_word' id='word_1_107' title='bbox 167 1484 284 1569; x_wconf 91' lang='lat' dir='ltr'>potius,</span> <span class='ocrx_word' id='word_1_108' title='bbox 308 1506 389 1568; x_wconf 90' lang='lat' dir='ltr'>quae</span> <span class='ocrx_word' id='word_1_109' title='bbox 413 1485 484 1548; x_wconf 88' lang='lat' dir='ltr'>aliis</span> <span class='ocrx_word' id='word_1_110' title='bbox 508 1486 691 1569; x_wconf 88' lang='lat' dir='ltr'>praecipere</span> <span class='ocrx_word' id='word_1_111' title='bbox 715 1486 808 1568; x_wconf 91' lang='lat' dir='ltr'>soles,</span> <span class='ocrx_word' id='word_1_112' title='bbox 831 1504 869 1548; x_wconf 92' lang='lat' dir='ltr'>ca</span> <span class='ocrx_word' id='word_1_113' title='bbox 891 1486 961 1546; x_wconf 90' lang='lat' dir='ltr'>tute</span> <span class='ocrx_word' id='word_1_114' title='bbox 984 1481 1044 1545; x_wconf 93' lang='lat' dir='ltr'>tibi</span> 
     </span>
     <span class='ocr_line' id='line_1_16' title="bbox 88 1569 1080 1658; baseline -0.001 -22"><span class='ocrx_word' id='word_1_115' title='bbox 88 1573 208 1636; x_wconf 90' lang='lat' dir='ltr'>subiice</span> <span class='ocrx_word' id='word_1_116' title='bbox 232 1576 328 1657; x_wconf 85' lang='lat' dir='ltr'>atque</span> <span class='ocrx_word' id='word_1_117' title='bbox 351 1573 437 1657; x_wconf 91' lang='lat' dir='ltr'>apud</span> <span class='ocrx_word' id='word_1_118' title='bbox 460 1574 605 1638; x_wconf 85' lang='lat' dir='ltr'>animum</span> <span class='ocrx_word' id='word_1_119' title='bbox 626 1595 780 1658; x_wconf 89' lang='lat' dir='ltr'>propone.</span> <span class='ocrx_word' id='word_1_120' title='bbox 815 1570 933 1638; x_wconf 92' lang='lat' dir='ltr'>Nullus</span> <span class='ocrx_word' id='word_1_121' title='bbox 953 1569 1045 1635; x_wconf 94' lang='lat' dir='ltr'>dolor</span> <span class='ocrx_word' id='word_1_122' title='bbox 1063 1587 1080 1635; x_wconf 82' lang='grc'><strong>6</strong></span> 
     </span>
     <span class='ocr_line' id='line_1_17' title="bbox 89 1661 1045 1746; baseline -0.003 -22"><span class='ocrx_word' id='word_1_123' title='bbox 89 1666 151 1744; x_wconf 91' lang='lat' dir='ltr'>cst,</span> <span class='ocrx_word' id='word_1_124' title='bbox 184 1684 279 1744; x_wconf 90' lang='lat' dir='ltr'>quem</span> <span class='ocrx_word' id='word_1_125' title='bbox 310 1684 379 1726; x_wconf 96' lang='lat' dir='ltr'>non</span> <span class='ocrx_word' id='word_1_126' title='bbox 410 1662 632 1746; x_wconf 85' lang='lat' dir='ltr'>longinquitas</span> <span class='ocrx_word' id='word_1_127' title='bbox 663 1662 818 1746; x_wconf 84' lang='lat' dir='ltr'>temporis</span> <span class='ocrx_word' id='word_1_128' title='bbox 849 1661 976 1725; x_wconf 89' lang='lat' dir='ltr'>minuat</span> <span class='ocrx_word' id='word_1_129' title='bbox 1008 1679 1045 1723; x_wconf 89' lang='lat' dir='ltr'>ac</span> 
     </span>
     <span class='ocr_line' id='line_1_18' title="bbox 88 1749 1045 1834; baseline -0.003 -21"><span class='ocrx_word' id='word_1_130' title='bbox 88 1749 227 1813; x_wconf 90' lang='lat' dir='ltr'>molliat:</span> <span class='ocrx_word' id='word_1_131' title='bbox 250 1750 312 1815; x_wconf 90' lang='lat' dir='ltr'>hoc</span> <span class='ocrx_word' id='word_1_132' title='bbox 335 1753 367 1814; x_wconf 92' lang='lat' dir='ltr'>te</span> <span class='ocrx_word' id='word_1_133' title='bbox 391 1754 576 1834; x_wconf 85' lang='lat' dir='ltr'>exspectare</span> <span class='ocrx_word' id='word_1_134' title='bbox 594 1754 722 1834; x_wconf 89' lang='lat' dir='ltr'>tempus</span> <span class='ocrx_word' id='word_1_135' title='bbox 741 1750 801 1814; x_wconf 87' lang='lat' dir='ltr'>tibi</span> <span class='ocrx_word' id='word_1_136' title='bbox 819 1753 912 1832; x_wconf 92' lang='lat' dir='ltr'>turpe</span> <span class='ocrx_word' id='word_1_137' title='bbox 936 1751 986 1812; x_wconf 90' lang='lat' dir='ltr'>est</span> <span class='ocrx_word' id='word_1_138' title='bbox 1008 1768 1045 1811; x_wconf 92' lang='lat' dir='ltr'>ao</span> 
     </span>
     <span class='ocr_line' id='line_1_19' title="bbox 88 1836 1046 1922; baseline -0.003 -22"><span class='ocrx_word' id='word_1_139' title='bbox 88 1858 157 1902; x_wconf 94' lang='lat' dir='ltr'>non</span> <span class='ocrx_word' id='word_1_140' title='bbox 180 1839 209 1901; x_wconf 94' lang='lat' dir='ltr'>ei</span> <span class='ocrx_word' id='word_1_141' title='bbox 231 1839 278 1902; x_wconf 88' lang='lat' dir='ltr'>rei</span> <span class='ocrx_word' id='word_1_142' title='bbox 301 1838 462 1922; x_wconf 84' lang='lat' dir='ltr'>sapientia</span> <span class='ocrx_word' id='word_1_143' title='bbox 483 1842 540 1902; x_wconf 87' lang='lat' dir='ltr'>tua</span> <span class='ocrx_word' id='word_1_144' title='bbox 562 1842 594 1902; x_wconf 86' lang='lat' dir='ltr'>te</span> <span class='ocrx_word' id='word_1_145' title='bbox 614 1859 788 1904; x_wconf 89' lang='lat' dir='ltr'>occurrere.</span> <span class='ocrx_word' id='word_1_146' title='bbox 824 1837 917 1912; x_wconf 77' lang='lat' dir='ltr'>Quod</span> <span class='ocrx_word' id='word_1_147' title='bbox 940 1836 968 1898; x_wconf 90' lang='lat' dir='ltr'>si</span> <span class='ocrx_word' id='word_1_148' title='bbox 991 1836 1046 1917; x_wconf 91' lang='lat' dir='ltr'>qui</span> 
     </span>
     <span class='ocr_line' id='line_1_20' title="bbox 89 1922 1047 2010; baseline -0.003 -22"><span class='ocrx_word' id='word_1_149' title='bbox 89 1926 188 1989; x_wconf 88' lang='lat' dir='ltr'>etiam</span> <span class='ocrx_word' id='word_1_150' title='bbox 210 1925 323 1990; x_wconf 85' lang='lat' dir='ltr'>inferis</span> <span class='ocrx_word' id='word_1_151' title='bbox 346 1947 460 1989; x_wconf 89' lang='lat' dir='ltr'>sensus</span> <span class='ocrx_word' id='word_1_152' title='bbox 484 1930 547 2009; x_wconf 88' lang='lat' dir='ltr'>est,</span> <span class='ocrx_word' id='word_1_153' title='bbox 570 1926 625 2010; x_wconf 91' lang='lat' dir='ltr'>qui</span> <span class='ocrx_word' id='word_1_154' title='bbox 647 1926 734 1989; x_wconf 93' lang='lat' dir='ltr'>illius</span> <span class='ocrx_word' id='word_1_155' title='bbox 757 1926 793 1989; x_wconf 95' lang='lat' dir='ltr'>in</span> <span class='ocrx_word' id='word_1_156' title='bbox 814 1928 848 1989; x_wconf 88' lang='lat' dir='ltr'>te</span> <span class='ocrx_word' id='word_1_157' title='bbox 871 1945 962 1988; x_wconf 89' lang='lat' dir='ltr'>amor</span> <span class='ocrx_word' id='word_1_158' title='bbox 983 1922 1047 1986; x_wconf 87' lang='lat' dir='ltr'>fuit</span> 
     </span>
     <span class='ocr_line' id='line_1_21' title="bbox 89 2010 1046 2097; baseline -0.001 -22"><span class='ocrx_word' id='word_1_159' title='bbox 89 2014 257 2096; x_wconf 88' lang='lat' dir='ltr'>pietasque</span> <span class='ocrx_word' id='word_1_160' title='bbox 284 2012 320 2076; x_wconf 92' lang='lat' dir='ltr'>in</span> <span class='ocrx_word' id='word_1_161' title='bbox 347 2033 459 2078; x_wconf 87' lang='lat' dir='ltr'>omnes</span> <span class='ocrx_word' id='word_1_162' title='bbox 487 2035 576 2097; x_wconf 88' lang='lat' dir='ltr'>suos,</span> <span class='ocrx_word' id='word_1_163' title='bbox 602 2013 665 2078; x_wconf 89' lang='lat' dir='ltr'>hoc</span> <span class='ocrx_word' id='word_1_164' title='bbox 692 2016 777 2077; x_wconf 87' lang='lat' dir='ltr'>certe</span> <span class='ocrx_word' id='word_1_165' title='bbox 803 2013 860 2077; x_wconf 87' lang='lat' dir='ltr'>illa</span> <span class='ocrx_word' id='word_1_166' title='bbox 886 2016 919 2075; x_wconf 84' lang='lat' dir='ltr'>te</span> <span class='ocrx_word' id='word_1_167' title='bbox 941 2010 1046 2075; x_wconf 86' lang='lat' dir='ltr'>facere</span> 
     </span>
     <span class='ocr_line' id='line_1_22' title="bbox 90 2100 1046 2185; baseline 0.001 -22"><span class='ocrx_word' id='word_1_168' title='bbox 90 2121 158 2163; x_wconf 94' lang='lat' dir='ltr'>non</span> <span class='ocrx_word' id='word_1_169' title='bbox 181 2101 259 2164; x_wconf 87' lang='lat' dir='ltr'>vult.</span> <span class='ocrx_word' id='word_1_170' title='bbox 308 2100 361 2165; x_wconf 88' lang='lat' dir='ltr'>Da</span> <span class='ocrx_word' id='word_1_171' title='bbox 382 2101 444 2165; x_wconf 91' lang='lat' dir='ltr'>hoo</span> <span class='ocrx_word' id='word_1_172' title='bbox 473 2101 521 2165; x_wconf 91' lang='lat' dir='ltr'>illi</span> <span class='ocrx_word' id='word_1_173' title='bbox 543 2105 703 2185; x_wconf 80' lang='lat' dir='ltr'>mortuae,</span> <span class='ocrx_word' id='word_1_174' title='bbox 731 2101 772 2166; x_wconf 85' lang='lat' dir='ltr'>da</span> <span class='ocrx_word' id='word_1_175' title='bbox 799 2101 912 2167; x_wconf 87' lang='lat' dir='ltr'>ceteris</span> <span class='ocrx_word' id='word_1_176' title='bbox 936 2100 1046 2165; x_wconf 87' lang='lat' dir='ltr'>amicis</span> 
     </span>
     <span class='ocr_line' id='line_1_23' title="bbox 90 2188 1048 2276; baseline 0 -24"><span class='ocrx_word' id='word_1_177' title='bbox 90 2210 127 2252; x_wconf 84' lang='lat' dir='ltr'>ac</span> <span class='ocrx_word' id='word_1_178' title='bbox 150 2188 374 2273; x_wconf 84' lang='lat' dir='ltr'>familiaribus,</span> <span class='ocrx_word' id='word_1_179' title='bbox 397 2190 452 2273; x_wconf 91' lang='lat' dir='ltr'>qui</span> <span class='ocrx_word' id='word_1_180' title='bbox 470 2193 526 2254; x_wconf 92' lang='lat' dir='ltr'>tuo</span> <span class='ocrx_word' id='word_1_181' title='bbox 547 2191 656 2255; x_wconf 90' lang='lat' dir='ltr'>dolore</span> <span class='ocrx_word' id='word_1_182' title='bbox 674 2194 828 2276; x_wconf 87' lang='lat' dir='ltr'>maerent,</span> <span class='ocrx_word' id='word_1_183' title='bbox 850 2191 892 2255; x_wconf 87' lang='lat' dir='ltr'>da</span> <span class='ocrx_word' id='word_1_184' title='bbox 914 2190 1048 2273; x_wconf 86' lang='lat' dir='ltr'>patriae,</span> 
     </span>
     <span class='ocr_line' id='line_1_24' title="bbox 89 2277 1047 2364; baseline 0 -24"><span class='ocrx_word' id='word_1_185' title='bbox 89 2281 136 2360; x_wconf 92' lang='lat' dir='ltr'>ut,</span> <span class='ocrx_word' id='word_1_186' title='bbox 159 2277 187 2342; x_wconf 89' lang='lat' dir='ltr'>si</span> <span class='ocrx_word' id='word_1_187' title='bbox 210 2278 331 2361; x_wconf 89' lang='lat' dir='ltr'>quain</span> <span class='ocrx_word' id='word_1_188' title='bbox 354 2298 388 2342; x_wconf 85' lang='lat' dir='ltr'>re</span> <span class='ocrx_word' id='word_1_189' title='bbox 412 2300 493 2363; x_wconf 91' lang='lat' dir='ltr'>opus</span> <span class='ocrx_word' id='word_1_190' title='bbox 512 2279 563 2363; x_wconf 91' lang='lat' dir='ltr'>sit,</span> <span class='ocrx_word' id='word_1_191' title='bbox 586 2300 683 2364; x_wconf 87' lang='lat' dir='ltr'>opera</span> <span class='ocrx_word' id='word_1_192' title='bbox 706 2284 739 2344; x_wconf 90' lang='lat' dir='ltr'>et</span> <span class='ocrx_word' id='word_1_193' title='bbox 761 2280 895 2345; x_wconf 91' lang='lat' dir='ltr'>consilio</span> <span class='ocrx_word' id='word_1_194' title='bbox 919 2282 975 2342; x_wconf 92' lang='lat' dir='ltr'>tuo</span> <span class='ocrx_word' id='word_1_195' title='bbox 999 2278 1047 2341; x_wconf 88' lang='lat' dir='ltr'>uti</span> 
     </span>
     <span class='ocr_line' id='line_1_25' title="bbox 90 2365 1046 2451; baseline -0.001 -21"><span class='ocrx_word' id='word_1_196' title='bbox 90 2367 202 2449; x_wconf 89' lang='lat' dir='ltr'>possit.</span> <span class='ocrx_word' id='word_1_197' title='bbox 247 2365 408 2451; x_wconf 81' lang='lat' dir='ltr'>Denique,</span> <span class='ocrx_word' id='word_1_198' title='bbox 436 2367 589 2451; x_wconf 89' lang='lat' dir='ltr'>quoniam</span> <span class='ocrx_word' id='word_1_199' title='bbox 610 2368 647 2432; x_wconf 94' lang='lat' dir='ltr'>in</span> <span class='ocrx_word' id='word_1_200' title='bbox 669 2389 740 2433; x_wconf 88' lang='lat' dir='ltr'>earn</span> <span class='ocrx_word' id='word_1_201' title='bbox 766 2369 932 2433; x_wconf 86' lang='lat' dir='ltr'>fortunam</span> <span class='ocrx_word' id='word_1_202' title='bbox 955 2367 1046 2430; x_wconf 85' lang='lat' dir='ltr'>deve·</span> 
     </span>
     <span class='ocr_line' id='line_1_26' title="bbox 91 2455 1047 2539; baseline -0.001 -21"><span class='ocrx_word' id='word_1_203' title='bbox 91 2455 208 2538; x_wconf 92' lang='lat' dir='ltr'>nimus,</span> <span class='ocrx_word' id='word_1_204' title='bbox 230 2459 268 2519; x_wconf 90' lang='lat' dir='ltr'>ut</span> <span class='ocrx_word' id='word_1_205' title='bbox 290 2455 389 2520; x_wconf 84' lang='lat' dir='ltr'>etiam</span> <span class='ocrx_word' id='word_1_206' title='bbox 410 2456 485 2520; x_wconf 89' lang='lat' dir='ltr'>huie</span> <span class='ocrx_word' id='word_1_207' title='bbox 503 2457 550 2521; x_wconf 90' lang='lat' dir='ltr'>rei</span> <span class='ocrx_word' id='word_1_208' title='bbox 570 2457 665 2521; x_wconf 90' lang='lat' dir='ltr'>uobis</span> <span class='ocrx_word' id='word_1_209' title='bbox 684 2458 886 2522; x_wconf 85' lang='lat' dir='ltr'>serviendum</span> <span class='ocrx_word' id='word_1_210' title='bbox 906 2455 957 2539; x_wconf 92' lang='lat' dir='ltr'>sit,</span> <span class='ocrx_word' id='word_1_211' title='bbox 979 2455 1047 2519; x_wconf 92' lang='lat' dir='ltr'>noli</span> 
     </span>
     <span class='ocr_line' id='line_1_27' title="bbox 92 2542 1048 2630; baseline -0.001 -24"><span class='ocrx_word' id='word_1_212' title='bbox 92 2544 305 2628; x_wconf 87' lang='lat' dir='ltr'>committere,</span> <span class='ocrx_word' id='word_1_213' title='bbox 332 2548 370 2608; x_wconf 90' lang='lat' dir='ltr'>ut</span> <span class='ocrx_word' id='word_1_214' title='bbox 396 2544 567 2629; x_wconf 87' lang='lat' dir='ltr'>quisquam</span> <span class='ocrx_word' id='word_1_215' title='bbox 588 2548 621 2609; x_wconf 91' lang='lat' dir='ltr'>te</span> <span class='ocrx_word' id='word_1_216' title='bbox 643 2549 737 2630; x_wconf 86' lang='lat' dir='ltr'>putet</span> <span class='ocrx_word' id='word_1_217' title='bbox 758 2568 825 2611; x_wconf 93' lang='lat' dir='ltr'>non</span> <span class='ocrx_word' id='word_1_218' title='bbox 852 2549 920 2609; x_wconf 89' lang='lat' dir='ltr'>tam</span> <span class='ocrx_word' id='word_1_219' title='bbox 947 2542 1048 2606; x_wconf 89' lang='lat' dir='ltr'>filiam</span> 
     </span>
     <span class='ocr_line' id='line_1_28' title="bbox 93 2631 1047 2719; baseline 0 -24"><span class='ocrx_word' id='word_1_220' title='bbox 93 2653 189 2714; x_wconf 89' lang='lat' dir='ltr'>quam</span> <span class='ocrx_word' id='word_1_221' title='bbox 224 2633 271 2695; x_wconf 86' lang='lat' dir='ltr'>rei</span> <span class='ocrx_word' id='word_1_222' title='bbox 302 2632 450 2717; x_wconf 90' lang='lat' dir='ltr'>publicae</span> <span class='ocrx_word' id='word_1_223' title='bbox 481 2637 629 2719; x_wconf 88' lang='lat' dir='ltr'>tempora</span> <span class='ocrx_word' id='word_1_224' title='bbox 655 2638 688 2698; x_wconf 92' lang='lat' dir='ltr'>et</span> <span class='ocrx_word' id='word_1_225' title='bbox 715 2635 850 2699; x_wconf 88' lang='lat' dir='ltr'>aliorum</span> <span class='ocrx_word' id='word_1_226' title='bbox 879 2631 1047 2697; x_wconf 88' lang='lat' dir='ltr'>victoriam</span> 
     </span>
     <span class='ocr_line' id='line_1_29' title="bbox 91 2719 1048 2805; baseline -0.001 -21"><span class='ocrx_word' id='word_1_227' title='bbox 91 2721 211 2804; x_wconf 84' lang='lat' dir='ltr'>lugere.</span> <span class='ocrx_word' id='word_1_228' title='bbox 255 2719 354 2785; x_wconf 90' lang='lat' dir='ltr'>Plura</span> <span class='ocrx_word' id='word_1_229' title='bbox 376 2742 428 2786; x_wconf 87' lang='lat' dir='ltr'>me</span> <span class='ocrx_word' id='word_1_230' title='bbox 456 2721 497 2785; x_wconf 92' lang='lat' dir='ltr'>ad</span> <span class='ocrx_word' id='word_1_231' title='bbox 519 2725 552 2786; x_wconf 88' lang='lat' dir='ltr'>te</span> <span class='ocrx_word' id='word_1_232' title='bbox 576 2722 615 2786; x_wconf 93' lang='lat' dir='ltr'>de</span> <span class='ocrx_word' id='word_1_233' title='bbox 637 2723 699 2786; x_wconf 88' lang='lat' dir='ltr'>hac</span> <span class='ocrx_word' id='word_1_234' title='bbox 721 2745 755 2787; x_wconf 91' lang='lat' dir='ltr'>re</span> <span class='ocrx_word' id='word_1_235' title='bbox 779 2722 916 2787; x_wconf 87' lang='lat' dir='ltr'>seribere</span> <span class='ocrx_word' id='word_1_236' title='bbox 939 2720 1048 2805; x_wconf 84' lang='lat' dir='ltr'>pudet,</span> 
     </span>
     <span class='ocr_line' id='line_1_30' title="bbox 91 2808 1047 2896; baseline 0.001 -24"><span class='ocrx_word' id='word_1_237' title='bbox 91 2830 132 2872; x_wconf 89' lang='lat' dir='ltr'>ue</span> <span class='ocrx_word' id='word_1_238' title='bbox 155 2808 265 2873; x_wconf 89' lang='lat' dir='ltr'>videar</span> <span class='ocrx_word' id='word_1_239' title='bbox 287 2809 476 2894; x_wconf 86' lang='lat' dir='ltr'>prudentiae</span> <span class='ocrx_word' id='word_1_240' title='bbox 504 2813 579 2875; x_wconf 92' lang='lat' dir='ltr'>tuae</span> <span class='ocrx_word' id='word_1_241' title='bbox 607 2810 765 2894; x_wconf 71' lang='lat' dir='ltr'>diffidere,</span> <span class='ocrx_word' id='word_1_242' title='bbox 792 2832 902 2896; x_wconf 89' lang='lat' dir='ltr'>quare,</span> <span class='ocrx_word' id='word_1_243' title='bbox 931 2810 958 2874; x_wconf 92' lang='lat' dir='ltr'>si</span> <span class='ocrx_word' id='word_1_244' title='bbox 985 2809 1047 2874; x_wconf 90' lang='lat' dir='ltr'>hoo</span> 
     </span>
     <span class='ocr_line' id='line_1_31' title="bbox 92 2899 1047 2982; baseline 0.002 -22"><span class='ocrx_word' id='word_1_245' title='bbox 92 2919 194 2961; x_wconf 88' lang='lat' dir='ltr'>unum</span> <span class='ocrx_word' id='word_1_246' title='bbox 216 2919 424 2982; x_wconf 90' lang='lat' dir='ltr'>proposuero,</span> <span class='ocrx_word' id='word_1_247' title='bbox 446 2899 545 2963; x_wconf 88' lang='lat' dir='ltr'>finem</span> <span class='ocrx_word' id='word_1_248' title='bbox 567 2899 686 2963; x_wconf 89' lang='lat' dir='ltr'>faciam</span> <span class='ocrx_word' id='word_1_249' title='bbox 709 2900 881 2964; x_wconf 88' lang='lat' dir='ltr'>scribendi:</span> <span class='ocrx_word' id='word_1_250' title='bbox 909 2899 1047 2964; x_wconf 86' lang='lat' dir='ltr'>vidimus</span> 
     </span>
    </p>
   </div>
   <div class='ocr_carea' id='block_1_3' title="bbox 92 2985 1183 3070">
    <p class='ocr_par' dir='ltr' id='par_1_3' title="bbox 92 2985 1183 3070">
     <span class='ocr_line' id='line_1_32' title="bbox 92 2985 1183 3070; baseline 0.004 -21"><span class='ocrx_word' id='word_1_251' title='bbox 92 2986 262 3068; x_wconf 85' lang='lat' dir='ltr'>aliquoties</span> <span class='ocrx_word' id='word_1_252' title='bbox 286 2985 460 3050; x_wconf 90' lang='lat' dir='ltr'>secundam</span> <span class='ocrx_word' id='word_1_253' title='bbox 481 2987 694 3070; x_wconf 90' lang='lat' dir='ltr'>pulcherrime</span> <span class='ocrx_word' id='word_1_254' title='bbox 722 2991 754 3052; x_wconf 88' lang='lat' dir='ltr'>te</span> <span class='ocrx_word' id='word_1_255' title='bbox 777 2988 860 3054; x_wconf 84' lang='lat' dir='ltr'>ferre</span> <span class='ocrx_word' id='word_1_256' title='bbox 882 2988 1048 3054; x_wconf 88' lang='lat' dir='ltr'>fortunam</span> <span class='ocrx_word' id='word_1_257' title='bbox 1154 3048 1158 3053; x_wconf 93' lang='lat'>.</span> <span class='ocrx_word' id='word_1_258' title='bbox 1181 3026 1183 3031; x_wconf 94' lang='lat'>·</span> 
     </span>
    </p>
   </div>
   <div class='ocr_carea' id='block_1_4' title="bbox 23 3075 1048 3337">
    <p class='ocr_par' dir='ltr' id='par_1_4' title="bbox 23 3075 1048 3337">
     <span class='ocr_line' id='line_1_33' title="bbox 93 3075 1047 3160; baseline 0.003 -25"><span class='ocrx_word' id='word_1_259' title='bbox 93 3093 308 3156; x_wconf 83' lang='lat' dir='ltr'>magnamque</span> <span class='ocrx_word' id='word_1_260' title='bbox 323 3095 362 3137; x_wconf 86' lang='lat' dir='ltr'>cx</span> <span class='ocrx_word' id='word_1_261' title='bbox 376 3095 414 3138; x_wconf 87' lang='lat' dir='ltr'>ea</span> <span class='ocrx_word' id='word_1_262' title='bbox 427 3096 462 3138; x_wconf 90' lang='lat' dir='ltr'>re</span> <span class='ocrx_word' id='word_1_263' title='bbox 475 3079 507 3138; x_wconf 92' lang='lat' dir='ltr'>te</span> <span class='ocrx_word' id='word_1_264' title='bbox 526 3075 655 3140; x_wconf 88' lang='lat' dir='ltr'>laudem</span> <span class='ocrx_word' id='word_1_265' title='bbox 669 3077 782 3160; x_wconf 75' lang='lat' dir='ltr'>apisci,</span> <span class='ocrx_word' id='word_1_266' title='bbox 803 3077 856 3141; x_wconf 83' lang='lat' dir='ltr'>fac</span> <span class='ocrx_word' id='word_1_267' title='bbox 875 3076 1047 3159; x_wconf 88' lang='lat' dir='ltr'>aliquando</span> 
     </span>
     <span class='ocr_line' id='line_1_34' title="bbox 23 3160 1048 3250; baseline 0.004 -25"><span class='ocrx_word' id='word_1_268' title='bbox 23 3182 28 3193; x_wconf 89' lang='grc'>’</span> <span class='ocrx_word' id='word_1_269' title='bbox 92 3160 312 3246; x_wconf 85' lang='lat' dir='ltr'>intelligamus</span> <span class='ocrx_word' id='word_1_270' title='bbox 334 3161 502 3228; x_wconf 86' lang='lat' dir='ltr'>adversam</span> <span class='ocrx_word' id='word_1_271' title='bbox 525 3185 651 3248; x_wconf 90' lang='lat' dir='ltr'>quoquc</span> <span class='ocrx_word' id='word_1_272' title='bbox 674 3169 706 3229; x_wconf 90' lang='lat' dir='ltr'>te</span> <span class='ocrx_word' id='word_1_273' title='bbox 725 3187 825 3250; x_wconf 85' lang='lat' dir='ltr'>aeque</span> <span class='ocrx_word' id='word_1_274' title='bbox 847 3165 930 3230; x_wconf 83' lang='lat' dir='ltr'>ferre</span> <span class='ocrx_word' id='word_1_275' title='bbox 953 3185 1048 3247; x_wconf 88' lang='lat' dir='ltr'>posse</span> 
     </span>
     <span class='ocr_line' id='line_1_35' title="bbox 92 3250 1048 3337; baseline 0.002 -23"><span class='ocrx_word' id='word_1_276' title='bbox 92 3270 197 3334; x_wconf 88' lang='lat' dir='ltr'>neque</span> <span class='ocrx_word' id='word_1_277' title='bbox 221 3250 254 3315; x_wconf 92' lang='lat' dir='ltr'>id</span> <span class='ocrx_word' id='word_1_278' title='bbox 276 3250 393 3336; x_wconf 87' lang='lat' dir='ltr'>maius,</span> <span class='ocrx_word' id='word_1_279' title='bbox 416 3273 514 3335; x_wconf 86' lang='lat' dir='ltr'>quam</span> <span class='ocrx_word' id='word_1_280' title='bbox 537 3253 664 3337; x_wconf 88' lang='lat' dir='ltr'>debeat,</span> <span class='ocrx_word' id='word_1_281' title='bbox 686 3254 747 3318; x_wconf 89' lang='lat' dir='ltr'>tibi</span> <span class='ocrx_word' id='word_1_282' title='bbox 770 3276 852 3319; x_wconf 90' lang='lat' dir='ltr'>onus</span> <span class='ocrx_word' id='word_1_283' title='bbox 875 3253 985 3336; x_wconf 84' lang='lat' dir='ltr'>videri,</span> <span class='ocrx_word' id='word_1_284' title='bbox 1006 3274 1048 3317; x_wconf 86' lang='lat' dir='ltr'>ne</span> 
     </span>
    </p>
   </div>
   <div class='ocr_carea' id='block_1_5' title="bbox 89 3436 1046 3605">
    <p class='ocr_par' dir='ltr' id='par_1_5' title="bbox 89 3436 1046 3605">
     <span class='ocr_line' id='line_1_36' title="bbox 163 3436 1046 3532; baseline 0.002 -17"><span class='ocrx_word' id='word_1_285' title='bbox 163 3459 214 3530; x_wconf 85' lang='lat' dir='ltr'>Ep.</span> <span class='ocrx_word' id='word_1_286' title='bbox 235 3467 264 3528; x_wconf 79' lang='lat'>5,</span> <span class='ocrx_word' id='word_1_287' title='bbox 284 3469 307 3516; x_wconf 86' lang='lat'>5.</span> <span class='ocrx_word' id='word_1_288' title='bbox 358 3462 424 3517; x_wconf 81' lang='lat' dir='ltr'>aliis</span> <span class='ocrx_word' id='word_1_289' title='bbox 443 3463 602 3532; x_wconf 67' lang='lat' dir='ltr'>praecepere</span> <span class='ocrx_word' id='word_1_290' title='bbox 625 3463 685 3532; x_wconf 74' lang='lat' dir='ltr'>(L).</span> <span class='ocrx_word' id='word_1_291' title='bbox 736 3436 762 3517; x_wconf 77' lang='lat' dir='ltr'>o.</span> <span class='ocrx_word' id='word_1_292' title='bbox 785 3467 842 3517; x_wconf 80' lang='lat' dir='ltr'>tute</span> <span class='ocrx_word' id='word_1_293' title='bbox 859 3479 905 3532; x_wconf 82' lang='lat' dir='ltr'>pr.</span> <span class='ocrx_word' id='word_1_294' title='bbox 928 3461 993 3517; x_wconf 89' lang='grc' dir='ltr'>ΜΒ.</span> <span class='ocrx_word' id='word_1_295' title='bbox 1013 3492 1046 3502; x_wconf 93' lang='lat'>-</span> 
     </span>
     <span class='ocr_line' id='line_1_37' title="bbox 89 3531 807 3605; baseline 0.006 -19"><span class='ocrx_word' id='word_1_296' title='bbox 89 3531 198 3587; x_wconf 74' lang='lat' dir='ltr'>subiice-</span> <span class='ocrx_word' id='word_1_297' title='bbox 208 3532 323 3603; x_wconf 75' lang='lat' dir='ltr'>(vulgo).</span> <span class='ocrx_word' id='word_1_298' title='bbox 349 3533 468 3588; x_wconf 71' lang='lat' dir='ltr'>subiace</span> <span class='ocrx_word' id='word_1_299' title='bbox 485 3532 533 3605; x_wconf 74' lang='lat' dir='ltr'>M,</span> <span class='ocrx_word' id='word_1_300' title='bbox 547 3536 577 3590; x_wconf 85' lang='lat' dir='ltr'>et</span> <span class='ocrx_word' id='word_1_301' title='bbox 594 3532 635 3590; x_wconf 85' lang='lat' dir='ltr'>sic</span> <span class='ocrx_word' id='word_1_302' title='bbox 652 3533 685 3589; x_wconf 89' lang='lat' dir='ltr'>B.</span> <span class='ocrx_word' id='word_1_303' title='bbox 702 3533 807 3591; x_wconf 75' lang='lat' dir='ltr'>uoluit.</span> 
     </span>
    </p>
   </div>
   <div class='ocr_carea' id='block_1_6' title="bbox 0 0 1200 3878">
    <p class='ocr_par' dir='ltr' id='par_1_6' title="bbox 0 0 1200 3878">
     <span class='ocr_line' id='line_1_38' title="bbox 0 0 1200 3878; baseline 0 0"><span class='ocrx_word' id='word_1_304' title='bbox 0 0 1200 3878; x_wconf 95' lang='lat' dir='ltr'> </span> 
     </span>
    </p>
   </div>
  </div>
 </body>
</html>
