2370 3878
164 174 229 239 300
446 174 484 228 M.
504 173 626 229 TULLII
645 173 834 229 CICERONIS

163 340 245 404 quae
274 339 399 383 summa
426 322 488 402 est,
515 318 665 383 videntur
692 338 788 401 quam
815 319 992 403 fidelitatis,
1020 342 1117 402 quam

163 428 223 492 ego
246 428 286 470 ex
308 428 381 470 mea
403 406 600 471 conscientia
622 407 750 471 metior:
774 429 880 490 quare,
904 408 930 471 si
950 410 1006 470 aut
1024 409 1117 472 aliter

163 495 324 578 sentirem,
348 498 433 558 certe
457 494 634 559 admonitio
653 498 710 559 tua
728 517 779 558 me
797 495 978 579 reprimere,
1001 500 1066 579 aut,
1089 498 1117 560 si

163 583 351 666 dubitarem,
373 582 515 647 hortatio
534 583 697 666 impellere
715 587 833 667 posset,
850 582 888 647 ut
906 583 938 646 id
960 604 1117 668 sequerer,

163 671 247 755 quod
266 675 303 735 tu
318 671 475 754 optimum
493 674 637 754 putares,
659 692 746 736 nunc
764 693 839 735 vero
859 672 936 754 quid
955 675 1012 754 est,
1031 674 1116 755 quod

162 782 212 824 me
235 760 271 823 in
303 760 398 823 aliam
430 762 554 843 partem
581 760 709 823 trahere
740 759 865 843 possit?
898 780 1117 843 quaecumque

161 848 196 911 in
219 870 270 911 me
293 848 379 912 bona
403 850 479 911 sunt
501 850 557 911 aut
574 847 724 912 fortunae
743 847 897 911 beneficio
918 848 1041 911 tributa
1060 853 1117 912 aut

161 959 233 1000 meo
256 936 366 1000 labore
389 941 491 1019 parta,
515 935 576 999 etsi
599 939 673 999 ate
695 939 826 1019 propter
846 957 988 999 amorem
1012 937 1115 1000 carius

162 1029 238 1088 sunt
260 1025 439 1108 aestimata,
460 1027 571 1088 tamen
592 1024 644 1088 vel
656 1023 869 1087 inimicissimi
888 1024 1005 1088 iudicio
1023 1027 1116 1088 tanta

162 1117 247 1197 sunt,
269 1116 307 1176 ut
329 1117 456 1197 praeter
479 1112 598 1176 bonam
620 1111 741 1175 famam
763 1111 845 1174 nihil
869 1112 1048 1175 desiderare
1071 1113 1116 1175 vi·

126 1200 306 1266 adeantur.
351 1200 456 1276 Ouare
478 1201 540 1264 hoc
563 1221 663 1264 unum
684 1200 745 1263 tibi
767 1199 937 1283 persuade,
959 1202 1116 1282 quantum

161 1289 283 1355 viribus
306 1289 394 1373 eniti,
416 1288 550 1352 consilio
573 1287 749 1372 providere,
772 1288 962 1352 auctoritate
985 1309 1116 1352 monere

161 1380 310 1461 potuero,
341 1377 403 1441 hoc
431 1397 525 1441 omne
552 1377 599 1440 rei
626 1376 773 1459 publicae
805 1397 930 1460 semper
961 1376 1116 1440 futurum.

160 1464 238 1530 Non
260 1468 310 1529 est
331 1465 463 1549 ignotus
485 1464 566 1528 mihi
588 1485 700 1529 sensus
719 1467 807 1529 tuus:
830 1486 944 1548 neque,
967 1465 994 1528 si
1016 1464 1115 1529 facul·

160 1558 221 1637 tae,
244 1553 395 1637 optabilis
414 1552 493 1616 mihi
512 1552 649 1635 quidem,
670 1553 719 1616 tui
737 1552 917 1635 praesentis
936 1555 1028 1635 esset,
1046 1575 1115 1616 um·

161 1663 258 1725 quam
285 1663 305 1705 a
326 1641 391 1706 tuis
415 1640 556 1705 consiliis
579 1641 805 1724 discreparem,
832 1661 891 1705 nec
921 1661 1007 1704 nunc
1030 1662 1115 1705 com-

160 1730 300 1814 mittam,
327 1734 364 1793 ut
385 1730 488 1793 ullum
515 1750 621 1793 meum
642 1729 765 1793 factum
791 1728 1023 1812 reprehendere
1046 1729 1115 1793 iure

125 1819 274 1902 Ipossis.
315 1816 393 1883 Sum
415 1817 451 1881 in
474 1817 710 1901 exspectatione
734 1817 878 1881 omnium
900 1838 1017 1902 rerum,
1038 1817 1115 1900 quid

160 1907 195 1970 in
224 1904 328 1971 Gallia
360 1906 519 1990 citeriore,
551 1906 627 1989 quid
658 1907 693 1970 in
720 1905 799 1969 urbe
826 1927 937 1969 mense
963 1904 1113 1969 Ianuario

161 1998 300 2079 geratur,
322 1998 359 2059 ut
382 1995 489 2059 sciam.
529 1993 665 2058 Interim
691 1993 864 2058 maximam
887 1993 939 2056 hic
963 1993 1113 2057 sollicitu-

161 2083 269 2146 dinem
292 2105 463 2166 curamque
487 2083 639 2166 sustineo,
660 2104 702 2147 ne
724 2082 809 2146 inter
827 2081 933 2145 aliena
952 2082 1031 2146 vitia
1053 2081 1114 2145 hae

160 2173 274 2254 gentes
296 2174 409 2235 nostra
430 2171 516 2235 mala
535 2192 627 2235 suam
644 2173 761 2254 putent
779 2169 989 2235 occasionem.
1022 2167 1113 2244 Quod

161 2259 188 2322 si
210 2258 358 2341 proinde,
385 2262 422 2323 ut
443 2259 512 2343 ipse
535 2280 672 2343 mereor,
698 2258 778 2322 mihi
801 2257 1001 2340 successerit,
1028 2260 1112 2321 certe

161 2350 193 2410 et
214 2347 274 2410 tibi
302 2346 353 2410 cui
380 2348 517 2411 maxime
545 2348 653 2431 cupio,
684 2350 717 2410 et
744 2346 893 2411 omnibus
915 2345 991 2408 viris
1018 2345 1113 2408 bonis

161 2433 366 2499 satisfaciam.
410 2433 476 2499 Fac
498 2435 605 2499 valeas
628 2456 741 2518 meque
764 2437 877 2499 mutuo
900 2433 1024 2517 diligas

536 2690 539 2694 .
614 2626 654 2694 V.

286 2740 342 2796 Ser.
362 2739 468 2795 Romae
486 2741 552 2819 ante
570 2740 643 2796 Non.
661 2739 779 2795 Martias
797 2756 822 2794 a.
841 2757 868 2793 11.
887 2756 910 2794 c.
930 2744 988 2795 711.

443 2863 571 2920 CICERO
590 2863 734 2919 PLANCO
754 2862 830 2918 SAL.

126 2978 140 3026 1
225 2964 326 3030 Binas
349 2987 369 3030 a
390 2968 423 3029 te
447 2964 555 3048 accepi
572 2964 698 3028 litteras
721 2963 833 3028 eodem
852 2961 1006 3045 exemplo,
1029 2958 1113 3042 quod

158 3054 266 3138 ipsum
280 3057 471 3138 argumento
485 3052 566 3117 mihi
583 3053 648 3117 fuit
665 3051 851 3136 diligentiae
868 3053 954 3133 tuae,
972 3047 1115 3112 intellexi

160 3144 246 3208 enim
268 3145 301 3207 te
323 3143 484 3226 laborare,
509 3145 547 3205 ut
569 3140 610 3205 ad
636 3162 688 3206 me
715 3139 795 3204 mihi
823 3137 1115 3223 exspectatissimae

230 3299 282 3369 Ep.
301 3304 327 3365 4,
341 3303 366 3352 2.
402 3297 560 3366 reprimere,
585 3301 635 3351 11111
661 3295 737 3366 (W.).
781 3296 1000 3363 reprimamur
1020 3291 1114 3361 vulgo.

158 3376 183 3424 3.
207 3370 332 3436 facultas
350 3400 383 3408 -
402 3373 456 3437 opt.
480 3385 514 3422 m.
539 3368 646 3436 quidem
664 3367 760 3421 -1111Ι
782 3365 857 3434 (W.).
906 3365 970 3431 fio.
993 3380 1028 3416 111.
1052 3378 1076 3429 q.
1095 3366 1114 3414 1.

147 3440 241 3506 vulgo.
295 3445 321 3495 4.
347 3444 480 3511 peretur,
507 3439 647 3493 1111110111
672 3436 739 3506 (M.).
788 3452 815 3505 9.
839 3435 882 3505 [111
904 3434 953 3504 sc]
981 3433 1060 3497 Era,
1083 3431 1115 3484 B.

125 3520 244 3562 rerum:
258 3511 338 3579 quid
354 3554 360 3567 .
374 3555 399 3568 ..
417 3516 549 3585 paratur,
568 3511 616 3584 soc
635 3508 693 3583 (rel
708 3513 742 3565 111
758 3507 873 3577 1011111
889 3505 973 3559 scium
988 3502 1073 3573 (11111
