2370 3878
310 144 575 228 ‘nmsromann
593 152 667 207 xm.
687 159 710 208 e.
722 169 745 207 a
761 153 788 207 a
809 159 832 208 τ.
983 152 1049 216 493

533 400 607 467 VH.

256 512 313 569 Sor.
333 512 438 569 Romae
457 529 552 569 mense
571 513 685 569 Octobri
703 530 728 569 a.
747 531 773 569 n.
794 531 815 568 c.
833 519 891 568 709.

388 634 517 691 CICERO
537 633 669 691 CLUVIO
689 635 763 691 SAL.

162 733 270 812 Quum
287 736 323 800 in
341 733 480 800 Galliam
499 735 704 819 proficiscens
727 750 786 820 pro
809 739 922 800 nostra
943 755 1051 800 neces·
1070 745 1084 794 1

94 823 237 890 situdine
253 843 378 908 proque
404 827 462 888 tua
490 844 614 888 summa
641 825 677 886 in
704 845 754 888 me
784 823 988 888 observantia
1012 824 1052 888 ad

94 933 148 977 me
171 910 303 977 domum
334 913 490 995 venisses,
521 913 648 975 locutus
677 933 748 975 sum
774 915 881 976 tecum
911 912 950 976 de
973 933 1052 996 agro

94 998 248 1085 vectigali
284 1000 450 1084 municipii
482 998 639 1081 Atellani,
671 1000 726 1082 qui
758 1003 842 1063 esset
873 1000 908 1062 in
940 997 1053 1082 Gallia,

96 1091 283 1171 quantoque
316 1108 411 1172 opero
443 1087 511 1151 eius
543 1087 709 1171 municipii
741 1107 837 1151 causa
863 1086 1054 1169 laborarem,

95 1175 158 1239 tibi
181 1174 323 1258 ostendi3
349 1178 425 1259 post
451 1180 541 1239 tuam
564 1177 672 1238 autem
699 1174 932 1259 profectionem
955 1194 1054 1257 quum

96 1267 130 1327 et
152 1264 293 1327 maxima
314 1282 365 1327 res
388 1263 554 1346 municipii
577 1263 796 1327 honestissimi
814 1262 956 1345 mihique
979 1282 1052 1326 con-

94 1351 290 1415 iunctissimi
321 1356 354 1415 et
385 1373 545 1416 summurn
581 1371 688 1414 meum
723 1349 864 1414 officium
896 1353 1053 1434 ageretur,

96 1458 156 1522 pro
179 1442 236 1504 tuo
260 1440 367 1503 animo
390 1440 425 1502 in
444 1460 494 1503 me
513 1439 669 1524 singulari
688 1438 868 1503 existimavi
890 1459 940 1502 me
959 1460 1052 1522 opor·

96 1530 166 1591 tere
189 1526 227 1590 ad
245 1531 278 1591 te
297 1527 476 1591 accuratius
495 1527 640 1610 scribere,
663 1527 724 1590 etsi
742 1548 810 1591 non
828 1548 900 1591 sum
917 1528 1053 1609 nescius,

98 1617 132 1677 et
159 1634 240 1697 quae
262 1617 444 1698 temporum
466 1615 549 1679 ratio
579 1618 612 1678 et
639 1635 720 1698 quae
747 1619 804 1680 tua
831 1618 975 1699 potestas
1003 1616 1053 1697 sit,

97 1701 221 1786 tibique
253 1704 420 1788 negotium
452 1703 562 1767 datum
594 1724 663 1767 esse
696 1725 716 1767 a
742 1701 777 1768 G.
804 1701 954 1785 Caesare,
986 1723 1053 1765 non

97 1789 264 1874 iudicium,
296 1792 458 1874 praeclare
489 1791 649 1875 intelligo:
683 1812 781 1874 quare
813 1812 833 1855 a
863 1794 897 1859 te
925 1792 1053 1853 tantum

97 1880 188 1962 peto,
216 1882 374 1961 quantum
400 1882 433 1942 et
459 1883 491 1943 te
514 1879 619 1942 facere
646 1899 740 1962 posse
769 1881 801 1942 et
822 1877 960 1940 libenter
982 1898 1053 1939 mea

98 1987 196 2030 causa
227 1966 389 2031 facturum
421 1986 490 2030 esse
517 1967 663 2030 arbitror.
717 1964 762 2029 Et
791 1965 930 2048 primum
957 1964 1088 2027 velima

97 2053 274 2137 existimes,
302 2053 387 2138 quod
409 2074 460 2119 res
483 2058 545 2138 est,
577 2053 742 2138 municipii
771 2052 918 2117 fortunas
942 2072 1052 2115 omnes

97 2141 135 2204 in
156 2142 219 2206 isto
246 2142 396 2226 vectigali
423 2143 610 2225 consistere,
641 2141 693 2206 his
721 2143 828 2206 autem
854 2140 1053 2224 temporibus

97 2229 162 2294 hoc
188 2230 411 2314 municipium,
440 2229 586 2293 maximis
614 2228 765 2294 oneribus
787 2250 946 2313 pressum,
970 2250 1053 2292 sum-

97 2317 160 2380 mis
190 2317 338 2382 affectum
371 2339 440 2381 esse
472 2316 724 2381 difficultatibus.
773 2316 845 2382 Hoc
877 2317 937 2381 etsi
969 2336 1053 2380 com-

98 2425 196 2470 mune
218 2405 343 2469 videtur
371 2425 439 2469 esse
467 2426 539 2468 cum
566 2405 689 2488 multis,
716 2408 825 2469 tamen
855 2405 934 2469 mihi
962 2404 1052 2469 crede

99 2493 279 2578 singulares
293 2493 369 2558 huic
382 2492 556 2575 municipio
576 2493 775 2557 calamitates
794 2493 954 2576 accidisse,
973 2512 1052 2574 quas

98 2580 217 2646 idcirco
249 2602 317 2645 non
345 2601 569 2664 commemoro,
598 2602 640 2645 nc
673 2581 711 2645 de
741 2581 876 2645 miseriis
908 2600 1053 2642 meorum

99 2669 353 2734 necessariorum
380 2689 580 2752 conquerens
607 2669 768 2752 homines,
792 2689 872 2752 quos
894 2667 985 2748 nolo,
1008 2666 1052 2729 vi·

98 2755 176 2820 dear
194 2757 363 2821 offendere.
398 2757 520 2841 Itaque,
538 2756 601 2820 nisi
619 2778 772 2842 magnam
793 2778 808 2820 s
832 2777 883 2819 em
900 2754 1053 2818 haberem
1071 2768 1089 2816 a

99 2841 134 2908 (l.
158 2842 286 2909 Caesari
313 2867 374 2910 nos
402 2866 533 2909 causam
560 2845 726 2928 municipii
752 2779 959 2930 prolaturos,
986 2863 1054 2907 non

98 2935 169 2996 erat
191 2953 296 3018 causa,
319 2954 375 2997 cur
398 2954 417 2995 a
438 2935 471 2995 te
494 2933 556 2997 hoc
577 2935 722 3016 tempore
741 2932 861 3017 aliquid
882 2931 1053 2997 contende·

96 3041 179 3102 rem3
207 3020 275 3104 sed,
303 3021 378 3103 quia
404 3018 532 3085 confido
559 3021 700 3104 mihique
731 3021 877 3105 persuasi
903 3020 994 3083 illum
1022 3021 1054 3081 et

97 3107 267 3192 dignitatis
294 3108 461 3191 municipii
493 3111 526 3171 et
552 3109 723 3192 aequitatis
750 3113 783 3173 et
815 3109 913 3172 etiam
941 3107 1054 3171 volun·

96 3196 174 3259 tatis
207 3215 284 3279 erga
316 3217 350 3260 se
380 3196 568 3261 habiturum
591 3217 659 3260 esse
686 3197 858 3280 rationem,
884 3195 956 3258 ideo
979 3215 998 3257 a
1020 3197 1055 3257 te

168 3403 218 3473 Ep.
241 3409 264 3470 7,
279 3409 303 3455 2.
341 3405 531 3472 municipium,
549 3405 677 3459 maximis
696 3405 771 3472 (W.).
807 3419 841 3457 m.
860 3418 895 3456 m.
909 3401 1004 3470 vulgo.
1018 3428 1054 3441 -

96 3488 234 3529 commane
252 3473 361 3527 videtur
380 3474 436 3542 (M.‚
455 3475 560 3546 vulgo).
597 3491 619 3528 c.
638 3476 664 3529 ec'
680 3491 705 3528 o.
724 3474 765 3543 Ia,
783 3473 815 3528 Β.
848 3487 852 3494 ’
