2370 3878
126 149 193 214 490
409 148 446 202 Μ.
466 146 589 203 TULLII
609 146 800 204 CICERONIS

126 317 190 378 quo
205 293 312 358 animo
330 291 464 357 fortiore
483 292 605 375 essetiS,
623 291 686 356 nisi
705 313 762 357 vos
781 292 937 358 fortiores
953 316 1085 380 cognos-

126 404 193 447 sem
216 402 312 466 quem
340 401 532 464 quemquam
559 380 672 444 virum.
716 379 762 445 Et
787 384 901 445 tamen
931 384 1086 449 eiusmodi

125 491 218 554 spero
241 469 373 554 negotia
400 490 483 552 esse,
514 472 551 533 ut
578 471 611 532 et
637 489 695 533 vos
722 469 795 534 istic
826 471 1085 537 commodissime

125 578 249 640 sperem
273 578 341 621 esse
364 559 397 620 et
419 578 470 621 me
498 556 672 640 aliquando
695 577 768 622 cum
797 557 959 623 similibus
985 562 1086 625 nostri

89 663 192 710 orem
214 645 377 729 publicam
399 646 420 724 †
443 644 641 710 defensuros.
687 643 746 711 Tu·
762 644 906 730 primum
928 648 1084 714 valetudi-

124 755 198 797 nem
225 738 315 798 tuam
341 733 437 798 velim
465 754 569 816 eures3
602 732 729 817 deinde,
761 734 789 798 si
820 734 882 798 tibi
915 735 1086 821 videbitur,

123 821 207 886 villis
225 822 265 886 iis
283 825 384 905 utare,
407 842 488 906 quae
506 821 693 907 longissime
713 821 850 887 aberunt
872 844 894 887 a
916 824 1084 890 militibus.

122 909 237 975 Fundo
265 910 416 994 Arpinati
442 910 524 975 bene
555 910 676 993 poteris
704 909 753 974 uti
780 930 853 975 cum
883 910 1014 977 familia
1036 937 1084 978 ur·

122 1000 221 1084 bana,
250 999 277 1064 si
304 1020 435 1064 annona
462 997 566 1062 carior
594 997 700 1063 fuerit.
746 994 857 1063 Cicero
885 999 1082 1067 bellissimus

122 1087 182 1151 tibi
215 1088 351 1154 salutern
382 1086 553 1171 plurimam
586 1085 672 1151 dicit.
716 1084 826 1152 Etiam
854 1089 952 1172 atque
986 1090 1083 1154 etiam

123 1177 202 1242 vale.
247 1175 286 1241 D.
310 1193 366 1241 vn.
389 1174 465 1240 idus
488 1173 559 1240 Iun.

553 1367 645 1434 VIII.

145 1481 201 1537 Ser.
221 1482 250 1536 in
269 1482 369 1536 castris
387 1480 514 1550 Pompeii
533 1497 557 1534 a.
577 1481 603 1534 d.
622 1479 669 1534 IV.
688 1478 760 1534 Non.
779 1479 839 1534 lun.
860 1495 884 1534 a.
904 1498 933 1535 u.
952 1498 977 1535 c.
1000 1490 1058 1538 706.

298 1602 453 1658 TULLIUS
473 1603 685 1658 TERENTIAE
705 1602 798 1658 SUAE
818 1602 893 1658 SAL.

188 1703 222 1770 Si
236 1705 333 1788 vales,
351 1702 432 1768 bene
448 1706 506 1788 est,
524 1724 584 1789 ego
603 1704 704 1769 valeo.
739 1701 970 1769 Valetudinem
990 1710 1079 1772 tuam

121 1794 217 1859 velim
245 1814 335 1858 eures
364 1791 621 1878 diligentissime3
652 1813 729 1856 narn
755 1790 835 1856 mihi
862 1795 895 1857 et
923 1795 1080 1880 scriptum

122 1888 155 1949 et
168 1883 353 1949 nuntiatum
368 1885 416 1946 est
430 1884 462 1946 te
480 1882 515 1947 in
529 1881 645 1946 febrim
666 1879 773 1946 subito
787 1878 948 1947 incidisse.
986 1882 1079 1960 Quod

122 1973 266 2038 celeriter
293 1993 344 2036 me
371 1969 475 2036 fecisti
503 1969 542 2034 de
574 1966 720 2035 Caesaris
751 1968 867 2034 litteris
899 1971 1079 2056 certiorem,

27 2078 32 2089 ·
121 2061 226 2125 fecisti
253 2059 332 2125 mihi
361 2061 498 2144 gratum.
547 2056 630 2123 Item
657 2057 807 2142 posthae,
835 2057 862 2121 si
890 2059 969 2140 quid
998 2082 1077 2146 opus

122 2149 191 2232 erit,
214 2148 242 2212 si
265 2147 341 2232 quid
364 2146 515 2212 acciderit
537 2147 622 2231 novi,
644 2146 753 2230 facies,
774 2150 811 2212 ut
834 2145 942 2212 seiam.
984 2145 1078 2233 Uura,

121 2239 158 2301 ut
179 2237 296 2301 valeas.
340 2234 430 2301 Vale.
474 2235 596 2300 D.n11.
619 2232 704 2301 Non.
726 2233 798 2300 Iun.

569 2427 625 2493 IX.

244 2540 301 2597 Ser.
320 2537 462 2594 Brundisii
479 2555 574 2594 mense
593 2540 741 2595 Decembri
758 2555 784 2595 a
802 2558 829 2594 n.
849 2556 872 2594 c.
893 2545 953 2594 706.

192 2662 353 2724 Tuumne
367 2660 578 2718 TERENTIAE
599 2661 692 2716 SUAE
713 2663 787 2718 SAL.
802 2661 1005 2718 PLURIMAM.

187 2763 240 2829 Ad
255 2767 376 2828 ceteras
390 2782 478 2827 meas
492 2761 637 2827 miserias
651 2763 786 2828 secessit
800 2761 891 2829 dolor
902 2762 923 2840 †
933 2766 967 2826 et
979 2761 1077 2827 Dola·

120 2851 224 2917 bellae
242 2850 425 2915 valetudine
444 2853 477 2915 et
495 2849 534 2915 de
548 2850 682 2915 Tulliae.
718 2849 858 2916 Omnino
873 2849 912 2915 de
927 2850 1077 2915 omnibus

120 2939 216 3004 rebus
235 2958 294 3003 neo
313 2939 390 3022 quid
409 2939 535 3004 consilii
553 2939 678 3024 capiam
695 2958 755 3004 nec
774 2937 851 3021 quid
868 2937 987 3002 faciam
1002 2939 1077 3003 scio.

121 3028 172 3092 Tu
189 3027 286 3092 velim
304 3029 395 3091 tuam
416 3030 448 3091 et
467 3025 590 3091 Tulliae
608 3024 825 3092 valetudinem
849 3046 948 3091 cures.
986 3024 1077 3091 Vale.

191 3200 243 3271 Ep.
268 3206 297 3268 7,
315 3205 340 3253 2.
376 3202 395 3265 †
414 3198 571 3265 defensuros
593 3198 668 3268 (Ν).
714 3198 888 3264 defensurum
912 3195 1008 3264 (Cret.)
1028 3200 1078 3251 aut

120 3272 294 3338 defensurum
307 3268 448 3338 essem).
481 3275 506 3322 3.
525 3269 695 3338 utare(W.).
722 3267 959 3338 atereM.‚vulgo.
988 3267 1040 3336 Ep.
1053 3274 1076 3322 8.

126 3342 193 3397 Vale
220 3341 404 3410 (M.‚vu130).
451 3337 546 3410 [Vale]
571 3339 684 3408 Kleyn.,
707 3338 737 3392 B.
787 3337 810 3392 E
833 3379 839 3391 .
859 3344 883 3392 9.
920 3338 999 3392 dolor
1016 3342 1034 3402 †
1054 3342 1079 3391 et

120 3411 184 3468 Dol.
203 3427 228 3466 o.
247 3417 272 3466 et
289 3411 322 3466 de
342 3411 373 3464 T.
393 3408 460 3480 (M.).
497 3409 524 3464 d.
543 3424 577 3463 erc
594 3408 632 3463 D.
650 3426 675 3465 v.
694 3414 719 3465 et
739 3407 770 3463 T.
791 3355 875 3476 Ulli?
912 3407 939 3463 d.
954 3406 1078 3464 etdeD.

119 3497 145 3538 e.
164 3487 189 3536 et
206 3482 238 3536 de
258 3479 290 3534 T.
309 3479 350 3534 ed.
370 3478 437 3545 Ere,
455 3477 587 3550 Hittorp.,
606 3479 637 3534 B.
