2370 3878
316 156 575 215 EPISTOLARUM
592 156 667 213 V111.
688 164 728 213 15.
749 162 790 212 tc.
967 155 1033 221 255

512 406 601 473 XVI.

205 516 263 576 Ser.
282 536 377 575 mense
396 519 487 589 Aprili
506 520 627 587 (circiter
645 518 696 587 Id.)
716 535 740 574 a.
759 536 786 574 u.
806 535 829 575 c.
850 523 909 575 705.

335 642 488 698 CAELIUS
507 643 678 698 CICERONI
698 643 772 697 SAL.

144 741 359 809 Exanimatus
390 744 455 808 tuis
484 743 614 826 litteris,
646 743 762 826 quibus
793 746 826 808 te
858 743 940 808 nihil
972 745 1068 808 nisil

76 832 171 898 triste
195 832 336 917 cogitare
360 831 530 897 ostendisti
551 853 665 915 neque,
687 831 720 895 id
743 831 819 915 quid
843 837 939 916 esset,
966 855 1035 916 per-

77 920 237 1005 scripsisti
258 942 363 1004 neque
385 924 590 1002 nontamen,
613 920 708 1004 quale
727 924 819 1003 esset,
842 921 928 1003 quod
951 923 1035 1005 cogi·

76 1015 175 1093 taras,
198 1009 361 1093 aperuisti,
379 1009 439 1073 has
457 1008 498 1073 ad
516 1012 549 1073 te
567 1009 653 1073 illico
672 1008 797 1072 litteras
818 1009 939 1092 scripsi.
975 1008 1036 1072 Per

78 1098 230 1163 fortunas
261 1100 348 1181 tuas,
381 1095 506 1179 Cicero,
537 1118 595 1180 per
626 1096 745 1160 liberos
777 1100 810 1160 te
842 1118 898 1161 oro
926 1099 959 1160 et
982 1097 1036 1161 ob·
1117 1139 1120 1143 .

79 1207 184 1269 secto,
215 1206 256 1249 ne
289 1186 365 1268 quid
393 1186 524 1270 gravius
551 1185 590 1249 de
623 1186 726 1249 salute
757 1188 790 1249 et
816 1185 1036 1249 incolumitate

78 1277 139 1340 tua
166 1274 329 1356 consulas3
356 1295 433 1338 nam
460 1274 537 1339 deos
563 1273 774 1357 hominesque
802 1273 1037 1356 amicitiamque

79 1365 228 1427 nostram
249 1362 404 1429 testificor
426 1385 477 1427 me
500 1363 560 1427 tibi
578 1362 774 1446 praedixisse
791 1383 895 1446 neque
918 1366 1037 1427 temere

80 1451 255 1533 monuisse,
277 1451 342 1534 sed,
364 1454 535 1534 postquam
552 1449 721 1516 Caesarem
739 1451 944 1517 convenerim
967 1473 1037 1516 sen·

81 1539 282 1622 tentiamque
305 1540 387 1622 eius,
416 1540 519 1622 qualis
541 1539 651 1604 futura
674 1543 758 1604 esset
779 1544 873 1623 parta
896 1541 1039 1622 victoria,

54 1688 60 1696 .
84 1627 299 1713 cognoverim,
321 1630 354 1692 te
377 1629 545 1693 certiorem
562 1628 685 1692 fecisse.
721 1626 755 1692 si
778 1629 941 1693 existimas
964 1650 1038 1692 ean-

84 1716 157 1781 dem
183 1716 343 1783 rationem
369 1716 439 1782 fore
468 1715 612 1782 Caesaris
640 1717 675 1781 in
702 1716 901 1781 dimittendis
929 1717 1038 1781 adver·

85 1804 179 1869 seriis
211 1809 244 1869 et
275 1805 516 1870 condicionibus
545 1805 700 1888 ferendis,
729 1826 829 1869 erras:
862 1805 945 1868 nihil
976 1806 1039 1868 nisi

85 1896 178 1959 atrox
200 1897 233 1957 et
256 1915 386 1957 saevum
409 1894 531 1977 cogitat
554 1895 649 1976 atque
673 1893 770 1956 etiam
796 1893 951 1975 loquitur:
978 1893 1039 1955 ira-

85 1984 139 2045 tus
167 1982 293 2045 senatui
326 1981 415 2063 exiit,
446 1980 497 2044 his
524 1980 807 2045 intercessionibus
839 1981 935 2063 plane
962 1979 1039 2044 inci-

84 2072 172 2133 tatus
202 2073 264 2152 est3
295 2091 362 2134 non
389 2069 586 2133 mehercules
613 2069 674 2133 erit
696 2068 912 2152 deprecationi
941 2069 1039 2133 locus.

86 2156 200 2241 Quare,
224 2158 251 2221 si
272 2157 333 2221 tibi
355 2161 401 2240 tu,
424 2158 452 2222 si
473 2157 559 2222 filius
582 2157 704 2240 unicus,
728 2157 755 2221 si
771 2157 894 2241 domus,
917 2156 944 2220 si
967 2179 1039 2241 spes
1058 2170 1074 2218 2

84 2248 162 2309 tuae
193 2245 335 2328 reliquae
365 2246 427 2310 tibi
458 2269 550 2311 carae
582 2249 671 2330 sunt,
698 2245 726 2309 si
752 2245 872 2329 aliquid
900 2245 984 2329 apud
1007 2248 1040 2310 te

85 2354 160 2417 nos,
187 2333 215 2397 si
237 2333 285 2397 vir
309 2334 462 2416 optimae,
489 2355 588 2419 gener
610 2337 702 2418 tuus,
725 2335 881 2419 valemus,
904 2355 1040 2418 quorum

84 2421 252 2486 fortunam
275 2441 343 2484 non
366 2420 461 2484 debes
484 2423 565 2486 velle
588 2422 792 2507 conturbare,
815 2427 852 2486 ut
874 2444 946 2486 eam
968 2443 1040 2486 cau-

86 2530 170 2590 sam,
197 2509 232 2570 in
255 2508 344 2571 cuius
372 2508 505 2573 victoria
528 2511 614 2575 salus
637 2515 750 2577 nostra
773 2515 834 2594 est,
857 2510 961 2574 odisse
985 2514 1041 2573 aut

86 2597 267 2680 relinquere
292 2616 444 2680 cogamur
466 2602 523 2662 aut
544 2599 676 2683 impiam
697 2599 905 2682 cupiditatem
928 2600 1041 2661 contra

88 2686 224 2750 salutem
251 2687 342 2748 tuam
368 2684 544 2752 habeamus
566 2711 622 2770 -3
650 2686 787 2771 denique
813 2685 893 2750 illud
921 2686 1041 2770 cogita:

88 2773 173 2856 quod
197 2772 338 2838 offensae
360 2773 458 2838 fuerit
480 2775 515 2837 in
533 2775 596 2839 ista
615 2775 828 2858 cunctatione,
849 2777 882 2838 te
906 2773 1042 2857 subisse3

87 2883 174 2926 nunc
205 2866 238 2925 te
265 2864 379 2926 contra
410 2862 564 2927 victorem
596 2859 765 2927 Caesarem
796 2863 915 2946 facere,
947 2884 1043 2947 quem

88 2948 193 3014 dubiis
215 2949 311 3013 rebus
334 2949 459 3014 laedere
482 2950 624 3034 noluisti,
647 2950 743 3014 etad
766 2972 821 3015 eos
838 2950 969 3037 fugatos
993 2972 1042 3015 ac·

88 3037 212 3120 cedere,
248 3058 329 3121 quos
365 3038 550 3102 resistentes
588 3038 678 3122 sequi
713 3039 868 3123 nolueris,
900 3059 1042 3104 summae

89 3125 245 3189 stultitiae
268 3129 326 3190 est.
363 3125 455 3210 Vide,
477 3147 528 3211 ne,
550 3126 626 3192 dum
648 3126 749 3210 pudet
770 3130 803 3191 te
823 3149 937 3210 parum
961 3126 1042 3209 opti·

157 3280 209 3351 Ep.
232 3288 276 3349 16,
297 3287 320 3336 1.
362 3283 437 3338 illico
456 3282 516 3350 (Ma
536 3284 573 3337 ad
590 3284 650 3337 Att.
668 3282 707 3351 X,
727 3289 752 3351 9,
770 3284 819 3352 A),
843 3282 937 3352 vulgo.
979 3282 1044 3336 ilico

87 3349 124 3434 M,
144 3354 173 3407 et
190 3352 240 3405 Mi
260 3352 308 3420 (ad
325 3353 453 3422 Att.),.B.
479 3358 503 3408 2.
523 3351 671 3408 habeamus
689 3375 738 3419 -,·
756 3355 815 3408 dea.
835 3352 908 3419 (W).
945 3351 970 3406 h.
990 3351 1043 3432 De·

87 3437 170 3504 acque
187 3422 282 3492 vulgo.
303 3452 336 3462 —
361 3425 489 3478 uiderem
507 3424 648 3479 Gaesarem
667 3424 713 3491 (M.
734 3424 771 3478 ad
788 3423 860 3489 Ate,
879 3421 938 3490 W,
957 3423 987 3476 et
1004 3437 1044 3477 sic

87 3493 178 3548 voluit
195 3493 245 3561 Β.).
284 3491 426 3549 (lunarem
444 3510 496 3550 om.
515 3495 562 3566 M,
581 3495 676 3568 vulgo
