2370 3878
159 158 222 221 565
442 158 478 211 n.
498 156 620 210 'slJLLlI
639 154 829 211 CICERONIS

158 302 272 366 studiis
291 304 323 365 et
343 301 464 364 artibus
480 322 548 364 csse
567 300 711 402 adeptos,
729 322 810 384 quae
830 301 897 366 sint
909 302 1010 367 nobis
1026 301 1121 368 Grae·
1170 370 1172 375 ,

159 392 226 454 ciae
245 390 462 453 monumentis
481 389 720 473 disciplimsquc
733 389 862 453 tradita.
900 388 1009 465 Quare
1032 414 1120 476 prae·

157 486 208 542 ter
230 499 432 543 communem
455 477 559 560 fidem,
583 499 664 561 quae
687 478 836 542 omnibus
859 478 1007 562 debetur,
1031 502 1120 564 prae·

158 574 246 631 terea
278 587 338 630 nos
369 566 422 629 isti
454 566 624 630 hominum
656 566 766 651 generi
797 567 972 650 praecipue
1004 569 1120 632 debere

159 656 312 736 videmur,
334 660 380 737 ut,
399 675 536 738 quorum
554 655 733 738 praeceptis
752 676 863 719 sumus
881 655 1011 739 eruditi,
1037 657 1120 741 apud

159 765 213 808 eos
245 744 347 826 ipsos,
379 744 464 826 quod
497 742 539 806 ab
570 742 610 806 iis
642 742 861 826 didicerimus,
897 743 1038 808 velimus
1073 766 1120 808 cx·

158 854 313 916 promere.

107 908 145 1012 ¹,ss
225 922 332 1004 Atque
355 921 408 984 ille
432 919 560 1004 quidem
578 919 727 1003 princeps
746 918 869 1004 ingenii
892 922 926 983 et
948 920 1119 985 doctrinae

119 998 130 1011 ⁴
159 1008 252 1074 Plato
275 1015 344 1072 tum
368 1008 504 1091 denique
528 1008 596 1071 fore
617 1008 729 1071 beatas
747 1029 797 1071 res
816 1007 962 1091 publicas
982 1010 1120 1092 putavit,

160 1099 186 1161 si
211 1104 267 1161 aut
290 1098 375 1162 docti
403 1101 436 1160 et
463 1096 624 1179 sapientes
651 1096 798 1160 homines
825 1117 880 1159 eas
906 1116 1021 1181 regere
1051 1119 1119 1162 coe-

159 1188 282 1269 pissent
315 1190 371 1250 aut
398 1186 435 1266 ii,
466 1185 521 1267 qui
544 1188 706 1269 regerent,
738 1205 832 1255 omne
856 1205 949 1247 suum
975 1185 1120 1249 studium

160 1276 194 1338 in
218 1275 364 1338 doctrina
387 1277 419 1336 et
442 1273 601 1356 sapientia
624 1273 847 1337 collocassent:
874 1272 960 1335 hanc
985 1273 1120 1337 coniun-

160 1364 300 1426 ctionem
323 1361 470 1425 videlicet
492 1361 662 1444 potestatis
680 1364 713 1423 et
733 1360 909 1444 sapientiae
928 1360 1028 1424 saluti
1048 1382 1120 1425 cen-

162 1452 225 1513 suit
249 1451 432 1514 civitatibus
455 1470 525 1512 esse
547 1470 656 1531 posse3
679 1448 763 1531 quod
781 1448 919 1512 fortasse
942 1448 1121 1531 aliquando

161 1539 328 1601 universae
356 1538 401 1600 rei
428 1536 575 1619 publicae
603 1542 746 1619 nostrae,
772 1558 859 1600 nunc
888 1536 1018 1619 quidem
1046 1560 1120 1621 pro·

160 1626 245 1688 fecto
269 1625 323 1688 isti
341 1624 524 1708 provinciae
543 1625 690 1708 contigit,
712 1629 749 1688 ut
766 1625 793 1689 is
814 1625 848 1688 in
867 1646 938 1689 earn
957 1647 1120 1689 summam

161 1718 355 1797 potestatem
377 1713 525 1796 haberet,
551 1713 602 1776 cui
626 1713 660 1776 in
683 1713 843 1796 doctrina,
866 1714 916 1776 cui
939 1713 973 1776 in
998 1714 1119 1778 virtute

162 1808 257 1885 atque
280 1802 481 1866 humanitate
508 1800 713 1885 percipienda
739 1802 913 1884 plurimum
936 1822 956 1864 a
977 1802 1120 1884 pueritia

120 1917 147 1956 ao
162 1892 259 1956 studii
282 1892 397 1956 fuisset
420 1893 452 1954 et
474 1890 637 1973 temporis.
682 1887 786 1964 Quare
810 1911 899 1972 cura,
925 1893 963 1953 ut
984 1888 1039 1953 hic
1063 1911 1120 1953 an·

161 2002 232 2063 nus,
256 1981 310 2063 qui
334 1980 374 2043 ad
402 1979 545 2042 laborem
571 1981 665 2040 tuum
687 1978 833 2060 accessit,
860 1976 946 2041 idem
969 1977 1010 2040 ad
1034 1979 1119 2042 salu·

161 2074 226 2132 tem
250 2069 347 2131 Asiae
374 2069 567 2150 prorogatus
595 2087 663 2129 osse
691 2065 844 2129 videatur.
895 2064 1056 2140 Quoniam
1084 2066 1119 2130 in

161 2161 193 2220 te
217 2156 384 2220 retinendo
408 2155 471 2218 fuit
493 2152 574 2217 Asia
595 2153 732 2236 felicior,
760 2175 855 2236 quam
878 2174 938 2217 nos
961 2154 996 2216 in
1020 2154 1117 2217 dedu·

162 2245 278 2327 cendo,
313 2244 443 2326 perfice,
479 2247 516 2306 ut
551 2239 675 2306 laetitia
705 2242 888 2325 provinciae
925 2241 1119 2306 desiderium

161 2335 308 2395 nostrum
331 2331 483 2412 leniatur,
506 2331 635 2413 etenim,
657 2330 737 2394 siin
757 2329 979 2413 promerendo,
1001 2334 1040 2393 ut
1057 2331 1118 2394 tibi

161 2420 246 2483 tanti
267 2420 408 2484 honores
430 2418 639 2501 haberentur,
662 2419 775 2501 quanti
797 2417 884 2482 haud
907 2418 973 2481 scio
996 2438 1041 2481 an
1063 2439 1118 2482 ne·

162 2509 250 2591 mini,
269 2508 361 2572 fuisti
381 2507 523 2570 omnium
542 2505 815 2590 diligentissimus,
837 2506 939 2570 multo
963 2507 1119 2570 maiorem

162 2599 197 2660 in
219 2595 456 2668 iishonoribus
475 2594 602 2658 tuendis
617 2593 768 2657 adhibere
787 2594 987 2679 diligentiam
1011 2594 1120 2658 debes.

121 2685 321 2768 aliquidem
354 2685 392 2748 de
419 2684 482 2748 isto
515 2702 631 2767 genere
661 2681 823 2746 honorum
850 2681 926 2764 quid
956 2683 1120 2766 sentirem,

163 2774 277 2856 scripsi
300 2773 340 2835 ad
363 2774 395 2834 te
419 2776 507 2834 ante:
535 2791 660 2853 semper
687 2790 742 2834 eos
764 2770 890 2854 putavi,
917 2770 945 2833 si
967 2771 1119 2854 vulgares

163 2864 283 2941 essent,
306 2861 398 2942 viles,
421 2859 447 2922 si
469 2858 624 2941 temporis
647 2879 743 2922 causa
766 2858 1053 2942 constituerentur,
1074 2860 1118 2922 le-

162 2972 230 3031 ves3
258 2949 285 3012 si
311 2968 400 3030 vero,
431 2945 464 3008 id
492 2946 578 3029 quod
600 2947 647 3009 ita
669 2945 791 3011 factum
818 2950 880 3030 cst,
906 2946 1029 3010 meritis
1053 2946 1120 3010 tuis

161 3038 388 3118 tribuerentur,
411 3033 635 3098 existimabam
657 3035 792 3098 multam
814 3034 874 3098 tibi
896 3035 932 3098 in
953 3034 993 3098 iis
1015 3034 1141 3099 hono.

232 3263 284 3332 Ep.
305 3270 333 3330 1,
352 3268 394 3317 28.
430 3278 500 3331 quac
520 3266 586 3316 auat
609 3263 688 3317 cobis
710 3261 760 3316 Gr.
783 3261 869 3330 (W.)‘l
894 3291 927 3301 -
955 3261 1041 3316 simiis
1059 3277 1120 3315 erci-

162 3353 216 3407 ditt
240 3352 348 3432 (lens.)?
399 3356 441 3405 29.
469 3355 501 3405 at
522 3351 546 3403 is
568 3351 600 3432 io
625 3366 684 3404 eam
711 3349 786 3432 (W.)5
832 3355 863 3404 ct
884 3351 910 3403 ir
932 3350 964 3403 io
984 3331 1027 3431 'e‘d
1049 3350 1119 3432 (M).

163 3423 296 3564 ddlgrbm
318 3437 350 3475 ec
372 3421 466 3490 vulgo.
512 3426 553 3474 ³0.
577 3437 609 3474 ca
631 3422 668 3474 iis
685 3418 834 3474 hamatae
857 3420 930 3487 (W.).
977 3437 1009 3474 m
1031 3420 1075 3474 tua
1092 3421 1119 3473 la

222 3746 260 3780 Δ
370 3762 373 3767 .
