2370 3878
177 191 242 253 404
459 188 495 242 Μ.
515 187 638 242 TULLII
656 186 846 243 CICERONIS

177 356 238 418 que
252 335 347 398 rebus
367 332 516 397 omnibus
535 331 603 395 eius
618 331 768 416 dignitati
782 331 899 416 reique,
917 332 1015 398 sime
1035 356 1135 419 arnas,

177 423 336 487 eonsules:
369 420 430 507 erit
460 420 494 484 id
525 419 604 484 mihi
636 420 862 504 gratissimum.
911 419 963 484 Da
991 443 1134 507 operam,

176 513 214 573 ut
236 510 352 574 valeas.

598 699 703 765 XXII.

248 813 305 869 Ser.
324 814 429 869 Rornae
448 815 566 868 exeunte
584 829 678 867 mense
696 812 844 867 Decembri
861 829 885 867 a.
904 830 931 866 u.
951 829 973 868 c.
995 820 1056 869 710.

428 935 556 991 CICERO
576 934 782 991 CORNIFICIO
803 935 877 991 SAL.

143 1051 157 1098 1
242 1036 312 1103 Nos
330 1038 384 1102 hic
402 1058 475 1101 cum
491 1035 622 1100 homine
641 1036 818 1120 gladiatore
838 1037 981 1100 omnium
1004 1040 1131 1122 nequis-

177 1127 269 1211 simo,
292 1127 416 1210 collega
438 1127 560 1207 nostro,
582 1122 737 1207 Antonio,
759 1125 879 1188 bellum
902 1125 1054 1209 gerimus,
1077 1127 1132 1190 sed

177 1238 245 1280 non
267 1215 338 1298 pari
356 1212 553 1295 condiclone,
576 1216 690 1278 contra
708 1234 797 1276 arma
815 1212 928 1276 verbis.
965 1202 1011 1276 At
1035 1215 1132 1277 etiam

178 1305 271 1367 dete
295 1302 518 1383 concionatur,
540 1321 599 1365 nec
621 1301 766 1383 impune3
792 1322 869 1364 nam
893 1302 1023 1383 sentiet,
1051 1324 1131 1385 quos

177 1389 361 1455 lacessierit.
405 1388 478 1473 Ego
507 1391 615 1452 autem
642 1391 714 1452 ecta
738 1388 778 1451 ad
800 1393 832 1452 te
856 1389 965 1453 omnia
993 1389 1132 1455 arbitror

177 1478 332 1562 perscribi
359 1478 400 1541 ab
428 1477 512 1559 aliis,
545 1498 564 1540 a
591 1498 641 1540 me
668 1476 778 1540 futura
805 1477 901 1540 debes
929 1497 1131 1561 cognoscere,

143 1587 315 1650 equorum
343 1565 471 1649 quidem
501 1586 569 1630 non
596 1568 646 1629 est
677 1564 816 1629 difficilis
847 1564 1044 1630 coniectura:
1077 1588 1131 1650 op·

178 1675 289 1739 pressa
311 1654 420 1718 omnia
442 1657 526 1734 sunt,
548 1673 608 1717 nec
630 1652 752 1716 habent
775 1653 887 1717 ducem
905 1653 992 1735 boni,
1015 1655 1131 1718 nostri-

179 1764 240 1827 que
262 1742 491 1827 tyrannoctoni
513 1741 610 1826 longe
633 1742 778 1826 gentium
802 1741 927 1806 absunt.
971 1741 1078 1806 Pansa
1101 1748 1133 1806 et

178 1831 278 1896 sentit
299 1832 381 1895 bene
404 1835 437 1894 et
459 1830 601 1914 loquItur
622 1829 764 1911 fortiter,
786 1827 911 1894 Hirtius
934 1833 1046 1894 noster
1067 1834 1131 1894 tar-

179 1921 249 1984 dius
273 1919 476 1985 convalescit.
521 1917 604 1993 Quid
630 1917 775 1980 futurum
803 1917 860 1999 sit,
887 1918 982 2000 plane
1010 1919 1133 2000 nescio,

179 2031 252 2092 spes
274 2012 384 2073 tamen
413 2029 478 2071 una
501 2005 743 2089 estaliquando
771 2006 926 2088 populum
948 2004 1133 2070 Romanum

178 2098 336 2161 maiorum
359 2096 495 2159 similem
517 2093 595 2158 fore.
631 2092 703 2178 Rgo
728 2096 813 2156 certe
831 2094 877 2156 rei
894 2093 1042 2177 publicae
1064 2117 1134 2159 non

180 2185 273 2248 deero
297 2187 338 2266 et,
361 2179 514 2268 quidquid
529 2179 691 2265 'accident
714 2202 814 2264 aquo
833 2202 904 2244 mea
922 2183 1016 2266 culpa
1040 2184 1134 2265 absit,

180 2273 287 2337 animo
319 2271 397 2335 forti
427 2270 541 2352 feram3
573 2269 652 2333 illud
683 2269 842 2352 profecto,
874 2270 979 2352 quoad
1005 2275 1133 2352 potero:

145 2365 270 2428 atnam
292 2360 413 2423 famam
440 2361 473 2422 et
500 2357 691 2442 dignitatem
713 2357 836 2421 tuebor.
886 2357 925 2421 A.
948 2358 977 2422 d.
1000 2375 1069 2423 xm.
1093 2359 1134 2422 K.

180 2449 248 2513 Ian.
272 2452 402 2512 senatus
429 2446 580 2529 frequens
607 2446 686 2510 mihi
713 2449 762 2509 est
789 2467 939 2510 assensus
967 2468 1065 2530 quum
1095 2448 1134 2512 de

180 2537 294 2602 ceteris
317 2536 412 2601 rebus
435 2535 562 2619 magnis
585 2537 618 2598 et
640 2534 836 2615 necessariis,
857 2537 928 2598 tum
946 2534 985 2598 de
1003 2536 1133 2618 provin-

180 2627 238 2690 ciis
257 2626 297 2689 ab
316 2625 365 2709 iis,
383 2622 438 2707 qui
457 2622 648 2706 obtinerent,
667 2622 843 2686 retinendis
861 2643 965 2705 neque
984 2623 1135 2707 cuiquam

179 2714 354 2796 tradendis,
376 2711 439 2776 nisi
458 2711 517 2795 qui
535 2732 574 2774 ex
592 2712 723 2774 senatus
746 2711 893 2774 consulto
916 2713 1134 2777 successisset:

180 2802 243 2866 hoe
266 2822 326 2886 ego
350 2821 448 2884 quum
469 2799 517 2864 rei
539 2799 685 2882 publicae
713 2819 810 2863 causa
832 2799 955 2882 censui,
976 2802 1047 2864 tum
1069 2822 1134 2866 mc·

180 2889 310 2954 hercule
332 2889 368 2952 in
390 2887 501 2971 primis
518 2886 705 2952 retinendae
726 2886 894 2972 dignitatis
912 2889 1001 2971 tuae3
1025 2909 1134 2971 quam·

182 2979 292 3042 obrem
318 2980 351 3042 te
379 2977 496 3041 amoris
523 2975 627 3041 nostri
658 2996 756 3039 eausa
785 2995 879 3059 rogo,
910 2975 956 3039 rei
986 2977 1135 3059 publicae

182 3087 279 3131 causa
300 3065 421 3148 hortor,
444 3067 480 3128 ut
502 3085 543 3129 ne
566 3064 618 3128 cui
640 3063 815 3148 quidquam
832 3063 911 3127 iuris
932 3063 969 3127 in
986 3067 1045 3128 tua
1062 3087 1136 3148 pro-

181 3154 287 3218 vincia
310 3175 378 3218 esse
396 3153 519 3238 patiare
538 3155 635 3235 atque
652 3155 690 3216 ut
708 3151 815 3216 omnia
833 3151 953 3216 referas
972 3151 1013 3216 ad
1030 3152 1135 3237 digni·

146 3247 295 3326 etatem,
327 3263 391 3326 qua
421 3241 504 3306 nihil
536 3261 605 3305 esse
636 3241 745 3323 potest
774 3239 1000 3324 praestantius.
1050 3238 1136 3306 Vere

247 3451 300 3522 Ep.
322 3455 364 3521 22,
380 3457 404 3506 3.
441 3453 552 3506 cenatus
573 3447 699 3518 frequens
721 3448 835 3522 (vulgo).
877 3450 1077 3517 saalfeld.
1115 3467 1137 3507 s.

161 3521 250 3577 baud
265 3523 335 3591 sofr.
356 3523 386 3580 Β.
