2370 3878
312 196 573 251 uprsrounuuu
592 196 626 249 11.
649 201 759 250 13-15.
975 180 1032 260 51'

57 341 196 425 amabis,
224 362 323 425 quum
355 344 412 404 tua
444 361 542 424 opera
574 338 693 404 Fadius
725 340 774 404 uti
802 341 898 405 volet.
948 346 1017 427 Ego

57 452 108 495 res
135 429 300 494 Romanas
327 428 534 494 vehementm
565 434 714 512 exspecto
748 433 781 492 et
811 428 955 493 desidero
983 430 1019 494 in

56 518 247 602 primisque,
283 517 359 602 quid
397 536 489 602 agas,
526 518 605 581 scire
643 518 751 601 oupi03
787 539 863 581 nam
897 518 1018 583 iamdiu

57 610 192 691 propter
221 606 336 671 hiemis
368 605 625 690 magnitudinem
656 606 739 669 nihil
775 606 852 670 novi
885 606 925 670 ad
958 628 1018 672 nos

58 695 261 760 afferebatur.

501 885 573 954 XV.

60 999 117 1055 Sor.
132 1000 164 1054 iu
173 998 272 1055 Cilicia
284 999 400 1055 ineunte
413 1014 507 1055 mense
523 999 622 1054 Sextili
638 1001 694 1066 (111.
706 1000 831 1065 Nonasl)
847 1016 871 1054 a.
886 1019 913 1054 u.
924 1017 946 1054 o.
959 1007 1017 1056 704.

126 1125 164 1178 Μ.
183 1123 311 1180 CICERO
331 1121 404 1176 IMP.
425 1121 451 1176 S.
470 1123 502 1176 D.
521 1123 559 1177 Μ.
579 1122 708 1177 CAELIO
728 1122 853 1177 AEDILI
872 1121 951 1177 CUR.

126 1221 159 1288 N
161 1246 203 1288 on
222 1224 330 1308 potuit
349 1223 527 1286 accuratius
547 1224 601 1307 agi
619 1245 679 1287 nec
699 1224 898 1307 prudentius,
922 1244 1018 1307 quam
1039 1244 1052 1290 1
1158 1233 1161 1237 ’

59 1316 111 1378 est
134 1315 242 1376 actum
269 1334 288 1375 a
316 1315 349 1374 te
377 1332 450 1375 cum
478 1309 616 1376 Curione
645 1313 683 1376 de
712 1312 959 1396 supplicatione,
987 1317 1019 1376 et

58 1401 193 1467 hercule
225 1399 371 1464 coniecta
398 1420 448 1464 res
481 1422 520 1464 ex
552 1401 713 1464 sententia
740 1423 812 1465 mea
842 1404 890 1465 est
920 1423 1019 1484 quum

60 1489 235 1572 celeritate,
257 1491 326 1552 tum
349 1489 434 1572 quod
456 1488 494 1572 is,
517 1489 572 1572 qui
595 1493 664 1553 erat
686 1490 797 1573 iratus,
827 1490 1019 1573 competitor

60 1583 137 1642 tuus
160 1582 193 1641 at
215 1577 300 1640 idem
322 1598 421 1661 meus,
440 1598 589 1641 assensus
613 1583 662 1642 est
681 1578 719 1661 ei,
742 1578 797 1662 qui
822 1578 950 1643 ornavit
968 1599 1018 1642 res

60 1670 190 1731 nostras
222 1665 339 1729 divinis
371 1665 533 1729 laudibus:
566 1687 664 1749 quare
696 1667 777 1730 scito
809 1688 860 1730 me
891 1687 1018 1750 sperare

62 1777 113 1838 ea,
140 1774 223 1838 quae
246 1755 436 1837 sequuntur,
460 1754 500 1818 ad
524 1776 605 1837 quae
628 1758 664 1818 tu
687 1758 719 1818 te
744 1776 832 1838 para.
868 1753 1053 1819 Dolabel-2

61 1845 127 1907 lam
160 1864 179 1905 a
210 1846 243 1906 te
275 1841 400 1927 gaudeo
432 1843 572 1926 primum
603 1843 741 1925 laudari,
776 1841 890 1906 deinde
923 1844 1019 1905 etiarn

20 1960 23 1969 =
62 1931 177 2013 amari3
200 1951 276 1994 nam
295 1951 341 2013 ea,
365 1952 446 2012 quae
467 1952 576 2012 speras
597 1929 720 1993 Tulliae
739 1951 829 1993 meae
848 1929 1020 2012 prudentia

62 2019 234 2101 temperari
253 2039 357 2102 posse,
376 2018 441 2082 scio
462 2019 512 2080 cui
531 2021 606 2080 tuae
626 2018 780 2101 epistolae
794 2018 1019 2100 respondeant.

63 2106 156 2191 Quid,
179 2107 205 2170 si
228 2128 333 2170 meam
355 2106 454 2190 legas,
477 2127 574 2189 quam
597 2127 657 2190 ego
676 2109 745 2169 tum
764 2127 803 2169 ex
820 2106 885 2170 tuis
903 2106 1019 2170 litteris

63 2194 136 2258 misi
157 2195 197 2258 ad
215 2193 380 2279 Appium?
405 2193 460 2257 sed
480 2194 556 2278 quid
576 2194 676 2279 agas?
700 2194 745 2259 sio
762 2194 889 2259 vivitur.
928 2193 1019 2268 Quod

64 2286 171 2347 actum
195 2287 256 2366 est,
279 2282 312 2346 di
335 2282 528 2366 approbent:
556 2304 648 2367 spero
671 2283 741 2348 fore
768 2283 944 2347 iucundum
967 2303 1019 2367 ge·

63 2393 177 2436 nerum
199 2370 308 2454 nobis,
331 2372 530 2454 multumque
553 2371 588 2435 iu
611 2393 648 2436 eo
671 2375 729 2435 tua
751 2393 811 2436 nos
834 2371 1020 2434 humanitas

64 2460 237 2524 adiuvabit.
282 2458 347 2523 Res
373 2460 503 2542 publica
530 2481 581 2523 me
608 2458 700 2524 valde
729 2460 893 2524 sollicitat:
925 2459 1054 2523 faveos

64 2546 210 2631 Curioni,
233 2545 403 2612 Caesarem
425 2548 598 2612 honestum
622 2569 690 2612 esse
714 2549 821 2632 cupio,
844 2569 902 2631 pro
926 2547 1020 2611 Pom-

63 2638 136 2721 peio
161 2637 261 2700 emori
279 2657 423 2719 possum,
447 2637 502 2700 sed
520 2640 630 2700 tamen
648 2637 719 2720 ipsa
737 2659 771 2700 re
790 2635 920 2719 publica
938 2635 1021 2698 nihil

64 2724 145 2789 mihi
178 2728 227 2788 est
259 2725 376 2807 carina,
407 2725 443 2788 in
474 2746 538 2809 qua
568 2728 604 2788 tu
636 2746 704 2789 non
730 2724 823 2788 valde
850 2727 882 2787 te
910 2723 1021 2808 iactas,

65 2813 229 2877 districtus
257 2813 343 2876 enim
374 2811 453 2877 mihi
485 2814 602 2877 videris
630 2834 712 2896 esse,
745 2812 830 2896 quod
861 2815 893 2876 et
915 2811 1020 2876 bonus

65 2902 143 2966 civis
171 2905 204 2966 et
232 2902 338 2966 bonus
367 2901 487 2966 amicus
515 2924 556 2965 es.
606 2900 678 2985 Ego
712 2901 750 2964 de
778 2901 945 2984 provincia
969 2901 1048 2964 del

66 2990 181 3053 cedens
215 2994 418 3073 quaestorem
449 2987 593 3054 Caelium
624 2989 796 3072 praeposui
827 2989 1020 3072 provinciae.

65 3077 263 3161 „Puerum?“
285 3078 400 3161 inquis.
441 3077 486 3140 At
504 3081 714 3160 quaestorem,
733 3079 768 3140 at
784 3077 927 3140 nobilem
946 3075 1020 3138 ado-

66 3166 253 3247 lescentem,
282 3171 316 3229 at
343 3166 486 3231 omnium
513 3165 579 3229 fere
607 3166 761 3249 exemplu.
810 3162 923 3247 Neque
952 3165 1022 3226 erat

67 3253 231 3336 superiore
244 3253 367 3318 honore
381 3276 467 3338 usus,
481 3276 575 3337 quem
588 3253 808 3337 praeficerem:
829 3250 1021 3333 Pomptinus

65 3343 168 3406 multo
198 3344 273 3404 ante
301 3343 502 3427 discesserat,
529 3365 549 3406 a
577 3341 695 3416 Quinto
727 3342 827 3405 fratre
856 3339 1022 3423 impetrari

136 3533 188 3604 Ep.
210 3540 250 3588 14.
287 3532 360 3588 uitii
378 3534 415 3587 cd
432 3550 481 3588 uos
498 3535 563 3589 uoci
582 3533 642 3602 (alt.
661 3533 701 3590 M.
721 3533 794 3603 exl‘l

712 3672 716 3686 -.
789 3621 827 3679 a*
