2370 3878
351 207 611 272 EPISTOLARUM
630 209 664 262 lI.
686 214 726 263 16.
748 214 788 263 17.
1008 210 1053 274 55

93 351 277 419 consedisse
305 351 424 416 audies.
474 350 536 417 sed
568 372 629 436 ego
660 353 798 418 fortasse
830 352 989 419 vaticinor
1021 360 1054 421 et

94 441 299 507 haecomnia
313 441 460 507 meliores
474 441 648 506 habebunt
657 441 773 506 exitus:
797 442 948 508 recordor
967 443 1054 507 enim

94 529 335 615 desperationes
367 551 491 614 eorum,
524 531 579 614 qui
611 551 704 594 senes
727 535 821 595 erant
850 529 1052 596 adolescente

93 640 159 701 me;
187 639 243 683 eos
271 638 331 703 ego
358 617 496 685 fortasse
523 639 611 684 nunc
637 619 747 684 imitor
776 623 809 683 et
835 624 909 684 utor
937 621 1053 685 aetatis

93 706 185 772 vitio.
229 704 337 771 Velim
363 707 411 771 ita
438 708 502 801 sie,
520 707 577 772 sed
602 711 721 772 tamen.
810 706 936 793 Togam
962 717 1088 792 prae-s

92 798 219 860 textam
245 795 312 859 texi
339 793 443 879 Oppio
475 799 555 880 puto
586 799 619 860 te
648 796 787 879 audisse,
818 818 896 861 nam
923 794 1053 862 Curtius

94 888 207 948 noster
234 883 411 967 dibaphum
438 886 574 970 cogitat,
601 885 657 949 sed
685 907 758 949 eum
784 885 923 950 infector
950 908 1053 951 mora·

93 976 148 1037 tur
162 972 283 1039 -hoc
306 973 437 1057 aspersi,
459 976 496 1037 ut
515 974 612 1038 scires
635 994 685 1036 me
703 978 814 1038 tamen
832 975 867 1038 in
886 974 1052 1039 stomacho

94 1061 199 1125 solere
225 1060 330 1126 ridere
352 1097 405 1125 -.
448 1060 499 1127 De
520 1060 691 1125 Dolabella
718 1062 803 1144 quod
827 1063 955 1145 scripsi,
983 1085 1053 1127 sua-

93 1147 156 1213 deo
178 1149 298 1233 videas,
320 1152 487 1232 tamquam
510 1149 537 1212 si
559 1152 616 1213 tua
634 1169 685 1212 res
704 1152 828 1234 agatur.
864 1148 1055 1215 Extremum

93 1236 176 1301 illud
199 1238 272 1302 erit:
294 1259 355 1302 nos
379 1237 461 1301 nihil
483 1237 694 1321 turbulenter,
715 1237 797 1301 nihil
815 1241 935 1303 temere
958 1239 1054 1303 facie·

94 1346 181 1407 mus;
211 1330 245 1390 te
276 1329 386 1389 tamen
414 1347 556 1410 oremus,
588 1326 840 1410 quibuscumque
872 1327 991 1392 erimus
1018 1329 1055 1392 in

93 1413 199 1498 terris,
221 1417 341 1478 ut-nos
363 1414 545 1498 liberosque
563 1419 693 1479 nostros
711 1415 757 1478 ita
775 1420 894 1501 tueare,
916 1420 953 1481 ut
976 1417 1053 1480 ami·

94 1502 174 1566 citia
195 1506 309 1567 nostra
332 1505 364 1566 et
384 1506 442 1567 tua
464 1503 542 1568 fides
565 1503 753 1586 postulabit.

521 1712 627 1779 XVII.

187 1823 244 1881 Sor.
265 1824 346 1881 Tarsi
365 1841 389 1881 a
409 1824 436 1879 d.
455 1824 528 1881 XVI.
548 1825 610 1880 Kal.
632 1825 752 1881 Sextiles
771 1843 795 1881 a.
815 1845 841 1881 n
861 1844 884 1882 e.
905 1832 964 1881 ⁷04.

113 1947 151 2002 M.
171 1946 300 2004 CICERO
319 1948 392 2004 lMP.
412 1949 438 2004 S.
458 1949 491 2003 D.
510 1948 566 2003 CN.
587 1947 786 2003 SALLUSTIO
805 1947 1030 2013 PROQUAEST.

186 2047 286 2112 Binas
313 2050 437 2113 litteras
466 2070 486 2112 a
512 2051 545 2111 te
573 2048 652 2111 mihi
681 2052 784 2112 stator
810 2051 885 2112 tuus
915 2047 1088 2112 reddiditl
1122 2087 1128 2095 -

97 2135 192 2200 Tarsi
218 2159 245 2200 a.
273 2137 303 2200 d.
325 2151 398 2198 xvl.
425 2135 497 2199 Kal.
521 2133 669 2200 Sextiles:
696 2135 747 2200 his
775 2156 836 2220 ego
864 2136 989 2221 ordine,
1016 2142 1054 2201 ut

96 2224 215 2289 videris
237 2225 328 2308 velle,
351 2224 561 2308 respondebo.
597 2223 646 2289 De
670 2246 852 2290 successore
875 2247 947 2291 meo
970 2225 1054 2290 nihil

96 2313 205 2377 audivi
236 2333 336 2395 neque
367 2334 560 2397 quemquam
591 2313 660 2377 fore
693 2314 840 2379 arbitror.
894 2313 980 2390 Quin
1013 2314 1053 2378 ad

97 2401 182 2465 diem
205 2401 369 2484 decedam,
391 2402 481 2465 nulla
505 2405 685 2485 causaest,
712 2403 902 2486 praesertim
925 2403 1052 2467 sublato

96 2492 185 2553 metu
206 2487 389 2553 Parthico.'
414 2487 696 2555 Commoraturum
718 2512 770 2554 me
792 2512 952 2573 nusquam
975 2512 1053 2555 sane

96 2576 249 2660 arbitror3
276 2577 428 2642 Rhodum
456 2575 648 2643 Ciceronum
674 2599 771 2643 causa
801 2599 975 2661 puerorum
1003 2599 1053 2643 ao·

95 2686 262 2731 cessurum
288 2670 382 2750 puto,
408 2688 513 2750 neque
540 2667 573 2730 id
600 2670 712 2730 tamen
742 2669 872 2730 certum.
921 2664 975 2729 Ad
1002 2687 1053 2728 ur-

95 2754 170 2818 bem
201 2755 276 2819 volo
309 2776 406 2839 quam
436 2755 576 2839 primum
608 2755 730 2837 venire;
763 2754 819 2818 sed
850 2756 962 2818 tamen
992 2753 1054 2818 iter

95 2863 204 2906 meum
226 2843 273 2907 rei
300 2843 448 2927 publicae
477 2847 509 2908 et
530 2864 638 2908 rerum
660 2844 859 2907 urbanarum
885 2843 968 2907 ratio
997 2863 1054 2927 gu·

96 2930 254 2996 bernabit.
309 2929 480 2997 Successor
509 2934 585 2996 tuus
621 2952 689 2996 non
725 2934 833 3014 potest
868 2931 915 2995 ita
950 2935 1053 2995 matu·

94 3040 177 3102 rere,
199 3019 266 3085 ullo
289 3020 386 3085 modo
409 3023 446 3084 ut
468 3024 504 3083 tu
526 3040 578 3084 me
599 3019 636 3083 in
653 3018 733 3083 Asia
750 3018 855 3102 possis
873 3019 1054 3084 convenire.

94 3105 146 3169 De
178 3107 358 3173 rationibus
389 3107 578 3192 referendis,
614 3128 683 3172 non
714 3111 783 3172 erat
813 3105 1088 3172 incommoduma

166 3329 219 3402 Ep.
241 3338 322 3400 1o‚‘1.
359 3334 520 3390 sedtumeu.
605 3332 636 3387 Τ.
657 3333 732 3403 (W.).
769 3333 998 3388 sedtameul...
1021 3330 1052 3385 T.

94 3402 190 3473 vulgo.
215 3432 249 3443 -
272 3402 418 3461 Dolabella
526 3402 601 3474 (W.).
646 3404 693 3470 D,
707 3421 735 3529 g.
754 3403 848 3473 vulgo.
894 3400 946 3471 Ep.
966 3407 1007 3467 17,
1029 3407 1051 3454 1.

93 3472 186 3529 Binas
205 3475 312 3530 litteras
334 3475 439 3544 (hlaut-
464 3480 491 3545 .).
532 3475 654 3530 Libens
673 3474 703 3528 M
733 3515 738 3527 .
762 3502 798 3513 -
820 3477 978 3539 maturare,
996 3471 1056 3525 ullo

53 3578 56 3582 -
93 3545 172 3600 modo
190 3551 223 3600 ct
241 3545 316 3616 (W).
353 3562 386 3600 m.
408 3563 435 3602 u.
454 3563 499 3615 m,
517 3552 549 3602 at
566 3546 656 3619 vulgo
