2370 3878
154 158 617 225 352ncTUnn11
635 156 826 213 CICERONIS

154 304 240 390 quod
262 307 295 369 te
318 302 561 389 diligentissime
584 303 746 388 percipere
769 306 802 366 et
824 302 1006 367 meminisse
1021 304 1045 382 †
1059 326 1117 371 vo-

154 396 232 476 lam,
264 395 301 456 ut
327 412 369 456 ne
399 391 435 456 in
456 392 665 456 libertateet
692 392 795 455 salute
826 391 938 474 populi
969 388 1117 458 Romani

155 480 374 546 conservanda
392 480 618 544 auctoritatem
633 483 764 544 senatus
782 483 946 563 exspectes
963 480 1116 546 nondum

154 568 256 652 liberi,
277 590 318 633 ne
342 571 375 632 et
396 572 488 633 tuum
505 568 573 632 fact
558 571 628 632 tum
647 567 895 633 condemnes-
910 568 999 633 nullo
1024 571 1116 634 enim

154 656 283 740 publico
302 657 437 722 consilio
455 678 524 722 rem
541 656 704 741 publicam
720 656 907 740 liberavisti,
930 678 992 739 quo
1012 657 1115 722 etiam
1168 692 1173 703 ·

155 748 205 810 cst
230 767 282 810 res
309 745 366 809 illa
393 745 496 810 maior
522 749 555 808 et
582 744 697 810 clarior
724 781 783 828 -,
814 747 847 808 et
874 745 1115 810 adolescentem

154 835 205 898 vel
227 855 362 918 puerum
385 834 493 918 potius
512 831 681 898 Caesarem
703 832 823 897 iudices
845 836 965 897 temere
987 833 1114 917 fecisse,

155 923 210 1006 qui
233 925 358 986 tantam
377 944 507 987 causam
525 922 687 1007 publicam
705 921 831 1005 privato
851 922 985 986 consilio
1005 943 1112 987 susce-

154 1012 247 1096 perit,
269 1012 406 1095 denique
428 1011 576 1076 homines
599 1011 745 1094 rusticos,
770 1009 826 1074 sed
848 1009 1043 1075 fortissimos
1066 1012 1112 1074 vi-

154 1121 208 1165 ros
231 1101 379 1184 civesque
402 1100 555 1184 optimos,
582 1098 746 1163 dementes
773 1098 872 1163 luisse
894 1098 1025 1182 iudices,
1047 1101 1112 1183 pri-

155 1212 244 1253 mum
266 1190 383 1253 milites
410 1192 592 1271 veternum,
620 1187 853 1252 commilitones
880 1190 968 1270 tuoe,
996 1187 1111 1251 deinde

154 1278 316 1363 legionem
338 1275 502 1358 Martiam,
529 1275 691 1360 legionem
718 1279 879 1359 quartam,
907 1296 988 1358 quae
1017 1297 1111 1340 suum

155 1367 320 1429 consulem
342 1363 469 1428 hostem
491 1363 714 1428 iudicaverunt
732 1384 828 1447 seque
847 1363 888 1427 ad
907 1364 1044 1429 salutem
1065 1365 1111 1429 rei

155 1453 302 1536 publicae
325 1451 559 1517 defendendam
582 1452 797 1516 contulerunt.
833 1450 995 1516 Voluntas
1019 1474 1109 1516 sena·

155 1544 208 1604 tus
230 1561 290 1624 pro
318 1540 509 1605 auctoritate
536 1539 648 1604 haberi
672 1539 778 1624 debet,
808 1562 907 1623 quum
935 1541 1110 1605 auctoritas

121 1639 136 1686 3
155 1628 328 1712 impeditur
351 1631 448 1693 metu.
480 1627 647 1693 Postremo
671 1631 820 1712 suscepta
842 1628 903 1691 tibi
925 1649 1023 1692 causa
1046 1630 1110 1693 iam

155 1716 205 1780 bis
228 1721 291 1801 est,
313 1720 439 1781 utnon
461 1716 504 1781 sit
525 1717 700 1801 integrum:
730 1716 870 1800 primum
891 1715 1002 1781 Idibus
1025 1716 1110 1781 Mar·

155 1805 222 1890 tiis,
249 1806 364 1871 deinde
390 1806 548 1890 proxime,
575 1804 715 1870 exercitu
737 1826 823 1870 novo
847 1809 879 1869 et
902 1805 1002 1888 copiis
1025 1826 1110 1870 com·

155 1895 286 1979 paratis.
345 1893 560 1971 Quamobrem
592 1894 632 1958 ad
664 1895 773 1960 omnia
804 1893 851 1957 ita
882 1896 1028 1976 paratus,
1064 1895 1110 1958 ita

157 1984 317 2049 animatus
340 1984 436 2049 debes
460 2006 542 2068 esse,
568 2005 636 2047 non
663 1986 700 2047 ut
722 1981 804 2046 nihil
826 1982 926 2045 facias
954 1982 1018 2045 nisi
1047 1983 1109 2046 ius-

157 2094 221 2156 sus,
243 2072 298 2137 sed
320 2076 357 2137 ut
379 2095 417 2138 ca
439 2093 542 2157 geras,
565 2092 646 2153 quae
667 2071 707 2136 ab
727 2070 875 2135 omnibus
895 2091 1019 2135 summa
1038 2092 1109 2136 cum

157 2159 368 2225 admiratione
391 2160 571 2225 laudentur.

589 2351 679 2418 VIII.

220 2464 276 2521 Sor.
299 2466 405 2519 Romae
428 2465 543 2520 ineunte
570 2481 664 2520 mense
687 2465 816 2520 Ianuario
842 2481 867 2518 a.
890 2482 916 2518 u.
940 2481 962 2518 c.
988 2470 1047 2518 711.

253 2589 290 2643 M.
306 2588 434 2644 CICERO
450 2589 476 2643 S.
490 2589 523 2642 D.
538 2587 571 2640 D.
586 2586 708 2643 BRUTO
722 2588 794 2643 IMP.
810 2587 882 2643 COS.
897 2579 1012 2644 DESIG.

123 2698 136 2746 1
223 2689 273 2756 Ec
296 2693 440 2774 tempore
462 2687 555 2753 Polla
581 2690 639 2752 tua
661 2687 762 2766 misit,
792 2691 829 2753 ut
855 2688 896 2752 ad
923 2692 956 2753 te
983 2689 1112 2772 siquid

156 2780 272 2844 vellem
292 2778 401 2843 darem
418 2777 609 2860 litterarum,
627 2797 735 2861 quum,
752 2776 828 2860 quid
847 2777 1027 2861 scriberem,
1045 2799 1112 2842 non

156 2867 331 2950 habebam3
358 2865 467 2930 omnia
494 2865 580 2929 enim
608 2869 701 2930 erant
724 2886 879 2949 suspensa
906 2869 1039 2949 propter
1061 2887 1112 2930 ex-

158 2955 391 3040 spectationem
417 2956 612 3039 legatorum,
644 2953 699 3038 qui
727 2953 803 3039 quid
831 2953 986 3039 egissent,
1017 2954 1112 3018 nihil-

158 3044 234 3108 dum
247 3042 467 3107 nuntiabatur.
502 3041 592 3106 Haec
610 3046 720 3107 tamen
735 3040 903 3106 scribenda
921 3042 1113 3106 existimavi:

32 3132 34 3137 ’
156 3133 297 3216 primum
325 3134 472 3195 senatum
500 3131 717 3216 populumque
740 3127 923 3195 Romanum
951 3130 990 3195 de
1012 3135 1045 3195 te
1068 3132 1113 3195 la-

157 3222 272 3285 borare
303 3239 371 3284 non
403 3220 507 3284 solum
539 3219 651 3284 salutis
684 3239 760 3284 suae
793 3239 902 3302 causa,
932 3218 987 3284 sed
1016 3219 1114 3284 etiam

301 3434 364 3496 7,.2
401 3428 551 3484 memiana
568 3432 586 3494 †
604 3426 763 3495 colom(W
764 3431 790 3496 .).
836 3443 872 3484 m.
893 3427 953 3484 colo
975 3427 1042 3497 (W.)
1065 3430 1116 3483 aut

251 3470 341 3570 mill(
337 3503 432 3571 >m
405 3500 552 3559 mecam
569 3498 640 3554 ΜΒ

139 3419 143 3427 ’
226 3427 280 3498 Ep,

169 3447 278 3555 celric
