2370 3878
356 198 615 254 EplsTOLARUM
634 200 681 255 ΙΙΙ.
703 205 743 255 11.
760 205 800 255 12.
1015 199 1058 263 89

99 344 240 428 reperi03
263 365 367 428 neque
387 344 473 409 enim
490 344 615 409 tristius
635 344 739 410 dicere
759 344 935 428 quidquam
957 344 1057 411 debeo

99 433 192 497 eade
211 453 254 517 re,
273 454 370 516 quam
383 436 420 497 tu
438 433 507 516 ipse
522 433 683 497 ominibus
698 434 829 517 optimis
846 434 1059 518 prosequeris,

98 542 204 605 neque
223 541 291 586 non
308 541 360 586 me
377 524 489 585 tamen
507 521 633 586 mordet
651 521 780 606 aliquid.
816 519 856 586 In
875 544 938 606 quo
958 543 1058 586 unum

98 631 168 674 non
190 630 311 693 vereor,
333 630 374 674 ne
397 614 435 674 tu
457 631 573 694 parum
595 610 771 694 perspicias
794 630 845 694 ea,
867 630 944 692 quae
966 615 1059 696 gesta

99 701 186 782 sunt,
210 698 251 762 ab
275 698 347 762 aliis
366 719 436 763 esse
455 702 556 783 gesta,
580 698 696 781 quibus
716 720 776 783 ego
795 699 842 763 ita
860 698 1059 784 mandaram,

99 791 145 871 ut,
169 808 268 870 quum
291 790 361 850 tam
383 787 481 872 longe
504 785 653 851 afuturus
677 808 790 871 essem,
813 787 923 852 adme
946 808 987 851 ne
1010 808 1058 851 re·

98 875 235 958 ferrent,
263 877 410 960 agerent,
437 875 524 959 quod
546 875 748 958 probassent.
792 873 833 939 In
859 875 922 940 hoc
949 879 1092 941 autema

98 962 180 1027 mihi
201 963 281 1029 illud
305 963 456 1028 occurrit:
489 963 584 1047 „quid
606 967 643 1027 tu
670 963 784 1048 igitur,
811 963 839 1027 si
867 963 1059 1029 31111183θεῖκ

98 1073 168 1116 rem
190 1051 394 1136 probassem,
422 1051 461 1117 de
483 1056 645 1136 tempore,
672 1051 756 1116 nihil
777 1055 810 1115 te
832 1051 949 1136 invito,
976 1052 1059 1117 nihil

100 1140 169 1204 sine'
194 1140 328 1206 consilio
352 1140 491 1225 egissem
518 1144 586 1204 tuo.
630 1137 731 1204 Vides
759 1138 873 1204 sudare
901 1161 952 1203 me
979 1141 1058 1204 iam-

99 1227 221 1292 dudum
243 1225 459 1312 laborantem,
487 1227 647 1312 quomcdo
677 1249 716 1291 ea
737 1230 842 1312 tuear,
870 1248 951 1312 quae
979 1228 1059 1292 mihi

99 1315 221 1380 tuenda
245 1319 334 1401 sunt,
360 1321 398 1381 ut
419 1319 452 1381 te
479 1337 548 1382 non
575 1315 748 1381 offendam:
780 1316 852 1380 leva
880 1337 931 1381 me
958 1315 1059 1402 igitur

98 1404 164 1469 hoc
192 1425 303 1486 onere3
333 1425 511 1489 numquam
539 1405 626 1469 enim
658 1404 738 1469 mihi
765 1405 876 1470 videor
901 1408 1058 1470 tractasse

99 1513 233 1556 causam
257 1491 478 1559 difficiliorem.
524 1490 577 1558 Sic
603 1492 723 1558 habeto
750 1496 875 1558 tament
902 1493 966 1558 nisi
993 1494 1059 1557 iam

99 1583 178 1645 tunc
202 1581 311 1646 omnia
332 1583 466 1667 negotia
489 1602 562 1647 cum
585 1603 712 1646 summa
728 1584 787 1646 tua
806 1582 965 1666 dignitate
988 1582 1058 1646 dili·

100 1669 288 1753 gentissime
312 1669 536 1754 confecissem,
558 1671 689 1734 tametsi
716 1669 799 1734 nihil
825 1671 994 1736 videbatur
1017 1670 1058 1736 ad

100 1778 207 1821 meum
226 1779 303 1844 erga
322 1762 355 1822 te
375 1758 548 1842 pristinum
567 1757 710 1822 studium
728 1758 804 1823 addi
821 1780 926 1844 posse,
947 1762 1059 1824 tamen

99 1844 161 1909 hac
187 1846 268 1910 mihi
296 1845 456 1911 affinitate
484 1845 635 1910 nuntiata
661 1868 729 1910 non
756 1847 877 1911 maiore
910 1847 1058 1930 equidem

100 1933 221 2017 studi0,
244 1933 300 1998 sed
323 1934 443 2015 acrius,
471 1934 628 2016 apertius,
655 1933 891 2017 significantius
920 1933 1057 2018 dignita-

98 2025 165 2084 tem
188 2024 279 2084 tuam
303 2019 526 2084 defendissem.
562 2018 740 2084 Decedenti
758 2019 839 2084 mihi
861 2023 894 2084 et
915 2021 981 2086 iam
998 2022 1057 2086 im·
1075 2037 1093 2086 4

97 2107 189 2192 perio
224 2129 333 2172 annuo
363 2107 536 2171 terminato
570 2111 645 2171 ante
678 2108 707 2173 d.
735 2124 785 2172 111.
816 2105 930 2174 Nonas
963 2107 1058 2196 Sext,

99 2218 199 2280 quum
223 2196 264 2259 ad
283 2193 393 2261 Sidam
416 2195 492 2260 navi
516 2194 701 2261 accederem
724 2199 757 2261 et
778 2217 903 2263 mecum
927 2197 963 2275 Q.
987 2196 1057 2264 Ser·

99 2285 194 2349 vilius
218 2287 312 2368 esset,
334 2284 462 2349 litterae
487 2306 506 2348 a
528 2284 610 2350 meis
629 2287 707 2350 sunt
723 2283 880 2351 redditae:
904 2287 971 2351 dixi
993 2290 1056 2352 sta·

98 2373 158 2437 tim
182 2370 316 2438 Servilio
332 2409 374 2420 -·
390 2372 510 2438 etenim
533 2373 702 2439 videbatur
721 2394 791 2439 esse
810 2378 990 2440 commotus
1004 2412 1057 2458 -,

99 2464 135 2524 ut
164 2461 274 2526 omnia
302 2483 396 2527 ame
423 2461 548 2526 maiora
580 2464 793 2546 exspectaret3
823 2462 900 2546 quid
932 2462 1056 2527 multa?

98 2548 341 2615 benevolentior
358 2550 428 2634 tibi,
447 2571 544 2634 quam
561 2549 619 2634 fui,
641 2549 743 2616 nihilo
763 2571 835 2615 sum
851 2550 968 2634 factus,
986 2551 1055 2615 dili-

98 2637 227 2721 gentior
245 2639 286 2703 ad
305 2637 532 2703 declarandam
550 2638 809 2704 benevolentiam
829 2638 946 2721 mult03
968 2659 1056 2723 nam,

97 2729 135 2789 ut
157 2729 250 2791 vetus
273 2730 386 2792 nostra
413 2726 560 2791 simultas
588 2730 685 2791 antea
712 2725 901 2791 stimulabat
926 2747 991 2811 me,
1018 2731 1055 2791 ut

98 2834 253 2899 caverem,
275 2836 316 2879 ne
339 2815 391 2880 cui
414 2815 630 2898 suspicionem
647 2815 721 2880 ficte
739 2812 964 2879 reconciliatae
983 2836 1054 2900 gra·

97 2902 162 2967 tiae
195 2903 317 2986 darem,
350 2903 395 2968 sic
427 2901 571 2967 affinitas
602 2922 689 2968 nova
720 2922 807 2967 nunc
834 2922 945 2968 euram
976 2903 1057 2968 mihi

98 2989 191 3054 affert
204 2990 347 3075 cavendi,
364 3012 405 3055 ne
420 2990 496 3075 quid
511 2989 550 3054 cle
569 3010 694 3056 summo
713 3010 785 3056 mec
805 3010 882 3076 erga
900 2995 933 3055 te
947 3012 1056 3056 amore

98 3076 276 3142 detractum
300 3098 370 3144 esse
393 3077 549 3143 videatur.

168 3303 219 3374 Ep.
242 3306 323 3373 122.
364 3308 523 3375 pertusant
541 3303 606 3374 (ll).
648 3320 673 3375 q.
693 3305 751 3360 aiat
767 3303 832 3358 ΜΒ.
853 3333 887 3344 -
910 3303 1056 3375 quodipea'

90 3376 255 3445 probassent
277 3373 344 3444 (W.)
412 3382 437 3432 4.
469 3389 541 3431 noua
563 3391 638 3433 amec
661 3381 757 3432 euram
780 3373 917 3448 (Kayser).
956 3389 1055 3432 nocam

95 3463 190 3502 auam
208 3446 246 3500 M.
282 3459 355 3502 noua
372 3460 467 3502 ereum
484 3445 516 3503 Β.
