2370 3878
228 79 485 156 EPISTOLARUM
503 80 552 134 AI)
571 79 603 145 Q.
621 79 797 134 FRATREM
815 81 863 135 ΙΙΙ.
884 88 907 134 1.
981 81 1043 143 621

94 226 220 290 videtur
243 248 324 309 esse,
352 247 433 309 quae
457 225 606 310 obiurget
628 229 806 289 ceterarum
828 226 976 289 villarum
999 226 1047 288 in·

95 315 232 396 sanium,
254 318 474 377 verumtamen
497 314 577 377 illud
600 312 743 377 additum
769 313 948 377 delectabit.
985 312 1047 377 To·

95 402 233 485 piarium
254 401 397 465 laudavi:
420 402 467 464 ita
491 401 599 464 omnia
621 402 813 466 convestivit
834 401 961 502 hedera,
984 423 1048 484 qua

94 490 198 553 basim
225 490 335 571 villae,
366 510 430 572 qua
461 489 510 551 int
496 489 707 553 tercolumnia
739 489 892 552 ambulat
869 489 1048 572 tronis,ut

93 577 231 659 denique
259 576 306 641 illi
333 576 458 660 palliati
489 576 660 682 topiariam
686 577 791 639 facere
820 576 989 641 videantur
1015 580 1048 640 et

94 666 246 730 hederam
278 663 423 728 vendere.
476 663 547 727 Iam
578 657 789 750 ἀποδυτηρίῳ
825 664 907 729 nihil
939 663 1048 747 alsius,

94 754 178 817 nihil
199 752 386 817 muscosius
427 750 536 815 Habes
559 750 626 816 fere
650 728 806 815 derebus
831 752 972 816 rusticis:
997 774 1047 815 ur·
1062 773 1074 813 o

95 842 215 904 bonam
242 839 371 923 expolit
363 860 469 904 ionem
496 843 591 924 urget
617 840 671 902 ille
699 838 828 922 quidem
855 843 888 903 et
914 837 1035 903 Philoti
1037 876 1048 886 ·

95 951 168 992 mus
200 932 232 992 et
218 925 397 1011 tOincius,
430 926 485 991 sed
513 928 610 992 etiam
641 927 709 1010 ipse
743 927 853 991 crebro
885 926 1048 1010 interviso,

98 1016 183 1100 quod
207 1020 256 1080 est
277 1015 372 1079 facile
395 1014 462 1080 fact
448 1018 497 1098 tu5
527 1014 734 1097 quamobrem
757 1034 796 1078 ea
817 1017 850 1078 te
874 1035 949 1078 cura
971 1015 1048 1077 libe·

96 1108 205 1181 ratum
226 1104 310 1168 volo

162 1191 212 1256 De
235 1189 388 1256 Cicerone
420 1192 504 1275 quod
536 1170 587 1256 me
620 1214 745 1277 semper
775 1214 886 1278 rogas,
914 1181 1084 1286 ignosco3

97 1280 243 1380 equidem
265 1279 339 1364 tibi,
366 1279 462 1343 sedt
448 1283 484 1343 tu
507 1301 633 1363 quoque
656 1281 735 1345 mihi
762 1280 894 1345 velim
885 1301 1049 1365 ignoscam

96 1390 165 1432 non
188 1368 274 1431 enim
296 1367 436 1431 concedo
459 1367 533 1519 libi⁷
561 1369 634 1451 plus
656 1369 806 1432 utillum
830 1389 931 1451 ames,
953 1390 1050 1451 quam

97 1458 166 1540 ipsc
199 1477 285 1538 amo;
317 1459 412 1538 atque
444 1458 480 1519 ut
481 1456 568 1519 inam
599 1455 650 1519 his
682 1456 833 1520 diebus
824 1478 860 1520 ιιι
890 1457 1050 1540 Arpinati,

98 1543 183 1627 quod
212 1546 245 1607 et
273 1545 342 1627 ipse
366 1544 510 1627 cupierat
537 1548 569 1607 et
596 1564 656 1628 ego
684 1567 751 1609 non
774 1545 894 1628 minus,
926 1565 1050 1608 mecum

97 1631 223 1697 fuisset!
252 1631 338 1714 quod
361 1631 402 1695 ad
424 1631 650 1714 Pomponiam,
678 1633 705 1695 si
727 1633 787 1695 tibi
814 1632 952 1714 videtur,
975 1632 1050 1694 scri-

98 1720 156 1783 bas
188 1720 296 1802 velim,
328 1740 427 1801 quum
459 1720 566 1801 aliquo
594 1718 763 1795 exibimus,
798 1722 851 1782 eat
882 1719 1050 1783 nobiscum

98 1827 296 1890 puerumque
324 1806 450 1870 educat:
484 1808 638 1873 clamores
662 1807 813 1889 efficiam,
841 1807 963 1870 sicum
986 1827 1050 1869 me·

99 1916 172 1959 curn
193 1893 336 1958 habuero
360 1895 496 1977 otiosus,
523 1916 600 1958 nam
627 1894 750 1959 Romae
777 1893 956 1978 respirandi
983 1915 1051 1957 non

99 1987 149 2046 est
171 1982 269 2046 locus.
313 1980 352 2044 Id
374 2003 425 2044 me
449 1983 511 2046 scis
534 1987 631 2047 antea
653 1983 754 2067 gratis
784 1982 843 2046 tibi
867 2003 935 2046 esse
958 1983 1050 2066 polli-

99 2071 211 2136 citum:
235 2068 311 2152 quid
333 2090 420 2133 nunc
441 2073 546 2154 putas,
568 2074 661 2135 tanta
678 2070 758 2135 mihi
776 2070 833 2133 abs
856 2074 888 2133 te
907 2071 1050 2134 mercede

99 2156 289 2242 proposita?
325 2156 431 2222 Venio
454 2178 541 2222 nunc
564 2157 605 2221 ad
627 2162 700 2222 tuas
723 2159 857 2241 litteras,
879 2180 959 2242 quas
981 2159 1078 2242 plu-a

99 2246 189 2310 ribus
213 2245 357 2328 epistolis
381 2246 502 2330 accepi,
529 2246 605 2310 dum
628 2267 699 2310 sum
726 2246 761 2310 in
783 2245 946 2330 Arpinat13
975 2268 1051 2311 nam

100 2333 180 2397 mihi
203 2354 268 2398 uno
292 2333 343 2397 die
365 2336 431 2397 tres
455 2337 531 2398 suut
551 2334 709 2419 redditae,
730 2338 763 2398 et
785 2335 925 2419 quidem,
948 2338 985 2397 ut
1006 2335 1050 2398 vi·

101 2422 274 2505 debantur,
296 2420 409 2485 eodem
431 2421 543 2487 abste
567 2422 660 2486 datae
682 2426 840 2506 tempore,
866 2444 932 2486 una
954 2423 1051 2505 pluri-

100 2511 160 2573 bus
188 2508 309 2592 verbis,
340 2509 375 2572 in
407 2531 471 2592 qua
496 2510 636 2594 primum
664 2515 746 2594 erat,
779 2510 863 2593 quod
891 2510 1052 2592 antiquior

72 2667 74 2671 ,
100 2598 167 2662 dies
195 2598 229 2662 in
257 2598 322 2661 tuis
349 2597 465 2662 fuisset
488 2600 627 2682 ascripta
649 2600 765 2663 litteris
794 2619 890 2681 quam
916 2598 951 2660 in
974 2595 1052 2661 Cae·

100 2687 194 2749 saris:
221 2686 254 2749 id
276 2686 356 2750 facit
378 2684 501 2769 Oppius
523 2707 767 2769 nonnumquam
793 2686 989 2769 necessario,
1006 2690 1052 2769 ut,

101 2794 200 2855 quum
226 2773 412 2837 tabellarios
440 2774 643 2837 constituerit
669 2775 795 2838 mittere
824 2775 1009 2857 litterasque
1033 2795 1053 2838 a

101 2859 195 2923 nobis
219 2861 389 2945 acceperit,
417 2861 525 2943 aliqua
551 2882 585 2924 re
608 2881 693 2925 nova
720 2861 912 2945 impediatur
940 2866 972 2925 et
998 2883 1052 2924 ne·

101 2947 238 3012 cessario
258 2949 368 3032 serius,
392 2970 488 3030 quam
507 2949 726 3032 constituerat,
744 2950 853 3014 mittat
870 2971 973 3032 neque
991 2970 1052 3013 nos

101 3035 184 3099 datis
207 3036 272 3100 iam
295 3037 437 3119 epistolis
461 3036 544 3100 diem
568 3038 758 3101 commutari
781 3058 934 3101 curemus.
971 3034 1080 3101 Scri-e

101 3122 150 3186 bis
182 3123 221 3186 de
253 3121 398 3188 Caesaris
431 3146 556 3189 summo
588 3125 623 3188 in
654 3148 714 3190 nos
747 3146 867 3189 amore:
902 3123 989 3190 hunc
1021 3129 1054 3188 et

100 3213 137 3273 tu
159 3211 282 3276 fovebis
310 3215 344 3276 et
370 3234 444 3296 nos,
472 3214 723 3298 quibuscumque
750 3213 926 3297 poterimus
948 3213 1053 3296 rebus,

171 3401 222 3473 Ep.
243 3409 267 3472 1,
282 3410 306 3460 8.
343 3409 505 3460 contractare
523 3405 596 3473 (L.)?
