2370 3878
365 174 626 231 EPISTOLARUM
643 176 691 231 lx.
712 183 789 232 a-a.
992 177 1056 240 267

95 316 254 385 Philonis.
299 316 383 384 Puto
405 319 489 403 fore,
511 324 562 404 ut,
584 342 684 405 quum
706 321 836 407 legeris,
858 341 973 387 mirere
996 343 1057 386 nos

94 404 129 471 id
157 406 285 473 locutos
314 427 383 471 esse
412 408 498 473 inter
529 430 603 493 nos,
635 410 721 494 quod
748 431 926 493 numquam
956 409 1057 474 locuti

95 516 223 579 eumus3
246 494 302 560 sed
325 496 412 560 nosti
435 518 558 562 morem
581 496 792 583 dialogorum.
837 496 979 563 Posthac
1003 508 1092 563 auc

94 586 177 667 tem,
203 583 250 647 mi
271 582 392 669 Varro,
423 607 521 668 quam
551 586 704 670 plurima,
736 587 764 651 si
791 585 930 670 videtur,
957 590 991 652 ct
1018 587 1057 652 de

95 670 202 756 nobis,
218 671 305 736 inter
322 694 396 737 nos:
420 694 491 739 sero
510 674 661 757 fortasse3
684 674 739 739 sed
758 675 960 758 superiorum
977 678 1056 739 tem·

94 780 215 845 porum
234 757 381 825 Fortuna
402 761 614 846 reipublicae
637 783 768 827 causam
787 763 955 846 sustineat,
977 763 1058 827 haec

95 848 160 932 ipsi
196 851 360 932 praestare
397 847 559 914 debemus.
624 848 732 933 Atque
773 850 899 914 utinam
940 852 1056 933 quietis

94 936 298 1019 temporibus
326 940 421 1018 atque
450 937 572 1021 aliquo,
600 938 627 1000 si
655 958 723 1003 non
749 937 850 1020 bono,
881 940 915 1001 at
942 939 1057 1002 saltem

96 1027 187 1088 certo
210 1027 298 1088 statu
321 1024 460 1089 civitatis
483 1025 563 1089 haec
585 1024 671 1089 inter
693 1046 753 1090 nos
781 1024 888 1089 studia
911 1045 1056 1091 exercere

95 1113 279 1197 possemus!
307 1132 503 1195 quamquam
528 1116 599 1176 tum
622 1112 751 1195 quidem
778 1113 829 1176 vel
857 1111 938 1176 aliae
962 1134 1056 1195 quae·

96 1199 186 1284 piam
208 1200 351 1265 rationes
377 1201 532 1265 honestas
560 1200 655 1265 nobis
681 1203 715 1264 et
737 1220 830 1264 curas
858 1202 891 1263 et
913 1200 1056 1265 actiones

97 1287 226 1370 darent3
254 1308 340 1352 nunc
368 1292 477 1352 autem
504 1287 667 1373 quidest,
695 1288 764 1352 sine
792 1288 843 1353 his
866 1309 923 1353 cur
950 1288 1056 1352 vivere

96 1373 256 1441 velimus?
289 1375 369 1440 mihi
395 1397 471 1440 vero
500 1397 572 1441 cum
595 1377 646 1441 his
668 1376 748 1461 ipsis
776 1377 842 1461 vix,
868 1377 919 1441 his
948 1380 1056 1441 autem

96 1463 252 1528 detractis
274 1485 315 1526 ne
338 1464 392 1527 vix
415 1464 551 1548 quidem.
598 1463 660 1529 Sed
687 1464 767 1528 haec
797 1485 907 1529 coram
933 1469 966 1529 et
989 1487 1055 1530 sce·

97 1552 180 1636 pius.
226 1549 454 1637 Migrationem
482 1556 514 1617 et
542 1553 738 1637 emptionem
765 1551 901 1616 feliciter
929 1555 1055 1618 evenire

97 1640 172 1792 copo
195 1641 350 1725 tuumque
372 1642 408 1707 in
430 1662 469 1707 ea
490 1661 525 1707 re
548 1642 718 1709 consilium
741 1641 853 1726 probe.
899 1637 997 1725 Cura,
1020 1645 1057 1707 ut

97 1749 139 1793 va
152 1749 217 1801 eas.

545 1903 602 1969 IX.

232 2028 234 2033 '
278 2016 334 2073 Sor.
354 2016 459 2072 Romae
478 2033 572 2071 mense
590 2014 666 2069 Maio
685 2029 710 2068 a.
729 2031 756 2068 u.
775 2030 798 2068 c.
819 2019 878 2068 706.

320 2138 538 2194 DOLABELLA
558 2139 584 2193 S.
603 2138 636 2192 D.
656 2135 833 2193 CICERONI.

158 2237 197 2322 S.
220 2261 249 2304 v.
278 2259 308 2323 g.
335 2261 364 2302 v.
396 2242 430 2301 et
452 2237 558 2302 Tullia
589 2241 701 2303 nostra
731 2240 817 2302 recte
849 2256 878 2301 v.
906 2236 1090 2301 Terentiei

97 2329 205 2393 minus
224 2327 308 2391 belle
325 2325 450 2408 habuit,
473 2325 528 2390 sed
547 2329 669 2391 certum
688 2326 753 2391 scio
771 2326 836 2389 iam
855 2325 1056 2389 convaluisse

97 2438 184 2496 eam3
207 2418 373 2497 praeterea
386 2413 562 2478 rectissime
581 2418 657 2478 sunt
675 2414 761 2498 apud
779 2416 811 2477 te
831 2414 947 2478 omnia.
983 2411 1057 2476 Etsi

96 2502 189 2569 nullo
214 2505 359 2586 tempore
377 2502 412 2565 in
430 2503 645 2586 suspicionem
663 2502 724 2566 tibi
742 2501 838 2566 debui
856 2501 965 2565 venire
984 2522 1055 2583 par-

96 2591 182 2656 tium
205 2610 301 2654 causa
322 2590 432 2674 potius
455 2612 552 2675 quam
569 2594 627 2656 tua
643 2590 705 2655 tibi
723 2589 865 2673 suadere,
888 2591 925 2654 ut
944 2591 976 2651 te
1000 2591 1057 2651 aut

97 2701 171 2745 cum
191 2676 327 2744 Caesare
349 2679 581 2765 nobiscumque
601 2679 813 2764 coniungeres
832 2681 890 2741 aut
912 2676 998 2741 certe
1021 2676 1056 2740 in

98 2768 201 2833 otium
224 2767 368 2851 referres,
390 2769 562 2853 praecipue
584 2788 671 2831 nunc
693 2767 759 2831 iam
781 2766 937 2831 inclinata
955 2764 1055 2830 victo-

98 2857 146 2920 ria
168 2877 209 2921 ne
232 2878 366 2941 possum
389 2857 517 2940 quidem
539 2856 575 2920 in
593 2856 693 2920 ullam
712 2855 809 2919 aliam
826 2854 966 2918 incidere
988 2854 1054 2938 opi·

97 2944 229 3010 niouem
252 2945 315 3008 nisi
342 2944 377 3009 in
401 2965 485 3025 eam,
515 2965 579 3027 qua
602 2943 723 3008 scilicet
745 2943 817 3022 †te
839 2942 899 3007 tibi
912 2942 1055 3007 suadere

97 3031 221 3115 videar,
244 3032 330 3116 quod
352 3033 404 3116 pie
427 3036 534 3096 tacere
557 3053 625 3097 non
647 3031 782 3116 possim3
810 3035 847 3094 tu
871 3035 987 3113 autem,
1010 3029 1055 3091 mi

97 3117 223 3204 Cicero,
250 3121 278 3185 si
299 3121 380 3186 haec
404 3120 554 3205 accipies,
577 3123 626 3204 ut,
654 3120 720 3185 sive
747 3119 972 3204 probabuntur
994 3115 1054 3178 tibi

167 3293 219 3362 Ep.
240 3298 264 3361 8,
279 3299 304 3376 2.
341 3299 366 3348 et
383 3294 416 3349 dc
433 3295 521 3359 cobis,
539 3292 700 3375 icter·(W.).
737 3297 763 3345 et
780 3291 813 3346 de
830 3286 1053 3370 cobisavulgc.

95 3363 598 3573 iitisssgit{0³‚-Eti⁵i'†
612 3377 809 3500 {scisset
826 3360 1055 3497 (itta-'tftt

96 3518 133 3558 au
163 3520 229 3560 ccc
278 3521 319 3557 ca
371 3521 413 3560 r..
