2370 3878
331 167 589 238 EPISTOLARUM
607 168 681 223 XVI.
701 174 814 224 11-11.
985 169 1051 233 545

537 416 608 483 XV.

331 529 389 585 Ser.
408 548 451 600 pr.
469 530 509 584 Id.
529 531 595 598 Apr.
615 546 640 584 a.
659 548 686 584 u.
706 547 729 586 c.
749 537 808 585 700.

373 653 529 707 TULLIUS
549 651 677 706 TIRONI
696 651 771 707 SAL.

161 752 312 837 Aegypta
344 753 385 816 ad
417 773 469 816 me
499 751 590 816 venIt
619 773 666 835 pr.
698 750 775 816 Idus
803 750 881 836 Apr.
926 751 959 817 Is
991 754 1084 818 etsi1

93 841 174 905 mihi
197 841 362 904 nuntiavit
393 843 426 903 te
455 840 552 923 plane
580 839 663 904 febri
686 860 793 903 carere
825 844 858 903 et
885 840 968 904 belle
995 842 1051 905 ha·

93 930 183 1012 bere,
205 931 330 1012 tamen,
353 928 438 1012 quod
462 928 595 1012 negavit
617 931 649 991 te
672 928 815 1011 potuisse
839 928 880 991 ad
903 950 954 992 me
977 931 1052 992 scri-

93 1018 178 1099 bere,
202 1037 311 1080 curam
330 1017 410 1080 mihi
428 1016 547 1099 attulit,
565 1019 598 1080 et
616 1037 654 1081 eo
671 1015 785 1100 magis,
803 1016 893 1098 >quod
911 1015 1052 1100 Hermia,

95 1125 188 1187 quem
205 1104 318 1168 eodem
333 1104 383 1168 die
403 1105 511 1168 venire
526 1099 805 1187 oportueratnon
822 1108 964 1168 venerat.
999 1104 1052 1168 In-

95 1192 239 1256 credibili
270 1214 341 1256 sum
372 1190 586 1257 sollicitudine
614 1192 653 1255 de
681 1194 739 1255 tua
764 1192 961 1275 valetudine3
989 1212 1052 1276 qua

95 1280 123 1343 11
151 1302 201 1343 me
229 1280 390 1364 liberaris,
413 1300 473 1365 ego
500 1283 533 1344 te
557 1281 645 1345 omni
673 1301 749 1344 cura
775 1280 932 1345 liberabo:
959 1281 1053 1364 plura

96 1367 277 1452 scriberem,
300 1369 327 1432 11
349 1368 415 1433 ianr
437 1371 586 1452 putarem
604 1368 743 1432 libenter
765 1372 797 1432 te
819 1369 926 1453 legere
948 1390 1052 1452 posse.

96 1454 270 1540 Ingenium
301 1460 407 1540 tuum,
439 1457 525 1540 quod
557 1477 617 1542 ego
649 1456 780 1520 maximi
811 1457 909 1540 facio,
941 1457 1052 1521 confer

97 1543 137 1606 ad
165 1547 197 1607 11
228 1544 309 1608 mihi
340 1545 462 1629 tibique
492 1545 759 1610 conservandum:
792 1565 868 1609 cura
899 1548 931 1608 te
955 1546 1052 1609 etiam

96 1634 193 1714 atque
216 1634 315 1697 etiam
338 1633 517 1718 diligenter.
561 1632 652 1696 Vale.

163 1718 289 1805 Scripta
307 1721 372 1784 iam
391 1722 527 1805 epistola
540 1720 674 1784 Hermia
691 1721 789 1786 venit.
824 1719 945 1804 Accepi
962 1725 1053 1785 tuam
1071 1737 1086 1784 a

95 1808 267 1891 epistolam
294 1810 521 1873 vacillantibus
549 1808 713 1890 litterulis,
740 1827 800 1871 nec
827 1809 957 1892 mirum,
984 1812 1052 1872 tam

96 1895 189 1978 gravi
211 1896 333 1965 morbo.
369 1895 442 1980 Ego
466 1896 507 1959 ad
529 1898 561 1959 11
582 1894 767 1980 Aegyptam
785 1894 867 1978 misi,
890 1895 974 1978 quod
993 1917 1052 1959 nec

96 1981 294 2047 inhumanus
317 1986 367 2047 est
394 1986 427 2048 et
449 1987 481 2048 te
508 1983 595 2048 visus
619 1986 668 2047 est
690 1983 770 2046 mihi
793 1983 939 2067 diligere,
965 1988 1003 2047 ut
1024 1985 1051 2047 11

96 2073 204 2134 tecum
228 2073 320 2154 esset,
344 2075 472 2136 etcum
495 2092 533 2135 eo
557 2092 678 2154 cocum,
701 2092 764 2154 quo
788 2074 921 2135 uterere.
961 2070 1052 2136 Vale.

530 2263 619 2328 XVI.

438 2374 495 2430 Sor.
515 2390 540 2428 a.
560 2393 586 2428 u.
606 2391 628 2429 o.
649 2382 708 2431 700.

398 2496 429 2564 Q.
452 2498 488 2551 M.
513 2497 649 2552 FRATRI
676 2497 751 2559 SAB-

163 2595 211 2660 De
235 2595 367 2680 Tirone,
390 2597 434 2660 mi
457 2596 579 2681 Marce,
606 2599 653 2662 ita
679 2600 711 2662 te
734 2618 903 2681 meumque
927 2594 1086 2662 Cicero-1

96 2704 170 2747 nem
193 2688 226 2748 et
248 2688 338 2749 tuam
362 2685 535 2752 Tulliolam
557 2690 712 2768 tuumque
734 2685 836 2750 filium
859 2684 993 2768 videam,
1015 2690 1052 2749 ut

96 2771 174 2834 mihi
199 2774 418 2856 gratissimum
440 2774 558 2856 fecisti,
581 2774 667 2857 quod
691 2794 777 2856 eum,
803 2773 974 2858 indignum
996 2773 1052 2836 illa

96 2858 228 2922 fortuna
246 2860 266 2935 †
287 2881 323 2923 ac
346 2860 442 2924 nobis
463 2860 602 2924 amicum
625 2882 722 2942 quam
745 2883 871 2926 servum
894 2882 963 2925 esse
986 2883 1050 2924 ma-

95 2945 197 3009 luisti:
230 2946 309 3009 mihi
342 2945 447 3030 crede,
478 2947 542 3010 tuis
575 2951 608 3011 et
638 2947 725 3011 illius
756 2949 870 3012 litteris
902 2950 1050 3032 perlectis

166 3135 320 3204 Ep.15,1.
358 3137 490 3192 liberabo:
508 3138 549 3206 pl.
576 3138 652 3208 (W.).
693 3138 711 3192 I.
735 3138 781 3194 Pl.
800 3139 893 3208 vulgo.
914 3169 947 3178 —
966 3154 1051 3192 coca:

96 3221 163 3258 curu
184 3205 259 3275 (W.).
296 3221 318 3261 1.
348 3206 424 3262 Oura
441 3209 535 3278 vulgo.
575 3207 728 3277 Ep.16,1.
765 3215 884 3264 1111111
904 3206 1051 3262 Tulliolam

95 3275 161 3343 (W.)
207 3281 232 3329 et
245 3293 331 3331 caeam
346 3277 378 3332 Τ.
392 3278 439 3345 M,
453 3278 546 3348 vulgo.
566 3308 599 3317 -
617 3279 715 3345 fecisti,
728 3281 801 3347 qcocl
814 3279 889 3347 (W.).
924 3279 955 3345 fi,
968 3295 1051 3346 qaam

95 3345 146 3412 M,
165 3345 260 3416 vulgo.
285 3377 319 3386 -
346 3349 461 3413 fortuna
478 3352 497 3416 †
515 3364 549 3403 ac
570 3349 648 3403 cobis
674 3349 733 3418 (M,
751 3350 816 3418 W.).
861 3349 881 3414 f.
905 3363 938 3402 ac
960 3349 1050 3402 coadi-

94 3417 176 3554 pgoac,
194 3417 273 3557 appio
296 3417 362 3487 (W.)
387 3420 438 3473 aut
458 3418 495 3485 fi,
518 3418 644 3474 libertam
666 3435 699 3474 11
720 3435 748 3473 a.
768 3418 835 3486 (W.)
854 3418 905 3472 aut
921 3419 956 3483 f.,
973 3419 1050 3472 cotis

111 3502 158 3538 =ra
173 3528 188 3552 .,
232 3529 258 3540 ..

147 3572 260 3615 Ciceronis
271 3575 366 3624 apim,
798 3552 819 3570 ⁵*
867 3556 916 3620 ‘sz
