<?xml version="1.0" encoding="UTF-8"?>
<!DOCTYPE html PUBLIC "-//W3C//DTD XHTML 1.0 Transitional//EN"
    "http://www.w3.org/TR/xhtml1/DTD/xhtml1-transitional.dtd">
<html xmlns="http://www.w3.org/1999/xhtml" xml:lang="en" lang="en">
 <head>
  <title>
</title>
<meta http-equiv="Content-Type" content="text/html;charset=utf-8" />
  <meta name='ocr-system' content='tesseract 3.04.00' />
  <meta name='ocr-capabilities' content='ocr_page ocr_carea ocr_par ocr_line ocrx_word'/>
</head>
<body>
  <div class='ocr_page' id='page_1' title='image "./epistolae00cicegoog_0183.png"; bbox 0 0 2370 3878; ppageno 0'>
   <div class='ocr_carea' id='block_1_1' title="bbox 131 177 799 243">
    <p class='ocr_par' dir='ltr' id='par_1_1' title="bbox 131 177 799 243">
     <span class='ocr_line' id='line_1_1' title="bbox 131 177 799 243; baseline -0.018 0"><span class='ocrx_word' id='word_1_1' title='bbox 131 179 193 243; x_wconf 77' lang='grc'>172</span> <span class='ocrx_word' id='word_1_2' title='bbox 410 179 447 233; x_wconf 89' lang='grc' dir='ltr'>Μ.</span> <span class='ocrx_word' id='word_1_3' title='bbox 467 178 589 234; x_wconf 86' lang='lat' dir='ltr'>TULLII</span> <span class='ocrx_word' id='word_1_4' title='bbox 609 177 799 233; x_wconf 76' lang='lat' dir='ltr'>CICERONIS</span> 
     </span>
    </p>
   </div>
   <div class='ocr_carea' id='block_1_2' title="bbox 126 321 1086 564">
    <p class='ocr_par' dir='ltr' id='par_1_2' title="bbox 126 321 1086 564">
     <span class='ocr_line' id='line_1_2' title="bbox 126 321 1086 407; baseline -0.002 -19"><span class='ocrx_word' id='word_1_5' title='bbox 126 325 177 388; x_wconf 79' lang='lat' dir='ltr'>rel</span> <span class='ocrx_word' id='word_1_6' title='bbox 200 323 391 388; x_wconf 86' lang='lat' dir='ltr'>auctoritate</span> <span class='ocrx_word' id='word_1_7' title='bbox 414 324 464 386; x_wconf 85' lang='lat' dir='ltr'>vol</span> <span class='ocrx_word' id='word_1_8' title='bbox 491 323 610 407; x_wconf 86' lang='lat' dir='ltr'>gratia,</span> <span class='ocrx_word' id='word_1_9' title='bbox 637 321 751 386; x_wconf 82' lang='lat' dir='ltr'>valebo</span> <span class='ocrx_word' id='word_1_10' title='bbox 774 321 847 403; x_wconf 83' lang='lat' dir='ltr'>tibi3</span> <span class='ocrx_word' id='word_1_11' title='bbox 874 325 910 385; x_wconf 89' lang='lat' dir='ltr'>tu</span> <span class='ocrx_word' id='word_1_12' title='bbox 934 343 1025 405; x_wconf 83' lang='lat' dir='ltr'>cura,</span> <span class='ocrx_word' id='word_1_13' title='bbox 1047 326 1086 386; x_wconf 88' lang='lat' dir='ltr'>ut</span> 
     </span>
     <span class='ocr_line' id='line_1_3' title="bbox 127 409 1086 564; baseline -0.005 -86"><span class='ocrx_word' id='word_1_14' title='bbox 127 433 237 564; x_wconf 48' lang='lat' dir='ltr'>{131th</span> <span class='ocrx_word' id='word_1_15' title='bbox 238 411 443 562; x_wconf 57' lang='lat' dir='ltr'>tiimstudine</span> <span class='ocrx_word' id='word_1_16' title='bbox 470 412 503 475; x_wconf 86' lang='lat' dir='ltr'>ta</span> <span class='ocrx_word' id='word_1_17' title='bbox 527 410 639 495; x_wconf 89' lang='lat' dir='ltr'>animi,</span> <span class='ocrx_word' id='word_1_18' title='bbox 666 412 736 473; x_wconf 91' lang='lat' dir='ltr'>tum</span> <span class='ocrx_word' id='word_1_19' title='bbox 760 409 857 473; x_wconf 87' lang='lat' dir='ltr'>etiam</span> <span class='ocrx_word' id='word_1_20' title='bbox 880 430 937 493; x_wconf 85' lang='lat' dir='ltr'>spe</span> <span class='ocrx_word' id='word_1_21' title='bbox 961 409 1086 495; x_wconf 81' lang='lat' dir='ltr'>optima</span> 
     </span>
    </p>
   </div>
   <div class='ocr_carea' id='block_1_3' title="bbox 566 689 640 754">
    <p class='ocr_par' dir='ltr' id='par_1_3' title="bbox 566 689 640 754">
     <span class='ocr_line' id='line_1_4' title="bbox 566 689 640 754; baseline 0 0"><span class='ocrx_word' id='word_1_22' title='bbox 566 689 640 754; x_wconf 82' lang='lat' dir='ltr'><strong>VII.</strong></span> 
     </span>
    </p>
   </div>
   <div class='ocr_carea' id='block_1_4' title="bbox 285 799 922 856">
    <p class='ocr_par' dir='ltr' id='par_1_4' title="bbox 285 799 922 856">
     <span class='ocr_line' id='line_1_5' title="bbox 285 799 922 856; baseline 0 0"><span class='ocrx_word' id='word_1_23' title='bbox 285 799 343 856; x_wconf 85' lang='lat' dir='ltr'>Scr.</span> <span class='ocrx_word' id='word_1_24' title='bbox 366 801 396 855; x_wconf 91' lang='lat' dir='ltr'>in</span> <span class='ocrx_word' id='word_1_25' title='bbox 421 800 518 856; x_wconf 85' lang='lat' dir='ltr'>Sicilia</span> <span class='ocrx_word' id='word_1_26' title='bbox 540 804 657 855; x_wconf 85' lang='lat' dir='ltr'>exeunte</span> <span class='ocrx_word' id='word_1_27' title='bbox 681 817 754 856; x_wconf 87' lang='lat' dir='ltr'>anno</span> <span class='ocrx_word' id='word_1_28' title='bbox 773 819 800 855; x_wconf 88' lang='lat' dir='ltr'>u.</span> <span class='ocrx_word' id='word_1_29' title='bbox 819 817 842 855; x_wconf 90' lang='lat' dir='ltr'>c.</span> <span class='ocrx_word' id='word_1_30' title='bbox 863 806 922 856; x_wconf 79' lang='grc'><strong>708.</strong></span> 
     </span>
    </p>
   </div>
   <div class='ocr_carea' id='block_1_5' title="bbox 326 922 878 981">
    <p class='ocr_par' dir='ltr' id='par_1_5' title="bbox 326 922 878 981">
     <span class='ocr_line' id='line_1_6' title="bbox 326 922 878 981; baseline -0.005 -1"><span class='ocrx_word' id='word_1_31' title='bbox 326 922 484 981; x_wconf 76' lang='lat' dir='ltr'>CAECINA</span> <span class='ocrx_word' id='word_1_32' title='bbox 498 923 668 981; x_wconf 81' lang='lat' dir='ltr'>CICERONI</span> <span class='ocrx_word' id='word_1_33' title='bbox 682 923 786 979; x_wconf 83' lang='lat' dir='ltr'>PLUR.</span> <span class='ocrx_word' id='word_1_34' title='bbox 803 923 878 979; x_wconf 72' lang='lat' dir='ltr'>sah.</span> 
     </span>
    </p>
   </div>
   <div class='ocr_carea' id='block_1_6' title="bbox 92 1021 1085 2691">
    <p class='ocr_par' dir='ltr' id='par_1_6' title="bbox 93 1021 1085 1811">
     <span class='ocr_line' id='line_1_7' title="bbox 93 1021 1085 1109; baseline 0.003 -24"><span class='ocrx_word' id='word_1_35' title='bbox 93 1035 107 1085; x_wconf 91' lang='lat'><strong>1</strong></span> <span class='ocrx_word' id='word_1_36' title='bbox 193 1021 287 1099; x_wconf 80' lang='lat' dir='ltr'>Quod</span> <span class='ocrx_word' id='word_1_37' title='bbox 309 1025 369 1088; x_wconf 90' lang='lat' dir='ltr'>tibi</span> <span class='ocrx_word' id='word_1_38' title='bbox 397 1046 465 1090; x_wconf 88' lang='lat' dir='ltr'>non</span> <span class='ocrx_word' id='word_1_39' title='bbox 491 1028 559 1088; x_wconf 86' lang='lat' dir='ltr'>tam</span> <span class='ocrx_word' id='word_1_40' title='bbox 582 1024 726 1089; x_wconf 77' lang='lat' dir='ltr'>celeriter</span> <span class='ocrx_word' id='word_1_41' title='bbox 748 1023 830 1086; x_wconf 89' lang='lat' dir='ltr'>liber</span> <span class='ocrx_word' id='word_1_42' title='bbox 860 1026 909 1086; x_wconf 87' lang='lat' dir='ltr'>est</span> <span class='ocrx_word' id='word_1_43' title='bbox 930 1023 1085 1109; x_wconf 83' lang='lat' dir='ltr'>redditus,</span> 
     </span>
     <span class='ocr_line' id='line_1_8' title="bbox 125 1109 1085 1197; baseline 0.001 -22"><span class='ocrx_word' id='word_1_44' title='bbox 125 1113 258 1197; x_wconf 83' lang='lat' dir='ltr'>ignosce</span> <span class='ocrx_word' id='word_1_45' title='bbox 281 1114 390 1179; x_wconf 91' lang='lat' dir='ltr'>timori</span> <span class='ocrx_word' id='word_1_46' title='bbox 414 1117 525 1178; x_wconf 87' lang='lat' dir='ltr'>nostro</span> <span class='ocrx_word' id='word_1_47' title='bbox 549 1117 582 1176; x_wconf 87' lang='lat' dir='ltr'>et</span> <span class='ocrx_word' id='word_1_48' title='bbox 604 1113 753 1177; x_wconf 88' lang='lat' dir='ltr'>miserere</span> <span class='ocrx_word' id='word_1_49' title='bbox 773 1111 936 1194; x_wconf 88' lang='lat' dir='ltr'>temporis.</span> <span class='ocrx_word' id='word_1_50' title='bbox 972 1109 1085 1196; x_wconf 79' lang='lat' dir='ltr'>Filius,</span> 
     </span>
     <span class='ocr_line' id='line_1_9' title="bbox 126 1199 1085 1285; baseline 0 -20"><span class='ocrx_word' id='word_1_51' title='bbox 126 1205 164 1265; x_wconf 89' lang='lat' dir='ltr'>ut</span> <span class='ocrx_word' id='word_1_52' title='bbox 186 1201 295 1285; x_wconf 85' lang='lat' dir='ltr'>audio,</span> <span class='ocrx_word' id='word_1_53' title='bbox 318 1201 497 1284; x_wconf 86' lang='lat' dir='ltr'>pertimuit,</span> <span class='ocrx_word' id='word_1_54' title='bbox 523 1223 627 1283; x_wconf 89' lang='lat' dir='ltr'>neque</span> <span class='ocrx_word' id='word_1_55' title='bbox 650 1199 781 1283; x_wconf 87' lang='lat' dir='ltr'>iniuria,</span> <span class='ocrx_word' id='word_1_56' title='bbox 812 1199 838 1262; x_wconf 91' lang='lat' dir='ltr'>si</span> <span class='ocrx_word' id='word_1_57' title='bbox 861 1199 942 1263; x_wconf 87' lang='lat' dir='ltr'>liber</span> <span class='ocrx_word' id='word_1_58' title='bbox 966 1200 1085 1265; x_wconf 86' lang='lat' dir='ltr'>exisset</span> 
     </span>
     <span class='ocr_line' id='line_1_10' title="bbox 135 1287 1084 1371; baseline -0.002 -18"><span class='ocrx_word' id='word_1_59' title='bbox 135 1289 337 1371; x_wconf 88' lang='lat' dir='ltr'>—quoniam</span> <span class='ocrx_word' id='word_1_60' title='bbox 359 1310 427 1352; x_wconf 88' lang='lat' dir='ltr'>non</span> <span class='ocrx_word' id='word_1_61' title='bbox 445 1292 512 1351; x_wconf 87' lang='lat' dir='ltr'>tarn</span> <span class='ocrx_word' id='word_1_62' title='bbox 531 1289 673 1370; x_wconf 87' lang='lat' dir='ltr'>interest,</span> <span class='ocrx_word' id='word_1_63' title='bbox 697 1309 760 1369; x_wconf 91' lang='lat' dir='ltr'>quo</span> <span class='ocrx_word' id='word_1_64' title='bbox 784 1287 891 1351; x_wconf 87' lang='lat' dir='ltr'>animo</span> <span class='ocrx_word' id='word_1_65' title='bbox 916 1287 1084 1371; x_wconf 78' lang='lat' dir='ltr'>scribatur,</span> 
     </span>
     <span class='ocr_line' id='line_1_11' title="bbox 127 1375 1084 1459; baseline -0.001 -20"><span class='ocrx_word' id='word_1_66' title='bbox 127 1397 310 1459; x_wconf 90' lang='lat' dir='ltr'>quamquo</span> <span class='ocrx_word' id='word_1_67' title='bbox 339 1376 515 1459; x_wconf 88' lang='lat' dir='ltr'>accipiatur</span> <span class='ocrx_word' id='word_1_68' title='bbox 537 1411 594 1458; x_wconf 84' lang='lat'>-,</span> <span class='ocrx_word' id='word_1_69' title='bbox 620 1396 660 1438; x_wconf 85' lang='lat' dir='ltr'>ne</span> <span class='ocrx_word' id='word_1_70' title='bbox 685 1397 722 1438; x_wconf 90' lang='lat' dir='ltr'>ea</span> <span class='ocrx_word' id='word_1_71' title='bbox 748 1396 800 1438; x_wconf 85' lang='lat' dir='ltr'>res</span> <span class='ocrx_word' id='word_1_72' title='bbox 823 1375 843 1453; x_wconf 87' lang='lat'>†</span> <span class='ocrx_word' id='word_1_73' title='bbox 865 1375 975 1457; x_wconf 89' lang='lat' dir='ltr'>inepte</span> <span class='ocrx_word' id='word_1_74' title='bbox 1003 1376 1084 1439; x_wconf 87' lang='lat' dir='ltr'>milri</span> 
     </span>
     <span class='ocr_line' id='line_1_12' title="bbox 127 1463 1083 1547; baseline 0.001 -21"><span class='ocrx_word' id='word_1_75' title='bbox 127 1466 270 1546; x_wconf 76' lang='lat' dir='ltr'>noceret,</span> <span class='ocrx_word' id='word_1_76' title='bbox 298 1484 397 1546; x_wconf 90' lang='lat' dir='ltr'>quum</span> <span class='ocrx_word' id='word_1_77' title='bbox 419 1463 608 1546; x_wconf 88' lang='lat' dir='ltr'>praesertim</span> <span class='ocrx_word' id='word_1_78' title='bbox 635 1463 739 1527; x_wconf 87' lang='lat' dir='ltr'>adhuc</span> <span class='ocrx_word' id='word_1_79' title='bbox 763 1463 829 1527; x_wconf 92' lang='lat' dir='ltr'>stili</span> <span class='ocrx_word' id='word_1_80' title='bbox 856 1484 978 1547; x_wconf 84' lang='lat' dir='ltr'>poenas</span> <span class='ocrx_word' id='word_1_81' title='bbox 1001 1463 1083 1527; x_wconf 77' lang='lat' dir='ltr'>(lam.</span> 
     </span>
     <span class='ocr_line' id='line_1_13' title="bbox 128 1550 1083 1636; baseline 0.001 -23"><span class='ocrx_word' id='word_1_82' title='bbox 128 1551 198 1626; x_wconf 84' lang='lat' dir='ltr'>Qua</span> <span class='ocrx_word' id='word_1_83' title='bbox 220 1550 349 1633; x_wconf 87' lang='lat' dir='ltr'>quidem</span> <span class='ocrx_word' id='word_1_84' title='bbox 371 1551 406 1613; x_wconf 90' lang='lat' dir='ltr'>in</span> <span class='ocrx_word' id='word_1_85' title='bbox 428 1573 464 1614; x_wconf 89' lang='lat' dir='ltr'>re</span> <span class='ocrx_word' id='word_1_86' title='bbox 487 1551 643 1636; x_wconf 80' lang='lat' dir='ltr'>singulari</span> <span class='ocrx_word' id='word_1_87' title='bbox 667 1573 737 1614; x_wconf 89' lang='lat' dir='ltr'>sum</span> <span class='ocrx_word' id='word_1_88' title='bbox 759 1551 842 1633; x_wconf 83' lang='lat' dir='ltr'>fato3</span> <span class='ocrx_word' id='word_1_89' title='bbox 870 1572 960 1634; x_wconf 90' lang='lat' dir='ltr'>nam,</span> <span class='ocrx_word' id='word_1_90' title='bbox 983 1572 1083 1634; x_wconf 88' lang='lat' dir='ltr'>quum</span> 
     </span>
     <span class='ocr_line' id='line_1_14' title="bbox 127 1639 1083 1722; baseline 0.001 -20"><span class='ocrx_word' id='word_1_91' title='bbox 127 1639 279 1702; x_wconf 87' lang='lat' dir='ltr'>mendum</span> <span class='ocrx_word' id='word_1_92' title='bbox 311 1639 488 1722; x_wconf 71' lang='lat' dir='ltr'>scripturae</span> <span class='ocrx_word' id='word_1_93' title='bbox 518 1640 616 1703; x_wconf 88' lang='lat' dir='ltr'>litura</span> <span class='ocrx_word' id='word_1_94' title='bbox 647 1640 792 1722; x_wconf 87' lang='lat' dir='ltr'>tollatur,</span> <span class='ocrx_word' id='word_1_95' title='bbox 825 1639 963 1702; x_wconf 88' lang='lat' dir='ltr'>stultitia</span> <span class='ocrx_word' id='word_1_96' title='bbox 994 1639 1083 1703; x_wconf 80' lang='lat' dir='ltr'>fama</span> 
     </span>
     <span class='ocr_line' id='line_1_15' title="bbox 126 1727 1083 1811; baseline 0.001 -21"><span class='ocrx_word' id='word_1_97' title='bbox 126 1728 290 1811; x_wconf 88' lang='lat' dir='ltr'>multetur,</span> <span class='ocrx_word' id='word_1_98' title='bbox 307 1748 397 1792; x_wconf 89' lang='lat' dir='ltr'>meus</span> <span class='ocrx_word' id='word_1_99' title='bbox 416 1749 504 1792; x_wconf 89' lang='lat' dir='ltr'>error</span> <span class='ocrx_word' id='word_1_100' title='bbox 523 1728 634 1792; x_wconf 84' lang='lat' dir='ltr'>exsilio</span> <span class='ocrx_word' id='word_1_101' title='bbox 654 1727 834 1811; x_wconf 84' lang='lat' dir='ltr'>corrigitur,</span> <span class='ocrx_word' id='word_1_102' title='bbox 852 1727 942 1791; x_wconf 88' lang='lat' dir='ltr'>ouius</span> <span class='ocrx_word' id='word_1_103' title='bbox 957 1749 1083 1791; x_wconf 87' lang='lat' dir='ltr'>summa</span> 
     </span>
    </p>

    <p class='ocr_par' dir='ltr' id='par_1_7' title="bbox 127 1814 1082 1900">
     <span class='ocr_line' id='line_1_16' title="bbox 127 1814 1082 1900; baseline -0.001 -21"><span class='ocrx_word' id='word_1_104' title='bbox 127 1815 269 1880; x_wconf 87' lang='lat' dir='ltr'>criminis</span> <span class='ocrx_word' id='word_1_105' title='bbox 301 1819 363 1900; x_wconf 89' lang='lat' dir='ltr'>est,</span> <span class='ocrx_word' id='word_1_106' title='bbox 395 1818 481 1900; x_wconf 85' lang='lat' dir='ltr'>quod</span> <span class='ocrx_word' id='word_1_107' title='bbox 513 1819 656 1880; x_wconf 85' lang='lat' dir='ltr'>arnratus</span> <span class='ocrx_word' id='word_1_108' title='bbox 688 1815 869 1880; x_wconf 86' lang='lat' dir='ltr'>adversario</span> <span class='ocrx_word' id='word_1_109' title='bbox 896 1815 981 1878; x_wconf 87' lang='lat' dir='ltr'>male</span> <span class='ocrx_word' id='word_1_110' title='bbox 1009 1814 1082 1879; x_wconf 86' lang='lat' dir='ltr'>dixi.</span> 
     </span>
    </p>

    <p class='ocr_par' dir='ltr' id='par_1_8' title="bbox 93 1900 1084 2515">
     <span class='ocr_line' id='line_1_17' title="bbox 93 1900 1083 1990; baseline -0.003 -21"><span class='ocrx_word' id='word_1_111' title='bbox 93 1914 108 1962; x_wconf 75' lang='lat'>2</span> <span class='ocrx_word' id='word_1_112' title='bbox 127 1900 231 1969; x_wconf 84' lang='lat' dir='ltr'>Nemo</span> <span class='ocrx_word' id='word_1_113' title='bbox 255 1908 403 1969; x_wconf 84' lang='lat' dir='ltr'>nostrum</span> <span class='ocrx_word' id='word_1_114' title='bbox 426 1908 484 1990; x_wconf 88' lang='lat' dir='ltr'>est,</span> <span class='ocrx_word' id='word_1_115' title='bbox 506 1909 543 1970; x_wconf 88' lang='lat' dir='ltr'>ut</span> <span class='ocrx_word' id='word_1_116' title='bbox 567 1905 694 1989; x_wconf 77' lang='lat' dir='ltr'>opinor,</span> <span class='ocrx_word' id='word_1_117' title='bbox 718 1903 795 1987; x_wconf 88' lang='lat' dir='ltr'>quin</span> <span class='ocrx_word' id='word_1_118' title='bbox 818 1906 895 1967; x_wconf 80' lang='lat' dir='ltr'>vota</span> <span class='ocrx_word' id='word_1_119' title='bbox 917 1901 1083 1967; x_wconf 83' lang='lat' dir='ltr'>Victoriae</span> 
     </span>
     <span class='ocr_line' id='line_1_18' title="bbox 128 1990 1084 2077; baseline -0.002 -21"><span class='ocrx_word' id='word_1_120' title='bbox 128 2014 203 2056; x_wconf 89' lang='lat' dir='ltr'>suae</span> <span class='ocrx_word' id='word_1_121' title='bbox 232 1993 357 2076; x_wconf 87' lang='lat' dir='ltr'>fecerit,</span> <span class='ocrx_word' id='word_1_122' title='bbox 383 2015 493 2077; x_wconf 87' lang='lat' dir='ltr'>nemo,</span> <span class='ocrx_word' id='word_1_123' title='bbox 521 1993 599 2077; x_wconf 87' lang='lat' dir='ltr'>quin</span> <span class='ocrx_word' id='word_1_124' title='bbox 627 1992 736 2075; x_wconf 76' lang='lat' dir='ltr'>etiam,</span> <span class='ocrx_word' id='word_1_125' title='bbox 764 2013 862 2073; x_wconf 88' lang='lat' dir='ltr'>quum</span> <span class='ocrx_word' id='word_1_126' title='bbox 890 1990 929 2054; x_wconf 88' lang='lat' dir='ltr'>de</span> <span class='ocrx_word' id='word_1_127' title='bbox 957 1990 1022 2054; x_wconf 87' lang='lat' dir='ltr'>alia</span> <span class='ocrx_word' id='word_1_128' title='bbox 1048 2011 1084 2055; x_wconf 87' lang='lat' dir='ltr'>re</span> 
     </span>
     <span class='ocr_line' id='line_1_19' title="bbox 126 2080 1083 2167; baseline 0 -25"><span class='ocrx_word' id='word_1_129' title='bbox 126 2080 316 2163; x_wconf 88' lang='lat' dir='ltr'>immolaret,</span> <span class='ocrx_word' id='word_1_130' title='bbox 334 2085 444 2145; x_wconf 87' lang='lat' dir='ltr'>tamen</span> <span class='ocrx_word' id='word_1_131' title='bbox 463 2103 500 2146; x_wconf 92' lang='lat' dir='ltr'>eo</span> <span class='ocrx_word' id='word_1_132' title='bbox 520 2081 648 2164; x_wconf 83' lang='lat' dir='ltr'>quidem</span> <span class='ocrx_word' id='word_1_133' title='bbox 664 2081 736 2163; x_wconf 91' lang='lat' dir='ltr'>ipso</span> <span class='ocrx_word' id='word_1_134' title='bbox 754 2082 908 2167; x_wconf 87' lang='lat' dir='ltr'>tempore,</span> <span class='ocrx_word' id='word_1_135' title='bbox 931 2081 968 2143; x_wconf 89' lang='lat' dir='ltr'>ut</span> <span class='ocrx_word' id='word_1_136' title='bbox 986 2100 1083 2162; x_wconf 85' lang='lat' dir='ltr'>quam</span> 
     </span>
     <span class='ocr_line' id='line_1_20' title="bbox 126 2166 1082 2251; baseline 0 -21"><span class='ocrx_word' id='word_1_137' title='bbox 126 2168 265 2250; x_wconf 88' lang='lat' dir='ltr'>primurn</span> <span class='ocrx_word' id='word_1_138' title='bbox 298 2166 416 2232; x_wconf 84' lang='lat' dir='ltr'>Caesar</span> <span class='ocrx_word' id='word_1_139' title='bbox 448 2171 665 2251; x_wconf 83' lang='lat' dir='ltr'>superaretur,</span> <span class='ocrx_word' id='word_1_140' title='bbox 697 2167 830 2250; x_wconf 87' lang='lat' dir='ltr'>optarit:</span> <span class='ocrx_word' id='word_1_141' title='bbox 865 2166 928 2232; x_wconf 92' lang='lat' dir='ltr'>hoc</span> <span class='ocrx_word' id='word_1_142' title='bbox 955 2166 983 2231; x_wconf 85' lang='lat' dir='ltr'>si</span> <span class='ocrx_word' id='word_1_143' title='bbox 1014 2188 1082 2231; x_wconf 89' lang='lat' dir='ltr'>non</span> 
     </span>
     <span class='ocr_line' id='line_1_21' title="bbox 128 2254 1081 2339; baseline 0 -21"><span class='ocrx_word' id='word_1_144' title='bbox 128 2255 263 2339; x_wconf 79' lang='lat' dir='ltr'>cogitat,</span> <span class='ocrx_word' id='word_1_145' title='bbox 295 2256 444 2319; x_wconf 89' lang='lat' dir='ltr'>omnibus</span> <span class='ocrx_word' id='word_1_146' title='bbox 475 2256 571 2319; x_wconf 85' lang='lat' dir='ltr'>rebus</span> <span class='ocrx_word' id='word_1_147' title='bbox 603 2255 679 2319; x_wconf 84' lang='lat' dir='ltr'>felix</span> <span class='ocrx_word' id='word_1_148' title='bbox 707 2259 768 2336; x_wconf 81' lang='lat' dir='ltr'>est3</span> <span class='ocrx_word' id='word_1_149' title='bbox 801 2255 828 2318; x_wconf 90' lang='lat' dir='ltr'>si</span> <span class='ocrx_word' id='word_1_150' title='bbox 861 2254 921 2318; x_wconf 90' lang='lat' dir='ltr'>scit</span> <span class='ocrx_word' id='word_1_151' title='bbox 952 2257 986 2318; x_wconf 89' lang='lat' dir='ltr'>et</span> <span class='ocrx_word' id='word_1_152' title='bbox 1012 2276 1081 2338; x_wconf 84' lang='lat' dir='ltr'>per·</span> 
     </span>
     <span class='ocr_line' id='line_1_22' title="bbox 128 2342 1083 2429; baseline 0 -23"><span class='ocrx_word' id='word_1_153' title='bbox 128 2364 241 2406; x_wconf 79' lang='lat' dir='ltr'>suasus</span> <span class='ocrx_word' id='word_1_154' title='bbox 274 2346 335 2426; x_wconf 91' lang='lat' dir='ltr'>est,</span> <span class='ocrx_word' id='word_1_155' title='bbox 368 2343 444 2429; x_wconf 91' lang='lat' dir='ltr'>quid</span> <span class='ocrx_word' id='word_1_156' title='bbox 471 2344 619 2407; x_wconf 84' lang='lat' dir='ltr'>irascitur</span> <span class='ocrx_word' id='word_1_157' title='bbox 647 2344 689 2425; x_wconf 89' lang='lat' dir='ltr'>ai,</span> <span class='ocrx_word' id='word_1_158' title='bbox 721 2343 775 2425; x_wconf 94' lang='lat' dir='ltr'>qui</span> <span class='ocrx_word' id='word_1_159' title='bbox 803 2342 922 2425; x_wconf 86' lang='lat' dir='ltr'>aliquid</span> <span class='ocrx_word' id='word_1_160' title='bbox 954 2343 1083 2429; x_wconf 83' lang='lat' dir='ltr'>scripsit</span> 
     </span>
     <span class='ocr_line' id='line_1_23' title="bbox 128 2431 1082 2515; baseline 0.001 -22"><span class='ocrx_word' id='word_1_161' title='bbox 128 2433 241 2494; x_wconf 89' lang='lat' dir='ltr'>contra</span> <span class='ocrx_word' id='word_1_162' title='bbox 255 2453 346 2495; x_wconf 88' lang='lat' dir='ltr'>suam</span> <span class='ocrx_word' id='word_1_163' title='bbox 364 2432 573 2515; x_wconf 84' lang='lat' dir='ltr'>voluntatem,</span> <span class='ocrx_word' id='word_1_164' title='bbox 592 2454 691 2515; x_wconf 91' lang='lat' dir='ltr'>quum</span> <span class='ocrx_word' id='word_1_165' title='bbox 709 2431 831 2515; x_wconf 84' lang='lat' dir='ltr'>ignorit</span> <span class='ocrx_word' id='word_1_166' title='bbox 850 2431 1009 2514; x_wconf 85' lang='lat' dir='ltr'>omnibus,</span> <span class='ocrx_word' id='word_1_167' title='bbox 1028 2431 1082 2515; x_wconf 92' lang='lat' dir='ltr'>qui</span> 
     </span>
    </p>

    <p class='ocr_par' dir='ltr' id='par_1_9' title="bbox 92 2516 1083 2691">
     <span class='ocr_line' id='line_1_24' title="bbox 92 2516 1083 2600; baseline 0.003 -21"><span class='ocrx_word' id='word_1_168' title='bbox 92 2530 108 2578; x_wconf 83' lang='lat'><strong>3</strong></span> <span class='ocrx_word' id='word_1_169' title='bbox 127 2519 230 2582; x_wconf 86' lang='lat' dir='ltr'>multa</span> <span class='ocrx_word' id='word_1_170' title='bbox 248 2520 324 2584; x_wconf 88' lang='lat' dir='ltr'>deos</span> <span class='ocrx_word' id='word_1_171' title='bbox 343 2520 486 2584; x_wconf 83' lang='lat' dir='ltr'>venerati</span> <span class='ocrx_word' id='word_1_172' title='bbox 505 2523 582 2584; x_wconf 90' lang='lat' dir='ltr'>sunt</span> <span class='ocrx_word' id='word_1_173' title='bbox 600 2522 713 2584; x_wconf 88' lang='lat' dir='ltr'>contra</span> <span class='ocrx_word' id='word_1_174' title='bbox 732 2520 800 2582; x_wconf 88' lang='lat' dir='ltr'>eius</span> <span class='ocrx_word' id='word_1_175' title='bbox 820 2517 979 2583; x_wconf 82' lang='lat' dir='ltr'>salutem?</span> <span class='ocrx_word' id='word_1_176' title='bbox 1011 2516 1083 2600; x_wconf 79' lang='lat' dir='ltr'>Sed,</span> 
     </span>
     <span class='ocr_line' id='line_1_25' title="bbox 126 2606 1083 2691; baseline -0.002 -20"><span class='ocrx_word' id='word_1_177' title='bbox 126 2610 164 2671; x_wconf 91' lang='lat' dir='ltr'>ut</span> <span class='ocrx_word' id='word_1_178' title='bbox 186 2608 298 2671; x_wconf 89' lang='lat' dir='ltr'>codem</span> <span class='ocrx_word' id='word_1_179' title='bbox 321 2611 476 2691; x_wconf 86' lang='lat' dir='ltr'>revertar,</span> <span class='ocrx_word' id='word_1_180' title='bbox 499 2629 596 2671; x_wconf 87' lang='lat' dir='ltr'>eausa</span> <span class='ocrx_word' id='word_1_181' title='bbox 617 2608 698 2672; x_wconf 88' lang='lat' dir='ltr'>haee</span> <span class='ocrx_word' id='word_1_182' title='bbox 720 2607 783 2670; x_wconf 82' lang='lat' dir='ltr'>fuit</span> <span class='ocrx_word' id='word_1_183' title='bbox 805 2607 945 2670; x_wconf 89' lang='lat' dir='ltr'>timoris:</span> <span class='ocrx_word' id='word_1_184' title='bbox 969 2606 1083 2690; x_wconf 80' lang='lat' dir='ltr'>scripsi</span> 
     </span>
    </p>
   </div>
   <div class='ocr_carea' id='block_1_7' title="bbox 128 2694 1082 2778">
    <p class='ocr_par' dir='ltr' id='par_1_10' title="bbox 128 2694 1082 2778">
     <span class='ocr_line' id='line_1_26' title="bbox 128 2694 1082 2778; baseline -0.001 -20"><span class='ocrx_word' id='word_1_185' title='bbox 128 2694 167 2758; x_wconf 82' lang='lat' dir='ltr'>dc</span> <span class='ocrx_word' id='word_1_186' title='bbox 189 2699 221 2758; x_wconf 89' lang='lat' dir='ltr'>te</span> <span class='ocrx_word' id='word_1_187' title='bbox 245 2718 340 2778; x_wconf 85' lang='lat' dir='ltr'>parce</span> <span class='ocrx_word' id='word_1_188' title='bbox 367 2696 607 2760; x_wconf 83' lang='lat' dir='ltr'>mediusfidius</span> <span class='ocrx_word' id='word_1_189' title='bbox 631 2700 664 2759; x_wconf 90' lang='lat' dir='ltr'>et</span> <span class='ocrx_word' id='word_1_190' title='bbox 685 2695 810 2777; x_wconf 88' lang='lat' dir='ltr'>timide,</span> <span class='ocrx_word' id='word_1_191' title='bbox 836 2716 905 2759; x_wconf 89' lang='lat' dir='ltr'>non</span> <span class='ocrx_word' id='word_1_192' title='bbox 927 2715 1082 2758; x_wconf 79' lang='lat' dir='ltr'>revocans</span> 
     </span>
    </p>
   </div>
   <div class='ocr_carea' id='block_1_8' title="bbox 127 2781 1083 2934">
    <p class='ocr_par' dir='ltr' id='par_1_11' title="bbox 127 2781 1083 2934">
     <span class='ocr_line' id='line_1_27' title="bbox 127 2781 1083 2934; baseline 0.001 -90"><span class='ocrx_word' id='word_1_193' title='bbox 127 2803 179 2845; x_wconf 88' lang='lat' dir='ltr'>me</span> <span class='ocrx_word' id='word_1_194' title='bbox 209 2783 292 2867; x_wconf 87' lang='lat' dir='ltr'>ipse,</span> <span class='ocrx_word' id='word_1_195' title='bbox 324 2785 380 2849; x_wconf 89' lang='lat' dir='ltr'>sed</span> <span class='ocrx_word' id='word_1_196' title='bbox 411 2806 514 2868; x_wconf 85' lang='lat' dir='ltr'>paena</span> <span class='ocrx_word' id='word_1_197' title='bbox 545 2784 722 2868; x_wconf 81' lang='lat' dir='ltr'>refugiens3</span> <span class='ocrx_word' id='word_1_198' title='bbox 731 2804 856 2934; x_wconf 48' lang='lat' dir='ltr'>egenus</span> <span class='ocrx_word' id='word_1_199' title='bbox 886 2785 994 2846; x_wconf 86' lang='lat' dir='ltr'>autem</span> <span class='ocrx_word' id='word_1_200' title='bbox 1020 2781 1083 2846; x_wconf 89' lang='lat' dir='ltr'>hoc</span> 
     </span>
    </p>
   </div>
   <div class='ocr_carea' id='block_1_9' title="bbox 60 2870 1084 3220">
    <p class='ocr_par' dir='ltr' id='par_1_12' title="bbox 60 2870 1084 3220">
     <span class='ocr_line' id='line_1_28' title="bbox 60 2870 1083 2959; baseline 0.002 -28"><span class='ocrx_word' id='word_1_201' title='bbox 60 2912 63 2917; x_wconf 55' lang='lat'>&gt;</span> <span class='ocrx_word' id='word_1_202' title='bbox 128 2870 304 2952; x_wconf 89' lang='lat' dir='ltr'>scripturae</span> <span class='ocrx_word' id='word_1_203' title='bbox 327 2893 395 2936; x_wconf 88' lang='lat' dir='ltr'>non</span> <span class='ocrx_word' id='word_1_204' title='bbox 416 2873 512 2937; x_wconf 87' lang='lat' dir='ltr'>modo</span> <span class='ocrx_word' id='word_1_205' title='bbox 536 2873 687 2955; x_wconf 88' lang='lat' dir='ltr'>liberum,</span> <span class='ocrx_word' id='word_1_206' title='bbox 715 2893 729 2935; x_wconf 89' lang='lat' dir='ltr'>s</span> <span class='ocrx_word' id='word_1_207' title='bbox 792 2871 964 2934; x_wconf 86' lang='lat' dir='ltr'>incitatum</span> <span class='ocrx_word' id='word_1_208' title='bbox 986 2874 1083 2959; x_wconf 86' lang='lat' dir='ltr'>atque</span> 
     </span>
     <span class='ocr_line' id='line_1_29' title="bbox 128 2957 1083 3044; baseline 0.007 -24"><span class='ocrx_word' id='word_1_209' title='bbox 128 2958 248 3023; x_wconf 84' lang='lat' dir='ltr'>elatum</span> <span class='ocrx_word' id='word_1_210' title='bbox 276 2980 344 3023; x_wconf 88' lang='lat' dir='ltr'>esse</span> <span class='ocrx_word' id='word_1_211' title='bbox 372 2958 487 3025; x_wconf 88' lang='lat' dir='ltr'>debere</span> <span class='ocrx_word' id='word_1_212' title='bbox 515 2961 586 3044; x_wconf 89' lang='lat' dir='ltr'>quis</span> <span class='ocrx_word' id='word_1_213' title='bbox 617 2958 771 3044; x_wconf 78' lang='lat' dir='ltr'>ignorat?</span> <span class='ocrx_word' id='word_1_214' title='bbox 803 2959 945 3022; x_wconf 83' lang='lat' dir='ltr'>solutum</span> <span class='ocrx_word' id='word_1_215' title='bbox 977 2957 1083 3027; x_wconf 77' lang='lat' dir='ltr'>existi·</span> 
     </span>
     <span class='ocr_line' id='line_1_30' title="bbox 126 3046 1084 3112; baseline -0.001 -2"><span class='ocrx_word' id='word_1_216' title='bbox 126 3048 325 3111; x_wconf 84' lang='lat' dir='ltr'>maturasse</span> <span class='ocrx_word' id='word_1_217' title='bbox 349 3049 441 3112; x_wconf 89' lang='lat' dir='ltr'>alteri</span> <span class='ocrx_word' id='word_1_218' title='bbox 464 3049 548 3112; x_wconf 89' lang='lat' dir='ltr'>male</span> <span class='ocrx_word' id='word_1_219' title='bbox 575 3048 679 3112; x_wconf 86' lang='lat' dir='ltr'>dicere</span> <span class='ocrx_word' id='word_1_220' title='bbox 702 3082 744 3097; x_wconf 82' lang='lat'>-·</span> <span class='ocrx_word' id='word_1_221' title='bbox 767 3051 878 3111; x_wconf 89' lang='lat' dir='ltr'>tamen</span> <span class='ocrx_word' id='word_1_222' title='bbox 906 3046 1084 3111; x_wconf 84' lang='lat' dir='ltr'>carendum</span> 
     </span>
     <span class='ocr_line' id='line_1_31' title="bbox 127 3134 1084 3220; baseline -0.002 -22"><span class='ocrx_word' id='word_1_223' title='bbox 127 3138 189 3218; x_wconf 88' lang='lat' dir='ltr'>ast,</span> <span class='ocrx_word' id='word_1_224' title='bbox 220 3155 262 3201; x_wconf 89' lang='lat' dir='ltr'>ne</span> <span class='ocrx_word' id='word_1_225' title='bbox 293 3135 329 3200; x_wconf 89' lang='lat' dir='ltr'>in</span> <span class='ocrx_word' id='word_1_226' title='bbox 360 3137 572 3220; x_wconf 85' lang='lat' dir='ltr'>petulantiam</span> <span class='ocrx_word' id='word_1_227' title='bbox 604 3136 726 3202; x_wconf 87' lang='lat' dir='ltr'>incidas</span> <span class='ocrx_word' id='word_1_228' title='bbox 750 3158 806 3218; x_wconf 82' lang='lat'>-3</span> <span class='ocrx_word' id='word_1_229' title='bbox 832 3134 1023 3218; x_wconf 84' lang='lat' dir='ltr'>impeditum</span> <span class='ocrx_word' id='word_1_230' title='bbox 1051 3154 1084 3197; x_wconf 84' lang='lat' dir='ltr'>se</span> 
     </span>
    </p>
   </div>
   <div class='ocr_carea' id='block_1_10' title="bbox 118 3359 1085 3576">
    <p class='ocr_par' dir='ltr' id='par_1_13' title="bbox 118 3359 1085 3576">
     <span class='ocr_line' id='line_1_32' title="bbox 196 3359 1085 3433; baseline 0.001 -19"><span class='ocrx_word' id='word_1_231' title='bbox 196 3360 248 3431; x_wconf 85' lang='lat' dir='ltr'>Ep.</span> <span class='ocrx_word' id='word_1_232' title='bbox 270 3368 293 3430; x_wconf 80' lang='lat'>7,</span> <span class='ocrx_word' id='word_1_233' title='bbox 310 3369 333 3416; x_wconf 90' lang='lat'>1.</span> <span class='ocrx_word' id='word_1_234' title='bbox 362 3364 458 3423; x_wconf 73' lang='lat' dir='ltr'>exisset</span> <span class='ocrx_word' id='word_1_235' title='bbox 472 3394 505 3402; x_wconf 93' lang='lat'><em>-</em></span> <span class='ocrx_word' id='word_1_236' title='bbox 520 3363 649 3433; x_wconf 74' lang='lat' dir='ltr'>quoniam</span> <span class='ocrx_word' id='word_1_237' title='bbox 669 3403 710 3416; x_wconf 92' lang='lat'>...</span> <span class='ocrx_word' id='word_1_238' title='bbox 730 3362 885 3433; x_wconf 67' lang='lat' dir='ltr'>accrpiutur</span> <span class='ocrx_word' id='word_1_239' title='bbox 898 3391 942 3428; x_wconf 80' lang='lat'>-—,</span> <span class='ocrx_word' id='word_1_240' title='bbox 961 3375 995 3414; x_wconf 79' lang='lat' dir='ltr'>nc</span> <span class='ocrx_word' id='word_1_241' title='bbox 1009 3359 1085 3429; x_wconf 70' lang='lat' dir='ltr'><strong>(W).</strong></span> 
     </span>
     <span class='ocr_line' id='line_1_33' title="bbox 126 3431 1085 3504; baseline 0.001 -20"><span class='ocrx_word' id='word_1_242' title='bbox 126 3446 177 3496; x_wconf 79' lang='lat' dir='ltr'>coc,</span> <span class='ocrx_word' id='word_1_243' title='bbox 195 3449 219 3500; x_wconf 78' lang='lat' dir='ltr'>q.</span> <span class='ocrx_word' id='word_1_244' title='bbox 240 3473 263 3486; x_wconf 89' lang='lat'>..</span> <span class='ocrx_word' id='word_1_245' title='bbox 284 3449 348 3500; x_wconf 87' lang='lat' dir='ltr'>ccc,</span> <span class='ocrx_word' id='word_1_246' title='bbox 367 3451 401 3488; x_wconf 84' lang='lat' dir='ltr'>nc</span> <span class='ocrx_word' id='word_1_247' title='bbox 414 3433 508 3504; x_wconf 82' lang='lat' dir='ltr'>vulgo.</span> <span class='ocrx_word' id='word_1_248' title='bbox 529 3465 562 3472; x_wconf 96' lang='lat'><em>-</em></span> <span class='ocrx_word' id='word_1_249' title='bbox 581 3450 613 3487; x_wconf 85' lang='lat' dir='ltr'>ec</span> <span class='ocrx_word' id='word_1_250' title='bbox 630 3449 672 3487; x_wconf 78' lang='lat' dir='ltr'>res</span> <span class='ocrx_word' id='word_1_251' title='bbox 686 3437 704 3498; x_wconf 92' lang='lat'>†</span> <span class='ocrx_word' id='word_1_252' title='bbox 718 3434 807 3500; x_wconf 77' lang='lat' dir='ltr'>inepte</span> <span class='ocrx_word' id='word_1_253' title='bbox 822 3432 897 3499; x_wconf 69' lang='lat' dir='ltr'>(W).</span> <span class='ocrx_word' id='word_1_254' title='bbox 935 3447 967 3486; x_wconf 88' lang='lat' dir='ltr'>ca</span> <span class='ocrx_word' id='word_1_255' title='bbox 984 3446 1028 3484; x_wconf 80' lang='lat' dir='ltr'>res</span> <span class='ocrx_word' id='word_1_256' title='bbox 1040 3431 1085 3485; x_wconf 75' lang='lat' dir='ltr'>in·</span> 
     </span>
     <span class='ocr_line' id='line_1_34' title="bbox 118 3498 1085 3576; baseline -0.001 -21"><span class='ocrx_word' id='word_1_257' title='bbox 118 3517 206 3570; x_wconf 76' lang='lat' dir='ltr'>pense</span> <span class='ocrx_word' id='word_1_258' title='bbox 225 3503 309 3573; x_wconf 75' lang='lat' dir='ltr'>(W.)?</span> <span class='ocrx_word' id='word_1_259' title='bbox 329 3521 365 3558; x_wconf 88' lang='lat' dir='ltr'>an</span> <span class='ocrx_word' id='word_1_260' title='bbox 379 3521 411 3561; x_wconf 86' lang='lat' dir='ltr'>eu</span> <span class='ocrx_word' id='word_1_261' title='bbox 424 3521 467 3559; x_wconf 82' lang='lat' dir='ltr'>res</span> <span class='ocrx_word' id='word_1_262' title='bbox 481 3503 594 3576; x_wconf 77' lang='lat' dir='ltr'>[inepte]</span> <span class='ocrx_word' id='word_1_263' title='bbox 608 3504 675 3558; x_wconf 77' lang='lat' dir='ltr'>milri</span> <span class='ocrx_word' id='word_1_264' title='bbox 689 3503 775 3571; x_wconf 61' lang='lat' dir='ltr'>(Wll</span> <span class='ocrx_word' id='word_1_265' title='bbox 812 3519 843 3557; x_wconf 85' lang='lat' dir='ltr'>eo</span> <span class='ocrx_word' id='word_1_266' title='bbox 856 3517 899 3556; x_wconf 83' lang='lat' dir='ltr'>res</span> <span class='ocrx_word' id='word_1_267' title='bbox 915 3502 1006 3570; x_wconf 73' lang='lat' dir='ltr'>inepta</span> <span class='ocrx_word' id='word_1_268' title='bbox 1018 3498 1085 3554; x_wconf 79' lang='grc' dir='ltr'>ΜΒ.</span> 
     </span>
    </p>
   </div>
   <div class='ocr_carea' id='block_1_11' title="bbox 0 0 1190 3878">
    <p class='ocr_par' dir='ltr' id='par_1_14' title="bbox 0 0 1190 3878">
     <span class='ocr_line' id='line_1_35' title="bbox 0 0 1190 3878; baseline 0 0"><span class='ocrx_word' id='word_1_269' title='bbox 0 0 1190 3878; x_wconf 95' lang='lat' dir='ltr'> </span> 
     </span>
    </p>
   </div>
  </div>
 </body>
</html>
