<?xml version="1.0" encoding="UTF-8"?>
<!DOCTYPE html PUBLIC "-//W3C//DTD XHTML 1.0 Transitional//EN"
    "http://www.w3.org/TR/xhtml1/DTD/xhtml1-transitional.dtd">
<html xmlns="http://www.w3.org/1999/xhtml" xml:lang="en" lang="en">
 <head>
  <title>
</title>
<meta http-equiv="Content-Type" content="text/html;charset=utf-8" />
  <meta name='ocr-system' content='tesseract 3.04.00' />
  <meta name='ocr-capabilities' content='ocr_page ocr_carea ocr_par ocr_line ocrx_word'/>
</head>
<body>
  <div class='ocr_page' id='page_1' title='image "./epistolae00cicegoog_0197.png"; bbox 0 0 2370 3878; ppageno 0'>
   <div class='ocr_carea' id='block_1_1' title="bbox 177 125 845 193">
    <p class='ocr_par' dir='ltr' id='par_1_1' title="bbox 177 125 845 193">
     <span class='ocr_line' id='line_1_1' title="bbox 177 125 845 193; baseline -0.013 -2"><span class='ocrx_word' id='word_1_1' title='bbox 177 127 239 193; x_wconf 88' lang='grc'>186</span> <span class='ocrx_word' id='word_1_2' title='bbox 455 125 493 181; x_wconf 88' lang='grc' dir='ltr'>Μ.</span> <span class='ocrx_word' id='word_1_3' title='bbox 512 125 636 181; x_wconf 84' lang='lat' dir='ltr'>TULLII</span> <span class='ocrx_word' id='word_1_4' title='bbox 654 125 845 182; x_wconf 81' lang='lat' dir='ltr'>CICERONIS</span> 
     </span>
    </p>
   </div>
   <div class='ocr_carea' id='block_1_2' title="bbox 590 374 712 440">
    <p class='ocr_par' dir='ltr' id='par_1_2' title="bbox 590 374 712 440">
     <span class='ocr_line' id='line_1_2' title="bbox 590 374 712 440; baseline 0.016 -2"><span class='ocrx_word' id='word_1_5' title='bbox 590 374 712 440; x_wconf 87' lang='lat' dir='ltr'>XVIII.</span> 
     </span>
    </p>
   </div>
   <div class='ocr_carea' id='block_1_3' title="bbox 322 485 980 563">
    <p class='ocr_par' dir='ltr' id='par_1_3' title="bbox 322 485 980 563">
     <span class='ocr_line' id='line_1_3' title="bbox 322 485 980 563; baseline 0 -21"><span class='ocrx_word' id='word_1_6' title='bbox 322 485 382 563; x_wconf 66' lang='lat' dir='ltr'>Cer.</span> <span class='ocrx_word' id='word_1_7' title='bbox 400 486 506 542; x_wconf 87' lang='lat' dir='ltr'>Romae</span> <span class='ocrx_word' id='word_1_8' title='bbox 523 502 619 541; x_wconf 89' lang='lat' dir='ltr'>mense</span> <span class='ocrx_word' id='word_1_9' title='bbox 637 487 767 543; x_wconf 89' lang='lat' dir='ltr'>Ianuario</span> <span class='ocrx_word' id='word_1_10' title='bbox 786 503 811 543; x_wconf 83' lang='lat' dir='ltr'>a.</span> <span class='ocrx_word' id='word_1_11' title='bbox 831 505 857 543; x_wconf 89' lang='lat' dir='ltr'>u.</span> <span class='ocrx_word' id='word_1_12' title='bbox 877 504 900 543; x_wconf 91' lang='lat' dir='ltr'>c.</span> <span class='ocrx_word' id='word_1_13' title='bbox 921 493 980 544; x_wconf 77' lang='lat'><strong>⁷09.</strong></span> 
     </span>
    </p>
   </div>
   <div class='ocr_carea' id='block_1_4' title="bbox 503 608 804 667">
    <p class='ocr_par' dir='ltr' id='par_1_4' title="bbox 503 608 804 667">
     <span class='ocr_line' id='line_1_4' title="bbox 503 608 804 667; baseline 0.007 -4"><span class='ocrx_word' id='word_1_14' title='bbox 503 608 632 665; x_wconf 82' lang='lat' dir='ltr'>CICERO</span> <span class='ocrx_word' id='word_1_15' title='bbox 651 609 804 667; x_wconf 77' lang='lat' dir='ltr'>LEPTAE.</span> 
     </span>
    </p>
   </div>
   <div class='ocr_carea' id='block_1_5' title="bbox 142 707 1139 3511">
    <p class='ocr_par' dir='ltr' id='par_1_5' title="bbox 142 707 1133 1412">
     <span class='ocr_line' id='line_1_5' title="bbox 142 707 1133 796; baseline -0.001 -18"><span class='ocrx_word' id='word_1_16' title='bbox 142 729 156 778; x_wconf 94' lang='lat'>1</span> <span class='ocrx_word' id='word_1_17' title='bbox 242 707 441 793; x_wconf 71' lang='lat' dir='ltr'>Simulatque</span> <span class='ocrx_word' id='word_1_18' title='bbox 465 710 573 793; x_wconf 88' lang='lat' dir='ltr'>accepi</span> <span class='ocrx_word' id='word_1_19' title='bbox 596 731 616 774; x_wconf 91' lang='lat' dir='ltr'>a</span> <span class='ocrx_word' id='word_1_20' title='bbox 635 707 766 775; x_wconf 83' lang='lat' dir='ltr'>Seleuco</span> <span class='ocrx_word' id='word_1_21' title='bbox 789 713 846 775; x_wconf 93' lang='lat' dir='ltr'>tuo</span> <span class='ocrx_word' id='word_1_22' title='bbox 865 710 1001 796; x_wconf 90' lang='lat' dir='ltr'>litteras,</span> <span class='ocrx_word' id='word_1_23' title='bbox 1023 712 1133 777; x_wconf 89' lang='lat' dir='ltr'>statim</span> 
     </span>
     <span class='ocr_line' id='line_1_6' title="bbox 177 796 1132 886; baseline 0.003 -23"><span class='ocrx_word' id='word_1_24' title='bbox 177 798 319 882; x_wconf 82' lang='lat' dir='ltr'>quaesivi</span> <span class='ocrx_word' id='word_1_25' title='bbox 342 819 360 863; x_wconf 91' lang='lat' dir='ltr'>e</span> <span class='ocrx_word' id='word_1_26' title='bbox 382 796 486 863; x_wconf 89' lang='lat' dir='ltr'>Balbo</span> <span class='ocrx_word' id='word_1_27' title='bbox 508 819 567 882; x_wconf 88' lang='lat' dir='ltr'>per</span> <span class='ocrx_word' id='word_1_28' title='bbox 589 797 762 882; x_wconf 80' lang='lat' dir='ltr'><strong>codicillos,</strong></span> <span class='ocrx_word' id='word_1_29' title='bbox 785 798 862 882; x_wconf 91' lang='lat' dir='ltr'>quid</span> <span class='ocrx_word' id='word_1_30' title='bbox 885 803 969 864; x_wconf 90' lang='lat' dir='ltr'>esset</span> <span class='ocrx_word' id='word_1_31' title='bbox 990 799 1027 864; x_wconf 91' lang='lat' dir='ltr'>in</span> <span class='ocrx_word' id='word_1_32' title='bbox 1048 801 1132 886; x_wconf 85' lang='lat' dir='ltr'>lege:</span> 
     </span>
     <span class='ocr_line' id='line_1_7' title="bbox 175 885 1132 970; baseline 0.002 -19"><span class='ocrx_word' id='word_1_33' title='bbox 175 885 341 970; x_wconf 75' lang='lat' dir='ltr'>rescripsit</span> <span class='ocrx_word' id='word_1_34' title='bbox 363 907 428 970; x_wconf 90' lang='lat' dir='ltr'>ecs,</span> <span class='ocrx_word' id='word_1_35' title='bbox 451 885 507 970; x_wconf 92' lang='lat' dir='ltr'>qui</span> <span class='ocrx_word' id='word_1_36' title='bbox 528 886 673 950; x_wconf 89' lang='lat' dir='ltr'>facerent</span> <span class='ocrx_word' id='word_1_37' title='bbox 693 887 916 970; x_wconf 90' lang='lat' dir='ltr'>praeconium,</span> <span class='ocrx_word' id='word_1_38' title='bbox 937 888 1042 953; x_wconf 84' lang='lat' dir='ltr'>vetari</span> <span class='ocrx_word' id='word_1_39' title='bbox 1064 910 1132 953; x_wconf 89' lang='lat' dir='ltr'>esse</span> 
     </span>
     <span class='ocr_line' id='line_1_8' title="bbox 176 974 1132 1059; baseline 0.001 -19"><span class='ocrx_word' id='word_1_40' title='bbox 176 976 211 1039; x_wconf 90' lang='lat' dir='ltr'>in</span> <span class='ocrx_word' id='word_1_41' title='bbox 238 975 477 1058; x_wconf 82' lang='lat' dir='ltr'>decurionibus,</span> <span class='ocrx_word' id='word_1_42' title='bbox 505 975 561 1059; x_wconf 92' lang='lat' dir='ltr'>qui</span> <span class='ocrx_word' id='word_1_43' title='bbox 583 974 750 1058; x_wconf 78' lang='lat' dir='ltr'>fecissent,</span> <span class='ocrx_word' id='word_1_44' title='bbox 776 997 844 1041; x_wconf 91' lang='lat' dir='ltr'>non</span> <span class='ocrx_word' id='word_1_45' title='bbox 870 976 982 1040; x_wconf 84' lang='lat' dir='ltr'>vetari.</span> <span class='ocrx_word' id='word_1_46' title='bbox 1028 974 1132 1052; x_wconf 81' lang='lat' dir='ltr'>Quare</span> 
     </span>
     <span class='ocr_line' id='line_1_9' title="bbox 176 1063 1131 1149; baseline 0.002 -22"><span class='ocrx_word' id='word_1_47' title='bbox 176 1064 262 1128; x_wconf 92' lang='lat' dir='ltr'>bono</span> <span class='ocrx_word' id='word_1_48' title='bbox 291 1064 398 1129; x_wconf 90' lang='lat' dir='ltr'>animo</span> <span class='ocrx_word' id='word_1_49' title='bbox 428 1064 494 1127; x_wconf 90' lang='lat' dir='ltr'>sint</span> <span class='ocrx_word' id='word_1_50' title='bbox 521 1066 554 1127; x_wconf 93' lang='lat' dir='ltr'>et</span> <span class='ocrx_word' id='word_1_51' title='bbox 580 1063 630 1127; x_wconf 92' lang='lat' dir='ltr'>tui</span> <span class='ocrx_word' id='word_1_52' title='bbox 657 1066 689 1127; x_wconf 95' lang='lat' dir='ltr'>et</span> <span class='ocrx_word' id='word_1_53' title='bbox 715 1063 779 1128; x_wconf 91' lang='lat' dir='ltr'>mei</span> <span class='ocrx_word' id='word_1_54' title='bbox 809 1063 997 1148; x_wconf 87' lang='lat' dir='ltr'>familiares;</span> <span class='ocrx_word' id='word_1_55' title='bbox 1029 1085 1131 1149; x_wconf 89' lang='lat' dir='ltr'>neque</span> 
     </span>
     <span class='ocr_line' id='line_1_10' title="bbox 176 1150 1132 1236; baseline 0.001 -20"><span class='ocrx_word' id='word_1_56' title='bbox 176 1153 263 1216; x_wconf 90' lang='lat' dir='ltr'>enim</span> <span class='ocrx_word' id='word_1_57' title='bbox 286 1155 355 1216; x_wconf 91' lang='lat' dir='ltr'>erat</span> <span class='ocrx_word' id='word_1_58' title='bbox 372 1150 550 1233; x_wconf 89' lang='lat' dir='ltr'>ferendum,</span> <span class='ocrx_word' id='word_1_59' title='bbox 573 1172 681 1234; x_wconf 89' lang='lat' dir='ltr'>quum,</span> <span class='ocrx_word' id='word_1_60' title='bbox 703 1151 758 1234; x_wconf 93' lang='lat' dir='ltr'>qui</span> <span class='ocrx_word' id='word_1_61' title='bbox 776 1150 872 1216; x_wconf 88' lang='lat' dir='ltr'>hodie</span> <span class='ocrx_word' id='word_1_62' title='bbox 890 1151 1132 1236; x_wconf 80' lang='lat' dir='ltr'>haruspicinam</span> 
     </span>
     <span class='ocr_line' id='line_1_11' title="bbox 175 1238 1131 1325; baseline 0.001 -21"><span class='ocrx_word' id='word_1_63' title='bbox 175 1240 333 1322; x_wconf 88' lang='lat' dir='ltr'>facerent,</span> <span class='ocrx_word' id='word_1_64' title='bbox 364 1240 400 1303; x_wconf 90' lang='lat' dir='ltr'>in</span> <span class='ocrx_word' id='word_1_65' title='bbox 427 1242 574 1303; x_wconf 90' lang='lat' dir='ltr'>senatum</span> <span class='ocrx_word' id='word_1_66' title='bbox 597 1238 720 1303; x_wconf 85' lang='lat' dir='ltr'>Romae</span> <span class='ocrx_word' id='word_1_67' title='bbox 746 1239 944 1325; x_wconf 82' lang='lat' dir='ltr'>legerentur,</span> <span class='ocrx_word' id='word_1_68' title='bbox 976 1261 1046 1324; x_wconf 90' lang='lat' dir='ltr'>eos,</span> <span class='ocrx_word' id='word_1_69' title='bbox 1078 1241 1131 1324; x_wconf 90' lang='lat' dir='ltr'>qui</span> 
     </span>
     <span class='ocr_line' id='line_1_12' title="bbox 177 1325 1130 1412; baseline 0.002 -21"><span class='ocrx_word' id='word_1_70' title='bbox 177 1325 349 1410; x_wconf 87' lang='lat' dir='ltr'>aliquando</span> <span class='ocrx_word' id='word_1_71' title='bbox 372 1327 579 1410; x_wconf 87' lang='lat' dir='ltr'>praeconium</span> <span class='ocrx_word' id='word_1_72' title='bbox 601 1326 762 1410; x_wconf 87' lang='lat' dir='ltr'>fecissent,</span> <span class='ocrx_word' id='word_1_73' title='bbox 783 1327 819 1391; x_wconf 94' lang='lat' dir='ltr'>in</span> <span class='ocrx_word' id='word_1_74' title='bbox 836 1327 1019 1412; x_wconf 87' lang='lat' dir='ltr'>municipiis</span> <span class='ocrx_word' id='word_1_75' title='bbox 1040 1328 1130 1393; x_wconf 91' lang='lat' dir='ltr'>decu·</span> 
     </span>
    </p>

    <p class='ocr_par' dir='ltr' id='par_1_6' title="bbox 142 1413 1131 2204">
     <span class='ocr_line' id='line_1_13' title="bbox 142 1413 1130 1499; baseline -0.001 -18"><span class='ocrx_word' id='word_1_76' title='bbox 142 1416 283 1481; x_wconf 80' lang='lat' dir='ltr'>ariones</span> <span class='ocrx_word' id='word_1_77' title='bbox 312 1435 380 1479; x_wconf 88' lang='lat' dir='ltr'>esse</span> <span class='ocrx_word' id='word_1_78' title='bbox 407 1435 475 1479; x_wconf 89' lang='lat' dir='ltr'>non</span> <span class='ocrx_word' id='word_1_79' title='bbox 501 1415 605 1479; x_wconf 89' lang='lat' dir='ltr'>licere.</span> <span class='ocrx_word' id='word_1_80' title='bbox 653 1414 703 1479; x_wconf 92' lang='lat' dir='ltr'>De</span> <span class='ocrx_word' id='word_1_81' title='bbox 729 1413 896 1499; x_wconf 89' lang='lat' dir='ltr'>Hispaniis</span> <span class='ocrx_word' id='word_1_82' title='bbox 927 1416 1005 1480; x_wconf 81' lang='lat' dir='ltr'>novi</span> <span class='ocrx_word' id='word_1_83' title='bbox 1037 1417 1130 1480; x_wconf 80' lang='lat' dir='ltr'>nihil:</span> 
     </span>
     <span class='ocr_line' id='line_1_14' title="bbox 177 1498 1130 1587; baseline 0.002 -21"><span class='ocrx_word' id='word_1_84' title='bbox 177 1523 332 1587; x_wconf 84' lang='lat' dir='ltr'>magnum</span> <span class='ocrx_word' id='word_1_85' title='bbox 357 1505 468 1566; x_wconf 89' lang='lat' dir='ltr'>tamen</span> <span class='ocrx_word' id='word_1_86' title='bbox 495 1498 669 1568; x_wconf 89' lang='lat' dir='ltr'>exercitum</span> <span class='ocrx_word' id='word_1_87' title='bbox 694 1501 884 1586; x_wconf 89' lang='lat' dir='ltr'>Pompeium</span> <span class='ocrx_word' id='word_1_88' title='bbox 910 1503 1030 1568; x_wconf 89' lang='lat' dir='ltr'>habere</span> <span class='ocrx_word' id='word_1_89' title='bbox 1058 1525 1130 1570; x_wconf 92' lang='lat' dir='ltr'>con·</span> 
     </span>
     <span class='ocr_line' id='line_1_15' title="bbox 178 1587 1130 1677; baseline 0.003 -23"><span class='ocrx_word' id='word_1_90' title='bbox 178 1594 251 1674; x_wconf 90' lang='lat' dir='ltr'>stat,</span> <span class='ocrx_word' id='word_1_91' title='bbox 273 1612 350 1655; x_wconf 90' lang='lat' dir='ltr'>nam</span> <span class='ocrx_word' id='word_1_92' title='bbox 369 1587 487 1655; x_wconf 89' lang='lat' dir='ltr'>Caesar</span> <span class='ocrx_word' id='word_1_93' title='bbox 508 1590 577 1674; x_wconf 88' lang='lat' dir='ltr'>ipse</span> <span class='ocrx_word' id='word_1_94' title='bbox 601 1590 641 1654; x_wconf 89' lang='lat' dir='ltr'>ad</span> <span class='ocrx_word' id='word_1_95' title='bbox 665 1613 740 1657; x_wconf 91' lang='lat' dir='ltr'>suos</span> <span class='ocrx_word' id='word_1_96' title='bbox 761 1592 850 1656; x_wconf 87' lang='lat' dir='ltr'>misit</span> <span class='ocrx_word' id='word_1_97' title='bbox 872 1592 1055 1677; x_wconf 88' lang='lat' dir='ltr'>exemplum</span> <span class='ocrx_word' id='word_1_98' title='bbox 1072 1591 1130 1657; x_wconf 90' lang='lat' dir='ltr'>Pa·</span> 
     </span>
     <span class='ocr_line' id='line_1_16' title="bbox 178 1679 1131 1765; baseline 0.002 -22"><span class='ocrx_word' id='word_1_99' title='bbox 178 1679 275 1743; x_wconf 89' lang='lat' dir='ltr'>ciaeci</span> <span class='ocrx_word' id='word_1_100' title='bbox 292 1679 482 1762; x_wconf 87' lang='lat' dir='ltr'>litterarum,</span> <span class='ocrx_word' id='word_1_101' title='bbox 500 1679 535 1742; x_wconf 91' lang='lat' dir='ltr'>in</span> <span class='ocrx_word' id='word_1_102' title='bbox 558 1700 622 1762; x_wconf 93' lang='lat' dir='ltr'>quo</span> <span class='ocrx_word' id='word_1_103' title='bbox 641 1682 711 1743; x_wconf 89' lang='lat' dir='ltr'>crat</span> <span class='ocrx_word' id='word_1_104' title='bbox 728 1680 800 1744; x_wconf 91' lang='lat' dir='ltr'>illas</span> <span class='ocrx_word' id='word_1_105' title='bbox 819 1693 867 1740; x_wconf 78' lang='lat' dir='ltr'>XI·</span> <span class='ocrx_word' id='word_1_106' title='bbox 887 1701 956 1745; x_wconf 89' lang='lat' dir='ltr'>csse</span> <span class='ocrx_word' id='word_1_107' title='bbox 974 1681 1131 1765; x_wconf 81' lang='lat' dir='ltr'>legiones3</span> 
     </span>
     <span class='ocr_line' id='line_1_17' title="bbox 178 1764 1131 1852; baseline 0.002 -21"><span class='ocrx_word' id='word_1_108' title='bbox 178 1768 349 1852; x_wconf 87' lang='lat' dir='ltr'>scripserat</span> <span class='ocrx_word' id='word_1_109' title='bbox 380 1766 478 1832; x_wconf 91' lang='lat' dir='ltr'>etiam</span> <span class='ocrx_word' id='word_1_110' title='bbox 508 1764 661 1831; x_wconf 84' lang='lat' dir='ltr'>Messalla</span> <span class='ocrx_word' id='word_1_111' title='bbox 693 1765 728 1842; x_wconf 83' lang='lat' dir='ltr'>Q.</span> <span class='ocrx_word' id='word_1_112' title='bbox 757 1765 885 1833; x_wconf 83' lang='lat' dir='ltr'>Salasso</span> <span class='ocrx_word' id='word_1_113' title='bbox 917 1767 952 1832; x_wconf 93' lang='lat' dir='ltr'>P.</span> <span class='ocrx_word' id='word_1_114' title='bbox 984 1765 1131 1835; x_wconf 85' lang='lat' dir='ltr'>Curtium</span> 
     </span>
     <span class='ocr_line' id='line_1_18' title="bbox 176 1854 1130 1939; baseline 0.001 -19"><span class='ocrx_word' id='word_1_115' title='bbox 176 1856 311 1921; x_wconf 88' lang='lat' dir='ltr'>fratrem</span> <span class='ocrx_word' id='word_1_116' title='bbox 333 1855 401 1921; x_wconf 90' lang='lat' dir='ltr'>eius</span> <span class='ocrx_word' id='word_1_117' title='bbox 422 1855 512 1920; x_wconf 90' lang='lat' dir='ltr'>iussu</span> <span class='ocrx_word' id='word_1_118' title='bbox 529 1854 674 1939; x_wconf 89' lang='lat' dir='ltr'>Pompeii</span> <span class='ocrx_word' id='word_1_119' title='bbox 696 1855 897 1939; x_wconf 85' lang='lat' dir='ltr'>inspectante</span> <span class='ocrx_word' id='word_1_120' title='bbox 920 1857 1062 1921; x_wconf 87' lang='lat' dir='ltr'>exercitu</span> <span class='ocrx_word' id='word_1_121' title='bbox 1084 1857 1130 1921; x_wconf 88' lang='lat' dir='ltr'>in·</span> 
     </span>
     <span class='ocr_line' id='line_1_19' title="bbox 176 1941 1130 2029; baseline 0.001 -21"><span class='ocrx_word' id='word_1_122' title='bbox 176 1946 360 2029; x_wconf 87' lang='lat' dir='ltr'>terfectum,</span> <span class='ocrx_word' id='word_1_123' title='bbox 383 1944 469 2029; x_wconf 91' lang='lat' dir='ltr'>quod</span> <span class='ocrx_word' id='word_1_124' title='bbox 493 1943 708 2010; x_wconf 89' lang='lat' dir='ltr'>consensisset</span> <span class='ocrx_word' id='word_1_125' title='bbox 730 1964 802 2008; x_wconf 87' lang='lat' dir='ltr'>cum</span> <span class='ocrx_word' id='word_1_126' title='bbox 823 1941 978 2028; x_wconf 88' lang='lat' dir='ltr'>Hispanis</span> <span class='ocrx_word' id='word_1_127' title='bbox 1000 1945 1130 2029; x_wconf 88' lang='lat' dir='ltr'>quibus·</span> 
     </span>
     <span class='ocr_line' id='line_1_20' title="bbox 178 2030 1131 2117; baseline 0.002 -21"><span class='ocrx_word' id='word_1_128' title='bbox 178 2033 261 2116; x_wconf 91' lang='lat' dir='ltr'>dam,</span> <span class='ocrx_word' id='word_1_129' title='bbox 283 2033 311 2097; x_wconf 88' lang='lat' dir='ltr'>si</span> <span class='ocrx_word' id='word_1_130' title='bbox 333 2033 368 2096; x_wconf 92' lang='lat' dir='ltr'>in</span> <span class='ocrx_word' id='word_1_131' title='bbox 391 2033 545 2117; x_wconf 89' lang='lat' dir='ltr'>oppidum</span> <span class='ocrx_word' id='word_1_132' title='bbox 567 2030 675 2098; x_wconf 89' lang='lat' dir='ltr'>nescio</span> <span class='ocrx_word' id='word_1_133' title='bbox 698 2031 784 2115; x_wconf 82' lang='lat' dir='ltr'>quod</span> <span class='ocrx_word' id='word_1_134' title='bbox 802 2030 974 2116; x_wconf 87' lang='lat' dir='ltr'>Pompeius</span> <span class='ocrx_word' id='word_1_135' title='bbox 996 2032 1045 2097; x_wconf 91' lang='lat' dir='ltr'>rei</span> <span class='ocrx_word' id='word_1_136' title='bbox 1066 2032 1131 2098; x_wconf 89' lang='lat' dir='ltr'>fru-</span> 
     </span>
     <span class='ocr_line' id='line_1_21' title="bbox 177 2120 1131 2204; baseline 0.003 -21"><span class='ocrx_word' id='word_1_137' title='bbox 177 2120 353 2184; x_wconf 88' lang='lat' dir='ltr'>mentariae</span> <span class='ocrx_word' id='word_1_138' title='bbox 381 2140 478 2185; x_wconf 91' lang='lat' dir='ltr'>causa</span> <span class='ocrx_word' id='word_1_139' title='bbox 509 2121 663 2203; x_wconf 86' lang='lat' dir='ltr'>venisset,</span> <span class='ocrx_word' id='word_1_140' title='bbox 694 2141 767 2184; x_wconf 92' lang='lat' dir='ltr'>eum</span> <span class='ocrx_word' id='word_1_141' title='bbox 794 2120 1064 2204; x_wconf 87' lang='lat' dir='ltr'>comprehendere</span> <span class='ocrx_word' id='word_1_142' title='bbox 1091 2120 1131 2186; x_wconf 86' lang='lat' dir='ltr'>ad</span> 
     </span>
    </p>

    <p class='ocr_par' dir='ltr' id='par_1_7' title="bbox 143 2205 1132 2558">
     <span class='ocr_line' id='line_1_22' title="bbox 143 2205 1131 2293; baseline 0.002 -21"><span class='ocrx_word' id='word_1_143' title='bbox 143 2225 158 2272; x_wconf 85' lang='lat'><strong>3</strong></span> <span class='ocrx_word' id='word_1_144' title='bbox 178 2205 409 2290; x_wconf 87' lang='lat' dir='ltr'>Caesaremque</span> <span class='ocrx_word' id='word_1_145' title='bbox 428 2208 591 2273; x_wconf 87' lang='lat' dir='ltr'>deducere.</span> <span class='ocrx_word' id='word_1_146' title='bbox 626 2207 676 2272; x_wconf 91' lang='lat' dir='ltr'>De</span> <span class='ocrx_word' id='word_1_147' title='bbox 694 2210 751 2273; x_wconf 91' lang='lat' dir='ltr'>tuo</span> <span class='ocrx_word' id='word_1_148' title='bbox 771 2208 914 2293; x_wconf 79' lang='lat' dir='ltr'>negotio,</span> <span class='ocrx_word' id='word_1_149' title='bbox 931 2208 1018 2292; x_wconf 91' lang='lat' dir='ltr'>quod</span> <span class='ocrx_word' id='word_1_150' title='bbox 1036 2230 1131 2293; x_wconf 86' lang='lat' dir='ltr'>spon·</span> 
     </span>
     <span class='ocr_line' id='line_1_23' title="bbox 178 2293 1131 2380; baseline 0.002 -21"><span class='ocrx_word' id='word_1_151' title='bbox 178 2317 231 2363; x_wconf 90' lang='lat' dir='ltr'>sor</span> <span class='ocrx_word' id='word_1_152' title='bbox 254 2317 288 2360; x_wconf 89' lang='lat' dir='ltr'>es</span> <span class='ocrx_word' id='word_1_153' title='bbox 310 2317 370 2378; x_wconf 90' lang='lat' dir='ltr'>pro</span> <span class='ocrx_word' id='word_1_154' title='bbox 392 2294 560 2379; x_wconf 92' lang='lat' dir='ltr'>Pompeio,</span> <span class='ocrx_word' id='word_1_155' title='bbox 590 2296 617 2361; x_wconf 87' lang='lat' dir='ltr'>si</span> <span class='ocrx_word' id='word_1_156' title='bbox 639 2293 743 2361; x_wconf 81' lang='lat' dir='ltr'>Galba</span> <span class='ocrx_word' id='word_1_157' title='bbox 764 2316 965 2380; x_wconf 88' lang='lat' dir='ltr'>consponsor</span> <span class='ocrx_word' id='word_1_158' title='bbox 985 2299 1063 2361; x_wconf 88' lang='lat' dir='ltr'>tuus</span> <span class='ocrx_word' id='word_1_159' title='bbox 1085 2319 1131 2361; x_wconf 89' lang='lat' dir='ltr'>re·</span> 
     </span>
     <span class='ocr_line' id='line_1_24' title="bbox 179 2383 1132 2470; baseline 0.003 -22"><span class='ocrx_word' id='word_1_160' title='bbox 179 2384 285 2467; x_wconf 87' lang='lat' dir='ltr'>dierit,</span> <span class='ocrx_word' id='word_1_161' title='bbox 316 2383 414 2448; x_wconf 92' lang='lat' dir='ltr'>homo</span> <span class='ocrx_word' id='word_1_162' title='bbox 441 2384 476 2448; x_wconf 91' lang='lat' dir='ltr'>in</span> <span class='ocrx_word' id='word_1_163' title='bbox 507 2405 542 2448; x_wconf 93' lang='lat' dir='ltr'>re</span> <span class='ocrx_word' id='word_1_164' title='bbox 573 2383 724 2448; x_wconf 87' lang='lat' dir='ltr'>familiari</span> <span class='ocrx_word' id='word_1_165' title='bbox 750 2405 818 2448; x_wconf 92' lang='lat' dir='ltr'>non</span> <span class='ocrx_word' id='word_1_166' title='bbox 843 2406 959 2468; x_wconf 87' lang='lat' dir='ltr'>parum</span> <span class='ocrx_word' id='word_1_167' title='bbox 985 2384 1132 2470; x_wconf 84' lang='lat' dir='ltr'>diligens,</span> 
     </span>
     <span class='ocr_line' id='line_1_25' title="bbox 177 2471 1131 2558; baseline 0.003 -22"><span class='ocrx_word' id='word_1_168' title='bbox 177 2494 245 2538; x_wconf 89' lang='lat' dir='ltr'>uon</span> <span class='ocrx_word' id='word_1_169' title='bbox 267 2471 412 2536; x_wconf 87' lang='lat' dir='ltr'>desinam</span> <span class='ocrx_word' id='word_1_170' title='bbox 434 2492 507 2536; x_wconf 92' lang='lat' dir='ltr'>cum</span> <span class='ocrx_word' id='word_1_171' title='bbox 529 2472 585 2538; x_wconf 92' lang='lat' dir='ltr'>illo</span> <span class='ocrx_word' id='word_1_172' title='bbox 610 2472 858 2557; x_wconf 90' lang='lat' dir='ltr'>communicare,</span> <span class='ocrx_word' id='word_1_173' title='bbox 885 2472 1013 2556; x_wconf 89' lang='lat' dir='ltr'>siquid</span> <span class='ocrx_word' id='word_1_174' title='bbox 1041 2494 1131 2558; x_wconf 78' lang='lat' dir='ltr'>expe</span> 
     </span>
    </p>

    <p class='ocr_par' dir='ltr' id='par_1_8' title="bbox 143 2559 1138 3438">
     <span class='ocr_line' id='line_1_26' title="bbox 143 2559 1132 2644; baseline 0.008 -25"><span class='ocrx_word' id='word_1_175' title='bbox 143 2571 160 2619; x_wconf 88' lang='grc'>4</span> <span class='ocrx_word' id='word_1_176' title='bbox 179 2561 239 2625; x_wconf 89' lang='lat' dir='ltr'>diri</span> <span class='ocrx_word' id='word_1_177' title='bbox 257 2561 369 2644; x_wconf 90' lang='lat' dir='ltr'>possit,</span> <span class='ocrx_word' id='word_1_178' title='bbox 389 2559 475 2644; x_wconf 92' lang='lat' dir='ltr'>quod</span> <span class='ocrx_word' id='word_1_179' title='bbox 492 2559 661 2625; x_wconf 78' lang='lat' dir='ltr'>videbatur</span> <span class='ocrx_word' id='word_1_180' title='bbox 679 2559 759 2625; x_wconf 93' lang='lat' dir='ltr'>mihi</span> <span class='ocrx_word' id='word_1_181' title='bbox 776 2560 830 2624; x_wconf 91' lang='lat' dir='ltr'>ille</span> <span class='ocrx_word' id='word_1_182' title='bbox 849 2560 1018 2626; x_wconf 86' lang='lat' dir='ltr'>confidere.</span> <span class='ocrx_word' id='word_1_183' title='bbox 1055 2560 1132 2627; x_wconf 74' lang='lat' dir='ltr'>ora</span> 
     </span>
     <span class='ocr_line' id='line_1_27' title="bbox 177 2648 1133 2733; baseline 0 -20"><span class='ocrx_word' id='word_1_184' title='bbox 177 2654 282 2713; x_wconf 87' lang='lat' dir='ltr'>torem</span> <span class='ocrx_word' id='word_1_185' title='bbox 303 2670 410 2713; x_wconf 91' lang='lat' dir='ltr'>meum</span> <span class='ocrx_word' id='word_1_186' title='bbox 432 2651 525 2713; x_wconf 92' lang='lat' dir='ltr'>tanto</span> <span class='ocrx_word' id='word_1_187' title='bbox 554 2669 649 2732; x_wconf 89' lang='lat' dir='ltr'>opere</span> <span class='ocrx_word' id='word_1_188' title='bbox 672 2670 692 2713; x_wconf 89' lang='lat' dir='ltr'>a</span> <span class='ocrx_word' id='word_1_189' title='bbox 714 2651 747 2712; x_wconf 91' lang='lat' dir='ltr'>te</span> <span class='ocrx_word' id='word_1_190' title='bbox 773 2649 904 2733; x_wconf 88' lang='lat' dir='ltr'>probari</span> <span class='ocrx_word' id='word_1_191' title='bbox 926 2648 1133 2715; x_wconf 81' lang='lat' dir='ltr'>vehementer</span> 
     </span>
     <span class='ocr_line' id='line_1_28' title="bbox 178 2735 1134 2822; baseline 0.001 -22"><span class='ocrx_word' id='word_1_192' title='bbox 178 2737 316 2821; x_wconf 72' lang='lat' dir='ltr'>gaudeo,</span> <span class='ocrx_word' id='word_1_193' title='bbox 343 2737 423 2801; x_wconf 90' lang='lat' dir='ltr'>mihi</span> <span class='ocrx_word' id='word_1_194' title='bbox 450 2735 579 2820; x_wconf 88' lang='lat' dir='ltr'>quidem</span> <span class='ocrx_word' id='word_1_195' title='bbox 602 2736 647 2801; x_wconf 92' lang='lat' dir='ltr'>sic</span> <span class='ocrx_word' id='word_1_196' title='bbox 669 2736 860 2821; x_wconf 86' lang='lat' dir='ltr'>persuadeo,</span> <span class='ocrx_word' id='word_1_197' title='bbox 886 2758 951 2820; x_wconf 91' lang='lat' dir='ltr'>me,</span> <span class='ocrx_word' id='word_1_198' title='bbox 978 2736 1134 2822; x_wconf 87' lang='lat' dir='ltr'>quidquid</span> 
     </span>
     <span class='ocr_line' id='line_1_29' title="bbox 177 2824 1133 2909; baseline 0.003 -21"><span class='ocrx_word' id='word_1_199' title='bbox 177 2824 346 2889; x_wconf 86' lang='lat' dir='ltr'>habuerim</span> <span class='ocrx_word' id='word_1_200' title='bbox 372 2824 481 2890; x_wconf 92' lang='lat' dir='ltr'>iudicii</span> <span class='ocrx_word' id='word_1_201' title='bbox 508 2824 547 2889; x_wconf 92' lang='lat' dir='ltr'>de</span> <span class='ocrx_word' id='word_1_202' title='bbox 571 2824 719 2909; x_wconf 88' lang='lat' dir='ltr'>dicendo,</span> <span class='ocrx_word' id='word_1_203' title='bbox 745 2825 781 2889; x_wconf 90' lang='lat' dir='ltr'>in</span> <span class='ocrx_word' id='word_1_204' title='bbox 802 2826 894 2890; x_wconf 92' lang='lat' dir='ltr'>illum</span> <span class='ocrx_word' id='word_1_205' title='bbox 916 2825 1036 2890; x_wconf 90' lang='lat' dir='ltr'>librum</span> <span class='ocrx_word' id='word_1_206' title='bbox 1059 2846 1133 2891; x_wconf 90' lang='lat' dir='ltr'>con·</span> 
     </span>
     <span class='ocr_line' id='line_1_30' title="bbox 177 2912 1135 2999; baseline 0.003 -23"><span class='ocrx_word' id='word_1_207' title='bbox 177 2912 302 2977; x_wconf 89' lang='lat' dir='ltr'>tulisse:</span> <span class='ocrx_word' id='word_1_208' title='bbox 330 2913 385 2996; x_wconf 92' lang='lat' dir='ltr'>qui</span> <span class='ocrx_word' id='word_1_209' title='bbox 412 2913 440 2979; x_wconf 93' lang='lat' dir='ltr'>si</span> <span class='ocrx_word' id='word_1_210' title='bbox 463 2916 512 2978; x_wconf 89' lang='lat' dir='ltr'>est</span> <span class='ocrx_word' id='word_1_211' title='bbox 533 2913 620 2997; x_wconf 89' lang='lat' dir='ltr'>talis,</span> <span class='ocrx_word' id='word_1_212' title='bbox 648 2914 775 2999; x_wconf 90' lang='lat' dir='ltr'>qualem</span> <span class='ocrx_word' id='word_1_213' title='bbox 801 2914 861 2978; x_wconf 91' lang='lat' dir='ltr'>tibi</span> <span class='ocrx_word' id='word_1_214' title='bbox 888 2913 989 2979; x_wconf 82' lang='lat' dir='ltr'>videri</span> <span class='ocrx_word' id='word_1_215' title='bbox 1011 2914 1135 2999; x_wconf 88' lang='lat' dir='ltr'>scribis,</span> 
     </span>
     <span class='ocr_line' id='line_1_31' title="bbox 179 3000 1137 3086; baseline 0.002 -20"><span class='ocrx_word' id='word_1_216' title='bbox 179 3022 239 3085; x_wconf 84' lang='lat' dir='ltr'>ego</span> <span class='ocrx_word' id='word_1_217' title='bbox 273 3022 399 3084; x_wconf 92' lang='lat' dir='ltr'>quoque</span> <span class='ocrx_word' id='word_1_218' title='bbox 432 3000 553 3085; x_wconf 90' lang='lat' dir='ltr'>aliquid</span> <span class='ocrx_word' id='word_1_219' title='bbox 585 3023 669 3084; x_wconf 70' lang='lat' dir='ltr'>sum,</span> <span class='ocrx_word' id='word_1_220' title='bbox 702 3001 752 3065; x_wconf 91' lang='lat' dir='ltr'>sin</span> <span class='ocrx_word' id='word_1_221' title='bbox 780 3002 885 3086; x_wconf 89' lang='lat' dir='ltr'>aliter,</span> <span class='ocrx_word' id='word_1_222' title='bbox 916 3022 985 3067; x_wconf 87' lang='lat' dir='ltr'>non</span> <span class='ocrx_word' id='word_1_223' title='bbox 1011 3023 1137 3085; x_wconf 88' lang='lat' dir='ltr'>recuso,</span> 
     </span>
     <span class='ocr_line' id='line_1_32' title="bbox 178 3088 1134 3174; baseline 0.002 -21"><span class='ocrx_word' id='word_1_224' title='bbox 178 3090 269 3174; x_wconf 90' lang='lat' dir='ltr'>quin,</span> <span class='ocrx_word' id='word_1_225' title='bbox 301 3092 459 3173; x_wconf 90' lang='lat' dir='ltr'>quantum</span> <span class='ocrx_word' id='word_1_226' title='bbox 490 3089 529 3153; x_wconf 90' lang='lat' dir='ltr'>de</span> <span class='ocrx_word' id='word_1_227' title='bbox 561 3089 617 3154; x_wconf 95' lang='lat' dir='ltr'>illo</span> <span class='ocrx_word' id='word_1_228' title='bbox 647 3089 745 3173; x_wconf 88' lang='lat' dir='ltr'>libro,</span> <span class='ocrx_word' id='word_1_229' title='bbox 774 3088 967 3155; x_wconf 89' lang='lat' dir='ltr'>tantundem</span> <span class='ocrx_word' id='word_1_230' title='bbox 998 3088 1040 3154; x_wconf 91' lang='lat' dir='ltr'>de</span> <span class='ocrx_word' id='word_1_231' title='bbox 1072 3092 1134 3155; x_wconf 89' lang='lat' dir='ltr'>mei</span> 
     </span>
     <span class='ocr_line' id='line_1_33' title="bbox 177 3176 1136 3263; baseline 0.001 -20"><span class='ocrx_word' id='word_1_232' title='bbox 177 3177 287 3243; x_wconf 90' lang='lat' dir='ltr'>iudicii</span> <span class='ocrx_word' id='word_1_233' title='bbox 317 3177 405 3242; x_wconf 89' lang='lat' dir='ltr'>fama</span> <span class='ocrx_word' id='word_1_234' title='bbox 437 3177 633 3243; x_wconf 88' lang='lat' dir='ltr'>detrahatur.</span> <span class='ocrx_word' id='word_1_235' title='bbox 686 3176 823 3261; x_wconf 86' lang='lat' dir='ltr'>Leptam</span> <span class='ocrx_word' id='word_1_236' title='bbox 853 3181 1003 3243; x_wconf 90' lang='lat' dir='ltr'>nostrum</span> <span class='ocrx_word' id='word_1_237' title='bbox 1039 3179 1136 3263; x_wconf 93' lang='lat' dir='ltr'>cupio</span> 
     </span>
     <span class='ocr_line' id='line_1_34' title="bbox 178 3265 1138 3350; baseline 0.003 -20"><span class='ocrx_word' id='word_1_238' title='bbox 178 3266 330 3331; x_wconf 87' lang='lat' dir='ltr'>delectari</span> <span class='ocrx_word' id='word_1_239' title='bbox 355 3266 422 3330; x_wconf 89' lang='lat' dir='ltr'>iam</span> <span class='ocrx_word' id='word_1_240' title='bbox 448 3265 567 3330; x_wconf 91' lang='lat' dir='ltr'>talibus</span> <span class='ocrx_word' id='word_1_241' title='bbox 590 3266 730 3350; x_wconf 88' lang='lat' dir='ltr'>scriptis:</span> <span class='ocrx_word' id='word_1_242' title='bbox 758 3267 819 3330; x_wconf 89' lang='lat' dir='ltr'>etsi</span> <span class='ocrx_word' id='word_1_243' title='bbox 846 3267 938 3331; x_wconf 87' lang='lat' dir='ltr'>abest</span> <span class='ocrx_word' id='word_1_244' title='bbox 963 3267 1138 3333; x_wconf 85' lang='lat' dir='ltr'>maturitas</span> 
     </span>
     <span class='ocr_line' id='line_1_35' title="bbox 178 3354 1138 3438; baseline 0.005 -21"><span class='ocrx_word' id='word_1_245' title='bbox 178 3355 307 3438; x_wconf 89' lang='lat' dir='ltr'>aetatis,</span> <span class='ocrx_word' id='word_1_246' title='bbox 333 3357 444 3419; x_wconf 90' lang='lat' dir='ltr'>tamen</span> <span class='ocrx_word' id='word_1_247' title='bbox 465 3374 639 3438; x_wconf 89' lang='lat' dir='ltr'>personare</span> <span class='ocrx_word' id='word_1_248' title='bbox 662 3374 756 3419; x_wconf 86' lang='lat' dir='ltr'>auree</span> <span class='ocrx_word' id='word_1_249' title='bbox 783 3354 850 3419; x_wconf 90' lang='lat' dir='ltr'>eius</span> <span class='ocrx_word' id='word_1_250' title='bbox 873 3354 1059 3421; x_wconf 89' lang='lat' dir='ltr'>huiusmodi</span> <span class='ocrx_word' id='word_1_251' title='bbox 1082 3378 1138 3422; x_wconf 82' lang='lat' dir='ltr'>vo·</span> 
     </span>
    </p>

    <p class='ocr_par' dir='ltr' id='par_1_9' title="bbox 143 3441 1139 3511">
     <span class='ocr_line' id='line_1_36' title="bbox 143 3441 1139 3511; baseline 0.005 -5"><span class='ocrx_word' id='word_1_252' title='bbox 143 3442 266 3507; x_wconf 78' lang='lat' dir='ltr'>acibus</span> <span class='ocrx_word' id='word_1_253' title='bbox 293 3463 362 3508; x_wconf 90' lang='lat' dir='ltr'>non</span> <span class='ocrx_word' id='word_1_254' title='bbox 392 3446 442 3508; x_wconf 87' lang='lat' dir='ltr'>cst</span> <span class='ocrx_word' id='word_1_255' title='bbox 468 3441 591 3506; x_wconf 89' lang='lat' dir='ltr'>inutile.</span> <span class='ocrx_word' id='word_1_256' title='bbox 635 3441 689 3507; x_wconf 90' lang='lat' dir='ltr'>Mc</span> <span class='ocrx_word' id='word_1_257' title='bbox 718 3441 840 3508; x_wconf 87' lang='lat' dir='ltr'>Romae</span> <span class='ocrx_word' id='word_1_258' title='bbox 868 3442 974 3508; x_wconf 91' lang='lat' dir='ltr'>tenuit</span> <span class='ocrx_word' id='word_1_259' title='bbox 1000 3444 1139 3511; x_wconf 86' lang='lat' dir='ltr'>omnino</span> 
     </span>
    </p>
   </div>
   <div class='ocr_carea' id='block_1_6' title="bbox 0 0 1196 3878">
    <p class='ocr_par' dir='ltr' id='par_1_10' title="bbox 0 0 1196 3878">
     <span class='ocr_line' id='line_1_37' title="bbox 0 0 1196 3878; baseline 0 0"><span class='ocrx_word' id='word_1_260' title='bbox 0 0 1196 3878; x_wconf 95' lang='lat' dir='ltr'> </span> 
     </span>
    </p>
   </div>
  </div>
 </body>
</html>
