2370 3878
352 184 609 240 EPISTOLARUM
628 185 661 238 X.
681 192 724 240 32.
744 190 786 240 33.
986 185 1049 248 339

96 330 277 415 legionibus
292 367 333 376 —
350 352 484 413 quorum
508 331 580 414 quis
603 330 701 394 ullam
725 330 822 394 finem
842 335 898 394 ant
921 331 1052 395 modum

96 419 240 482 futurum
262 417 413 502 putabit?
437 454 492 502 -,
515 418 772 482 incitatissimam
799 419 932 502 retinui,
955 440 1051 504 aegre

96 507 301 591 mehercules,
324 528 383 570 nec
402 506 614 589 retinuissem,
638 506 664 570 si
683 529 748 570 uno
766 508 838 572 lcoo
857 507 1051 592 habuissem,

96 598 193 678 upote
217 617 316 678 quum
340 594 485 678 singulae
510 594 666 677 quaedam
689 594 837 660 cohortes
861 595 1051 660 seditionem

95 683 239 747 fecerint.
275 683 428 765 Reliquas
452 692 578 765 quoque
601 682 745 767 legiones
767 705 836 748 non
855 683 978 748 destitit
999 685 1051 747 lit·

95 771 172 834 teris
197 775 292 855 atque
320 769 455 834 infinitis
483 770 770 854 pollicitationibus
794 773 937 836 incitare.
982 771 1051 836 Nec

95 880 171 923 vero
203 859 310 923 minus
337 859 475 942 Lepidus
507 859 589 922 ursit
619 881 670 922 me
703 863 736 922 et
766 861 832 925 suis
860 865 892 924 et
914 861 1051 926 Antonii

95 947 225 1031 litteris,
252 951 289 1012 ut
311 947 472 1031 legionem
495 946 599 1011 XXX.
626 948 786 1011 mitterem
814 949 883 1013 sibi.
928 949 1085 1034 Itaque,⁶

96 1057 191 1118 quem
214 1036 388 1099 exercitum
411 1057 514 1120 neque
538 1036 675 1099 vendere
698 1036 772 1100 ullis
795 1038 945 1120 praemiis
965 1039 1051 1102 volui

96 1145 155 1188 neo
179 1145 289 1188 eorum
312 1124 527 1207 periculorum
550 1127 651 1207 metu,
679 1145 760 1208 quae
787 1124 961 1189 victoribus
988 1125 1051 1188 illis

96 1211 380 1296 portendebantur,
399 1213 590 1296 deminuere,
609 1212 731 1277 debetis
750 1212 930 1277 existimare
948 1216 1051 1277 reten-

95 1304 166 1363 tum
199 1304 230 1364 et
263 1304 488 1366 conservatum
510 1300 557 1363 rei
584 1301 730 1383 publicae
764 1323 845 1385 esse,
878 1304 974 1385 atque
1006 1302 1052 1366 ita

97 1388 238 1472 credere,
274 1408 336 1461 me,
368 1388 588 1472 quodcumque
624 1390 854 1474 imperassetis,
890 1389 1051 1454 facturum

96 1476 209 1559 fuisse,
233 1476 273 1560 si,
296 1476 381 1560 quod
409 1478 560 1561 iussistis,
586 1477 661 1541 feci:
691 1500 767 1542 nam
794 1482 827 1542 et
852 1479 1052 1562 provinciam

96 1565 131 1626 in
155 1565 220 1629 otio
249 1569 281 1628 et
304 1566 476 1629 exercitum
504 1566 538 1629 in
565 1588 637 1630 mea
663 1571 823 1650 potestate
850 1568 953 1649 tenui3
980 1568 1050 1630 fini·

97 1653 156 1716 bus
179 1675 268 1717 meac
291 1654 475 1737 provinciae
493 1676 653 1737 nusquam
672 1657 803 1739 excessi,
826 1656 961 1719 militem
984 1677 1052 1719 non

97 1741 191 1806 modo
205 1742 428 1827 legionarium,
447 1742 502 1806 sed
522 1765 562 1806 ne
582 1743 784 1808 auxiliarium
803 1744 932 1826 quidem
950 1744 1052 1807 ullum

57 1874 59 1880 ·
98 1824 259 1913 quoquam
277 1831 350 1893 misi
369 1835 410 1912 et,
433 1831 460 1892 si
479 1852 559 1912 quos
578 1831 701 1912 equites
721 1831 919 1894 discedentes
938 1835 1052 1894 nactus

98 1939 182 1999 sum,
205 1918 361 2000 supplicio
386 1917 489 1980 affeci:
518 1939 654 1999 quarum
680 1938 787 1982 rerum
809 1917 950 1985 fructum
974 1919 1052 1981 satis

98 2024 253 2088 magnum
280 2025 314 2066 re
342 2005 471 2086 publica
499 2005 587 2067 salva
614 2005 725 2068 tulisse
748 2027 799 2068 me
826 2006 960 2088 putab03
989 2007 1053 2088 sed,

97 2112 148 2154 res
171 2092 300 2174 publica
324 2092 351 2154 si
373 2114 424 2155 me
448 2092 527 2155 satis
554 2092 697 2157 novisset
724 2096 757 2156 et
782 2093 885 2157 maior
907 2116 982 2177 pars
1006 2117 1051 2158 se·

97 2183 207 2263 natus,
234 2180 371 2244 maiores
399 2202 437 2244 ex
460 2202 510 2244 me
537 2180 660 2245 fructus
683 2181 818 2245 tulisset.
862 2180 1052 2266 Epistolam,

98 2289 194 2350 quam
218 2267 335 2351 Balb0,
358 2290 455 2351 quum
480 2269 576 2332 etiam
598 2269 742 2334 nuncin
767 2271 932 2354 provincia
960 2276 1052 2355 esset,

98 2357 224 2439 scripsi,
256 2357 425 2441 legendam
457 2357 517 2421 tibi
544 2357 629 2439 misi3
661 2358 758 2422 etiam
784 2362 997 2444 praetextam,
1025 2363 1052 2424 si

97 2444 185 2507 voles
207 2445 323 2530 legere,
346 2443 475 2508 Gallum
498 2443 696 2529 Cornelium,
722 2446 913 2512 familiarem
936 2471 1051 2532 meum,

96 2532 230 2616 poscito.
276 2547 323 2594 VI.
346 2532 422 2596 Idus
445 2533 566 2619 Iunias,
589 2532 747 2601 Corduba.

494 2727 649 2793 XXXIII.

99 2837 154 2891 Ser.
178 2828 215 2891 in¹
231 2838 370 2908 Hispania
392 2840 525 2979 Ultldloe
547 2840 778 2965 ineuntplprense
801 2842 881 2896 Iunio
905 2843 981 2909 (ante
1004 2842 1050 2896 VI.

476 2952 481 2963 .
514 2927 537 2963 a.
557 2928 583 2963 u.
604 2927 627 2964 o.
701 2953 707 2965 .

304 3032 435 3087 POLLIO
455 3032 625 3087 CICERONI
645 3033 718 3088 SAL.
738 3034 842 3089 PLUlt.

163 3129 194 3195 S.
216 3155 245 3196 v.
268 3133 298 3195 b.
322 3153 348 3196 e.
372 3154 397 3196 e.
421 3155 450 3216 q.
473 3156 501 3197 v.
552 3132 621 3209 Ouo
648 3134 772 3198 tardius
800 3136 916 3199 certior
942 3135 1052 3197 fierem
1072 3147 1086 3194 1

71 3220 134 3311 ,de
162 3220 292 3303 proeliis
325 3221 410 3305 apud
438 3220 598 3286 Mutinam
629 3222 737 3308 factis,
769 3223 909 3306 Lepidus
940 3222 1052 3306 effecit,

167 3376 218 3446 Ep.
237 3383 285 3445 32,
299 3383 324 3430 4.
371 3379 419 3448 lep.
444 3378 541 3432 XXX
565 3378 631 3447 (M).
679 3380 725 3449 lep.
746 3380 928 3434 tricensimam
954 3377 1050 3447 vulgo.

95 3453 119 3501 5.
149 3448 266 3514 eredere,
285 3464 337 3514 me,
357 3450 450 3517 quode.
470 3490 492 3503 ..
511 3450 650 3515 fracturam
668 3450 688 3516 f.
708 3449 783 3519 (W).
820 3465 868 3514 or,
885 3466 911 3517 q.
932 3488 956 3501 ,.
974 3449 996 3514 s.
1012 3465 1056 3501 ma

93 3520 115 3585 f.
135 3518 189 3584 Or,
209 3518 238 3571 B.
259 3549 292 3558 -
311 3520 472 3575 discedentes
491 3519 568 3592 (Oa).
607 3521 760 3580 dcccdcatts
777 3520 829 3589 n,
845 3519 948 3591 uulgo.

802 3613 863 3667 XX*
