2370 3878
284 150 544 206 aelsroLARUM
562 151 634 206 Xlll
654 158 768 208 ‹re-52
937 155 1001 218 459

67 317 123 381 em,
155 295 183 360 si
214 316 296 379 quae
327 317 378 359 res
410 299 507 379 esset,
538 296 577 360 de
605 319 668 380 qua
694 297 786 362 valde
813 298 1002 363 laborarem

67 383 98 447 l'.
110 380 256 484 Curius,
288 384 342 466 qui
368 382 474 447 Patris
501 387 601 535 negot
601 384 648 448 iat
649 407 699 468 ur,
731 387 777 449 ita
804 386 884 450 mihi
910 387 1002 451 fami·

67 471 135 535 aris
159 474 221 555 est,
247 474 285 535 ut
313 472 395 535 nihil
426 472 529 556 possit
561 495 629 537 esse
658 474 873 538 coniunctius:
901 476 1003 540 multa

67 559 166 623 lius
156 580 192 622 ιιι
215 580 264 623 me
293 559 413 644 officia,
439 561 573 624 multa'
563 583 598 624 ιιι
625 561 716 625 illum
743 584 827 646 mea,
854 563 1002 647 quodque

67 647 222 711 mximum
244 651 307 730 est,
335 670 478 712 summus
502 649 586 712 inter
609 670 669 714 nos
692 672 782 714 amor
805 659 838 714 et
863 655 1004 718 mutuus.

67 743 136 811 tuae
160 758 259 819 quum
281 736 328 798 ita
352 737 425 819 sint,
449 737 476 800 si
493 737 593 800 ullam
611 738 646 800 in
665 738 805 801 amicitia
822 760 894 802 mea
913 761 1003 823 spem
1022 756 1037 802 ‘2

67 823 158 906 abes,
181 824 208 888 si
231 845 278 906 ea,
302 846 383 907 quae
406 825 441 887 in
464 846 514 888 me
535 824 641 889 officia
664 825 826 890 et‘studia
838 825 1004 891 Brundisii

67 912 224 995 ontulisti,
246 912 295 975 vis
318 912 397 975 mihi
421 912 518 976 etiam
537 913 679 997 gratiora
698 913 821 978 efficere
835 951 879 961 -
894 937 1002 998 quam·

68 1021 146 1064 uam
179 1003 255 1063 sunt
286 999 469 1083 gratissima
492 1037 544 1084 —,
576 1001 603 1064 si
632 1023 682 1066 me
715 1024 735 1065 a
756 1001 822 1065 tuis
855 1004 1003 1076 omnibus

67 1087 151 1151 mari
173 1087 272 1170 vides,
294 1087 356 1151 hoe
379 1087 459 1150 mihi
483 1088 523 1152 da
547 1092 642 1172 atque
665 1090 792 1173 largire,
814 1093 852 1154 ut
873 1089 926 1153 Μ’.
940 1089 1003 1155 Cu·

67 1176 133 1238 ium
156 1178 278 1238 sartum
306 1178 339 1238 et
360 1178 495 1259 tectum,
522 1179 559 1239 ut
582 1178 686 1260 aiunt,
714 1177 754 1241 ab
783 1179 933 1261 omnique
955 1179 1003 1242 in·

67 1262 228 1345 ommodo,
251 1263 452 1347 detrimento,
475 1264 624 1328 molestia
647 1265 806 1330 sincerum
828 1265 1003 1352 integrum·

67 1372 110 1434 ¹ue
135 1371 312 1414 conserves.
348 1350 393 1414 Et
415 1352 483 1434 ipse
507 1353 649 1436 spondeo
673 1357 706 1418 et
726 1376 837 1418 omnes
859 1354 922 1419 hoo
944 1356 1004 1419 tibi

67 1438 97 1502 ui
120 1461 179 1522 pro
203 1460 254 1502 me
277 1439 440 1523 recipient,
464 1462 502 1503 ex
525 1463 596 1505 mea
619 1442 759 1506 amicitia
782 1446 815 1506 et
837 1464 876 1506 ex
893 1446 949 1509 tuo
969 1444 1003 1507 in

67 1548 101 1591 se
132 1526 238 1592 officio
269 1527 443 1591 maximum
474 1532 506 1592 te
533 1529 675 1595 fructum
703 1553 922 1616 summamque
950 1554 1004 1597 vo·

67 1616 206 1698 eptatem
229 1636 298 1680 esse
322 1619 498 1700 capturum.
543 1616 633 1681 Vale.

500 1793 553 1857 LI.

384 1904 442 1959 Ser.
463 1921 535 1957 anno
554 1905 668 1959 incerto,

280 2026 323 2080 Μ.
343 2025 473 2081 CICERO
492 2027 521 2081 P.
542 2027 670 2082 CAESIO
690 2027 716 2081 S.
736 2026 768 2081 D.

115 2123 151 2190 P.
164 2123 369 2210 Messienum,
388 2127 527 2210 equitem
541 2126 724 2191 Romanum
745 2127 895 2191 omnibus
909 2126 1003 2191 rebus

67 2218 201 2278 ¹matum
232 2236 401 2298 meumque
433 2215 695 2298 perfamiliarem,
726 2215 786 2279 tibi
815 2215 1003 2280 commendo

67 2323 88 2367 a
111 2303 398 2387 commendatione,
421 2325 502 2387 quae
525 2307 633 2388 potest
655 2325 724 2368 esse
746 2304 1003 2389 diligentissima:

67 2391 124 2454 eto
153 2412 172 2453 a
198 2393 231 2453 te
259 2395 292 2455 et
318 2413 376 2474 pro
404 2395 517 2456 nostra
544 2395 577 2455 et
602 2413 661 2492 pro
689 2395 825 2475 paterna
855 2392 1004 2474 amicitia,

67 2481 85 2541 t
108 2499 182 2543 eum
200 2479 235 2541 in
253 2481 343 2543 tuam
361 2479 456 2543 fidem
478 2479 612 2563 recipias
632 2480 761 2563 eiusque
784 2501 852 2544 rem
870 2481 1003 2545 famam·

68 2587 110 2630 ue
133 2569 256 2631 tueare:
283 2568 387 2630 virum
410 2567 573 2633 bonumt
559 2573 677 2720 tuaque
706 2568 847 2633 amicitia
870 2568 1004 2652 dignum

67 2642 109 2718 ibi
133 2653 315 2720 adiunxeris
338 2655 479 2740 mihique
503 2658 721 2741 gratissimum
744 2656 868 2721 feceris.

491 2831 560 2896 LII.

384 2942 441 2996 Ser.
462 2959 533 2997 anno
552 2945 667 2997 incerto.

349 3063 478 3119 CICERO
506 3065 594 3120 REGI
622 3064 697 3120 SAL.

112 3160 152 3228 A.
176 3161 319 3230 Licinius
342 3164 533 3230 Aristoteles
555 3164 734 3230 Melitensis
760 3165 1002 3250 antiquissimus

67 3250 231 3335 sthospes
250 3275 340 3317 meus
360 3257 392 3317 et
409 3257 575 3336 praeterea
595 3254 747 3318 eoniunot
733 3256 785 3318 tus
804 3273 923 3337 magno
942 3273 1003 3314 usu

116 3405 168 3476 Ep.
184 3414 226 3462 51
254 3407 410 3464 Romanum
423 3410 548 3464 omnium
562 3409 637 3477 (W).
669 3408 860 3478 Rwovulgo
897 3406 948 3477 Ep.
960 3412 1003 3461 52

67 3477 207 3534 misadai
224 3479 294 3534 milri
310 3495 409 3547 meque
428 3479 496 3546 (W.;
515 3480 622 3534 mitio.
641 3496 674 3533 m
694 3479 755 3547 L.)?
