2370 3878
335 190 594 247 EPISTOLARUM
611 192 686 245 xln.
707 197 748 245 rr.
769 197 809 246 ιε.
983 188 1050 252 435

511 474 633 539 XVIII.

353 596 409 651 Ser.
438 597 543 650 Romae
571 612 595 648 a.
623 613 650 649 u.
679 613 701 649 c.
732 601 789 649 708.

388 736 516 791 CICERO
537 735 667 790 SERVIO
687 736 762 789 SAL.

161 841 241 910 Non
263 845 451 929 concedam,
473 850 510 909 ut
532 846 643 909 Attico
666 848 792 927 nostro,
815 866 909 929 quern
933 847 1051 910 elatum
1072 859 1086 904 1

93 933 222 999 laetitia
244 934 319 1018 vidi,
340 933 544 998 iucundiores
566 938 641 997 tuae
661 933 846 997 suavissime
870 934 1002 997 adeum
1022 939 1053 998 et

94 1022 329 1087 humanissime
362 1023 499 1105 scriptae
531 1023 657 1086 litterae
689 1020 810 1085 fuerint
837 1043 934 1104 quarn
961 1023 1053 1103 mihi3

96 1114 184 1193 nain,
202 1111 263 1173 etsi
281 1110 408 1192 utrique
426 1113 574 1174 nostrum
595 1130 694 1192 prope
709 1131 808 1192 aeque
828 1114 939 1194 gratae
954 1114 1054 1191 erant,

96 1202 208 1261 tamen
231 1217 292 1282 ego
315 1197 498 1261 admirabar
520 1198 623 1281 magis
646 1202 687 1280 te,
710 1198 773 1280 qui,
796 1198 823 1261 si
841 1202 975 1282 rogatus
998 1201 1055 1261 aut

98 1289 184 1349 certe
212 1285 396 1350 admonitus
422 1287 597 1350 liberaliter
624 1283 734 1350 Attico
764 1287 983 1368 respondisses
1012 1323 1053 1331 -

55 1430 59 1435 .
98 1373 185 1456 quod
208 1376 319 1439 tamen
342 1374 475 1437 dubium
493 1374 596 1456 nobis,
620 1374 698 1456 quin
720 1375 766 1437 ita
784 1373 930 1438 futurum
947 1373 1054 1455 fuerit,

98 1482 167 1526 non
190 1465 260 1525 erat
273 1497 325 1543 —,
348 1462 407 1545 **,
429 1463 515 1526 ultro
539 1462 579 1525 ad
603 1484 676 1525 curn
698 1462 861 1544 scripsisse
885 1463 976 1546 eique
995 1484 1054 1526 nec

98 1548 249 1633 opinanti
275 1549 476 1613 voluntatem
501 1555 592 1613 tuam
618 1553 743 1613 tantam
771 1572 827 1633 per
854 1552 978 1615 litteras
1002 1552 1053 1615 de-

97 1637 221 1701 tulisse.
265 1636 315 1700 De
343 1659 407 1721 quo
434 1659 502 1702 non
529 1637 625 1702 modo
652 1659 766 1722 rogare
793 1642 840 1722 te,
867 1644 964 1703 uteo
989 1644 1054 1703 stu-

53 1726 57 1733 '
98 1724 222 1790 diosius
239 1746 311 1788 mea
330 1747 456 1808 quoque
475 1747 571 1790 causa
588 1727 699 1809 facias,
718 1748 786 1790 non
800 1727 900 1791 debeo
915 1765 957 1773 —
972 1728 1054 1790 nihil

99 1812 187 1877 enirn
217 1813 409 1877 cumulatius
440 1814 509 1877 fieri
540 1818 661 1897 potest,
692 1836 789 1896 quarn
820 1815 979 1897 polliceris
1003 1852 1054 1897 -,

99 1900 157 1964 sed
187 1920 230 1964 ne
261 1901 383 1985 gratias
415 1902 544 1985 quidem
576 1922 684 1985 agere,
716 1902 801 1983 quod
830 1906 867 1965 tu
894 1907 927 1965 et
953 1903 1054 1984 ipsius

98 2008 199 2053 causa
230 1991 263 2051 ct
293 1991 351 2052 tua
381 1993 495 2073 sponte
526 1989 653 2052 feceris:
688 1989 768 2051 illud
800 1992 910 2052 tamen
942 1990 1088 2072 dicans

97 2074 180 2141 mihi
203 2075 250 2159 id,
277 2077 362 2159 quod
384 2077 503 2160 fecisti,
531 2098 599 2140 esse
623 2077 854 2162 gratissimum
880 2080 945 2141 tale
969 2078 1055 2141 enim

96 2168 193 2228 tuum
215 2164 368 2229 iudicium
391 2164 430 2229 de
452 2166 583 2229 homine
607 2188 658 2248 eo,
688 2186 782 2248 quem
809 2187 870 2249 ego
893 2167 985 2230 unice
1010 2167 1054 2229 di-

96 2252 181 2337 ligo,
207 2272 276 2317 non
297 2256 405 2335 potest
427 2254 507 2317 mibi
534 2275 602 2318 non
629 2274 751 2317 summe
775 2275 843 2317 esse
870 2254 1055 2336 iucundum,

97 2339 187 2423 quod
210 2361 309 2423 quum
331 2341 378 2405 ita
401 2342 456 2425 sit,
484 2363 552 2406 esse
581 2346 710 2426 gratum
737 2362 865 2405 necesse
889 2348 945 2406 est.
992 2342 1054 2407 Sed

96 2432 223 2512 tamen,
250 2430 404 2511 quoniam
430 2431 510 2493 mihi
532 2452 591 2513 pro
622 2430 846 2494 coniunctione
869 2435 981 2495 nostra
1004 2432 1054 2495 vel

95 2536 233 2600 peccare
251 2516 337 2600 apud
355 2522 388 2581 te
406 2518 440 2581 in
459 2519 627 2583 scribendo
645 2519 729 2600 licet,
747 2522 916 2603 utrumque
935 2541 1054 2599 eorum,

96 2625 182 2687 quae
205 2606 322 2690 negavi
343 2606 424 2669 mihi
440 2605 593 2671 faciunda
611 2628 689 2689 esse,
711 2605 840 2671 faciam:
864 2630 940 2670 narn
963 2607 1054 2670 etad

96 2692 146 2775 id,
174 2693 260 2775 quod
288 2693 390 2758 Attici
414 2715 510 2758 causa
536 2699 569 2758 te
592 2694 761 2759 ostendisti
789 2716 857 2758 esse
884 2695 1054 2778 facturum,

94 2783 228 2844 tanturn
250 2782 347 2844 velim
370 2781 478 2865 addas,
500 2787 657 2865 quantum
680 2803 719 2845 ex
741 2785 853 2846 nostro
872 2803 980 2846 amore
1004 2804 1053 2846 ac-

96 2868 253 2933 cessionis
275 2869 345 2932 fieri
371 2873 492 2953 potest,
523 2874 567 2952 et,
594 2869 680 2953 quod
703 2869 799 2934 modo
821 2871 967 2954 verebar,
994 2872 1054 2934 tibi

96 2955 222 3039 gratias
244 2975 349 3040 agere,
371 2978 458 3021 nunc
480 2958 576 3040 plane
600 2978 662 3041 ago
685 2961 781 3040 teque
803 2958 849 3022 ita
873 2960 1053 3024 existimare

95 3043 182 3127 volo,
205 3044 458 3127 quibuscumque
481 3044 595 3108 officiis
615 3046 650 3108 in
668 3044 842 3127 Epiroticis
861 3047 1054 3130 reliquisque

94 3132 194 3195 rebus
217 3129 362 3195 Atticum
385 3132 608 3218 obstrinxeris,
634 3133 748 3197 iisdem
771 3156 821 3198 me
848 3135 909 3198 tibi
932 3135 1053 3217 obliga-

94 3226 168 3283 tum
189 3219 268 3283 fore.

167 3444 219 3515 Ep.
240 3451 286 3514 18,
306 3451 330 3500 1.
366 3462 423 3501 noa
444 3450 504 3502 erut
522 3478 569 3515 -,
588 3447 646 3516 **,
668 3447 742 3501 ultro
770 3447 824 3514 (W.
849 3462 882 3501 ex
904 3445 935 3499 Β.
959 3445 1053 3517 coni).

91 3514 210 3570 Excidit
226 3518 306 3572 uobis
322 3518 497 3583 satisfactores
515 3519 559 3573 rel
579 3517 672 3574 simile
692 3517 805 3591 aliquid
823 3517 888 3591 tBl·

796 3613 856 3668 28*
