<?xml version="1.0" encoding="UTF-8"?>
<!DOCTYPE html PUBLIC "-//W3C//DTD XHTML 1.0 Transitional//EN"
    "http://www.w3.org/TR/xhtml1/DTD/xhtml1-transitional.dtd">
<html xmlns="http://www.w3.org/1999/xhtml" xml:lang="en" lang="en">
 <head>
  <title>
</title>
<meta http-equiv="Content-Type" content="text/html;charset=utf-8" />
  <meta name='ocr-system' content='tesseract 3.04.00' />
  <meta name='ocr-capabilities' content='ocr_page ocr_carea ocr_par ocr_line ocrx_word'/>
</head>
<body>
  <div class='ocr_page' id='page_1' title='image "./epistolae00cicegoog_0141.png"; bbox 0 0 2370 3878; ppageno 0'>
   <div class='ocr_carea' id='block_1_1' title="bbox 183 175 852 243">
    <p class='ocr_par' dir='ltr' id='par_1_1' title="bbox 183 175 852 243">
     <span class='ocr_line' id='line_1_1' title="bbox 183 175 852 243; baseline -0.018 1"><span class='ocrx_word' id='word_1_1' title='bbox 183 179 245 243; x_wconf 82' lang='grc'>130</span> <span class='ocrx_word' id='word_1_2' title='bbox 462 177 500 232; x_wconf 85' lang='grc' dir='ltr'>Μ.</span> <span class='ocrx_word' id='word_1_3' title='bbox 519 177 643 233; x_wconf 82' lang='lat' dir='ltr'>TULLII</span> <span class='ocrx_word' id='word_1_4' title='bbox 660 175 852 233; x_wconf 78' lang='lat' dir='ltr'>CICERONIS</span> 
     </span>
    </p>
   </div>
   <div class='ocr_carea' id='block_1_2' title="bbox 147 321 1165 3584">
    <p class='ocr_par' dir='ltr' id='par_1_2' title="bbox 147 321 1165 3584">
     <span class='ocr_line' id='line_1_2' title="bbox 180 321 1145 411; baseline 0.004 -23"><span class='ocrx_word' id='word_1_5' title='bbox 180 329 308 408; x_wconf 87' lang='lat' dir='ltr'>tempus</span> <span class='ocrx_word' id='word_1_6' title='bbox 341 325 488 406; x_wconf 87' lang='lat' dir='ltr'>optatum</span> <span class='ocrx_word' id='word_1_7' title='bbox 519 321 599 385; x_wconf 90' lang='lat' dir='ltr'>mihi</span> <span class='ocrx_word' id='word_1_8' title='bbox 630 322 733 406; x_wconf 85' lang='lat' dir='ltr'>magis</span> <span class='ocrx_word' id='word_1_9' title='bbox 766 343 862 405; x_wconf 85' lang='lat' dir='ltr'>quam</span> <span class='ocrx_word' id='word_1_10' title='bbox 895 327 1073 411; x_wconf 90' lang='lat' dir='ltr'>speratum,</span> <span class='ocrx_word' id='word_1_11' title='bbox 1103 330 1145 392; x_wconf 92' lang='lat' dir='ltr'>nt</span> 
     </span>
     <span class='ocr_line' id='line_1_3' title="bbox 180 410 1142 495; baseline 0.002 -18"><span class='ocrx_word' id='word_1_12' title='bbox 180 411 415 477; x_wconf 88' lang='lat' dir='ltr'>florentissimis</span> <span class='ocrx_word' id='word_1_13' title='bbox 438 410 503 475; x_wconf 88' lang='lat' dir='ltr'>tuis</span> <span class='ocrx_word' id='word_1_14' title='bbox 525 410 621 475; x_wconf 89' lang='lat' dir='ltr'>rebus</span> <span class='ocrx_word' id='word_1_15' title='bbox 644 431 716 475; x_wconf 90' lang='lat' dir='ltr'>mea</span> <span class='ocrx_word' id='word_1_16' title='bbox 732 410 871 494; x_wconf 81' lang='lat' dir='ltr'>perspici</span> <span class='ocrx_word' id='word_1_17' title='bbox 889 415 1001 495; x_wconf 89' lang='lat' dir='ltr'>posset</span> <span class='ocrx_word' id='word_1_18' title='bbox 1018 416 1052 477; x_wconf 92' lang='lat' dir='ltr'>et</span> <span class='ocrx_word' id='word_1_19' title='bbox 1073 436 1142 479; x_wconf 91' lang='lat' dir='ltr'>me·</span> 
     </span>
     <span class='ocr_line' id='line_1_4' title="bbox 182 498 1142 583; baseline 0.003 -18"><span class='ocrx_word' id='word_1_20' title='bbox 182 500 284 565; x_wconf 89' lang='lat' dir='ltr'>moria</span> <span class='ocrx_word' id='word_1_21' title='bbox 315 502 445 564; x_wconf 88' lang='lat' dir='ltr'>nostrae</span> <span class='ocrx_word' id='word_1_22' title='bbox 477 498 654 563; x_wconf 81' lang='lat' dir='ltr'>voluntatis</span> <span class='ocrx_word' id='word_1_23' title='bbox 686 501 719 562; x_wconf 93' lang='lat' dir='ltr'>et</span> <span class='ocrx_word' id='word_1_24' title='bbox 750 498 910 562; x_wconf 76' lang='lat' dir='ltr'>amicitiae</span> <span class='ocrx_word' id='word_1_25' title='bbox 941 499 1035 583; x_wconf 71' lang='lat' dir='ltr'>fides,</span> <span class='ocrx_word' id='word_1_26' title='bbox 1068 524 1142 568; x_wconf 90' lang='lat' dir='ltr'>sum</span> 
     </span>
     <span class='ocr_line' id='line_1_5' title="bbox 181 585 1142 673; baseline 0.002 -20"><span class='ocrx_word' id='word_1_27' title='bbox 181 588 267 653; x_wconf 90' lang='lat' dir='ltr'>enim</span> <span class='ocrx_word' id='word_1_28' title='bbox 291 590 480 653; x_wconf 88' lang='lat' dir='ltr'>consecutus</span> <span class='ocrx_word' id='word_1_29' title='bbox 503 607 570 651; x_wconf 88' lang='lat' dir='ltr'>non</span> <span class='ocrx_word' id='word_1_30' title='bbox 589 585 685 652; x_wconf 91' lang='lat' dir='ltr'>modo</span> <span class='ocrx_word' id='word_1_31' title='bbox 707 588 745 650; x_wconf 89' lang='lat' dir='ltr'>ut</span> <span class='ocrx_word' id='word_1_32' title='bbox 767 586 882 652; x_wconf 89' lang='lat' dir='ltr'>domus</span> <span class='ocrx_word' id='word_1_33' title='bbox 903 590 961 652; x_wconf 89' lang='lat' dir='ltr'>tua</span> <span class='ocrx_word' id='word_1_34' title='bbox 979 591 1060 673; x_wconf 88' lang='lat' dir='ltr'>tota,</span> <span class='ocrx_word' id='word_1_35' title='bbox 1083 592 1142 655; x_wconf 90' lang='lat' dir='ltr'>sed</span> 
     </span>
     <span class='ocr_line' id='line_1_6' title="bbox 181 674 1142 763; baseline 0.003 -22"><span class='ocrx_word' id='word_1_36' title='bbox 181 681 217 741; x_wconf 92' lang='lat' dir='ltr'>ut</span> <span class='ocrx_word' id='word_1_37' title='bbox 240 680 356 742; x_wconf 87' lang='lat' dir='ltr'>cuncta</span> <span class='ocrx_word' id='word_1_38' title='bbox 379 675 491 740; x_wconf 84' lang='lat' dir='ltr'>civitas</span> <span class='ocrx_word' id='word_1_39' title='bbox 514 696 565 739; x_wconf 91' lang='lat' dir='ltr'>me</span> <span class='ocrx_word' id='word_1_40' title='bbox 587 674 648 739; x_wconf 91' lang='lat' dir='ltr'>tibi</span> <span class='ocrx_word' id='word_1_41' title='bbox 670 674 899 740; x_wconf 87' lang='lat' dir='ltr'>amicissimum</span> <span class='ocrx_word' id='word_1_42' title='bbox 926 696 995 740; x_wconf 87' lang='lat' dir='ltr'>esse</span> <span class='ocrx_word' id='word_1_43' title='bbox 1017 697 1142 763; x_wconf 87' lang='lat' dir='ltr'>cogno·</span> 
     </span>
     <span class='ocr_line' id='line_1_7' title="bbox 182 763 1141 847; baseline 0.001 -18"><span class='ocrx_word' id='word_1_44' title='bbox 182 768 291 829; x_wconf 88' lang='lat' dir='ltr'>sceret.</span> <span class='ocrx_word' id='word_1_45' title='bbox 336 763 450 846; x_wconf 90' lang='lat' dir='ltr'>Itaque</span> <span class='ocrx_word' id='word_1_46' title='bbox 478 766 511 827; x_wconf 89' lang='lat' dir='ltr'>et</span> <span class='ocrx_word' id='word_1_47' title='bbox 532 763 810 847; x_wconf 87' lang='lat' dir='ltr'>praestantissima</span> <span class='ocrx_word' id='word_1_48' title='bbox 836 763 981 828; x_wconf 85' lang='lat' dir='ltr'>omnium</span> <span class='ocrx_word' id='word_1_49' title='bbox 1002 763 1141 830; x_wconf 88' lang='lat' dir='ltr'>femina·</span> 
     </span>
     <span class='ocr_line' id='line_1_8' title="bbox 180 850 1142 937; baseline 0.001 -20"><span class='ocrx_word' id='word_1_50' title='bbox 180 875 262 937; x_wconf 89' lang='lat' dir='ltr'>mm,</span> <span class='ocrx_word' id='word_1_51' title='bbox 283 873 365 917; x_wconf 84' lang='lat' dir='ltr'>uxor</span> <span class='ocrx_word' id='word_1_52' title='bbox 386 853 452 936; x_wconf 82' lang='lat' dir='ltr'>tua,</span> <span class='ocrx_word' id='word_1_53' title='bbox 475 854 508 916; x_wconf 92' lang='lat' dir='ltr'>et</span> <span class='ocrx_word' id='word_1_54' title='bbox 526 850 642 916; x_wconf 87' lang='lat' dir='ltr'>eximia</span> <span class='ocrx_word' id='word_1_55' title='bbox 659 851 788 934; x_wconf 89' lang='lat' dir='ltr'>pietate,</span> <span class='ocrx_word' id='word_1_56' title='bbox 810 851 938 936; x_wconf 87' lang='lat' dir='ltr'>virtute,</span> <span class='ocrx_word' id='word_1_57' title='bbox 960 853 1068 937; x_wconf 87' lang='lat' dir='ltr'>gratia</span> <span class='ocrx_word' id='word_1_58' title='bbox 1090 856 1142 919; x_wconf 81' lang='lat' dir='ltr'>tui</span> 
     </span>
     <span class='ocr_line' id='line_1_9' title="bbox 183 938 1141 1026; baseline 0.003 -22"><span class='ocrx_word' id='word_1_59' title='bbox 183 940 287 1004; x_wconf 82' lang='lat' dir='ltr'>Crassi</span> <span class='ocrx_word' id='word_1_60' title='bbox 310 940 389 1005; x_wconf 92' lang='lat' dir='ltr'>meis</span> <span class='ocrx_word' id='word_1_61' title='bbox 412 939 563 1024; x_wconf 85' lang='lat' dir='ltr'>consiliis,</span> <span class='ocrx_word' id='word_1_62' title='bbox 586 939 731 1022; x_wconf 89' lang='lat' dir='ltr'>monitis,</span> <span class='ocrx_word' id='word_1_63' title='bbox 754 938 868 1003; x_wconf 90' lang='lat' dir='ltr'>studiis</span> <span class='ocrx_word' id='word_1_64' title='bbox 892 939 1141 1026; x_wconf 76' lang='lat' dir='ltr'>actionibusque</span> 
     </span>
     <span class='ocr_line' id='line_1_10' title="bbox 181 1026 1142 1115; baseline 0.002 -22"><span class='ocrx_word' id='word_1_65' title='bbox 181 1030 330 1093; x_wconf 87' lang='lat' dir='ltr'>nituntur</span> <span class='ocrx_word' id='word_1_66' title='bbox 353 1032 386 1093; x_wconf 92' lang='lat' dir='ltr'>et</span> <span class='ocrx_word' id='word_1_67' title='bbox 413 1033 544 1095; x_wconf 88' lang='lat' dir='ltr'>senatus</span> <span class='ocrx_word' id='word_1_68' title='bbox 566 1028 768 1112; x_wconf 90' lang='lat' dir='ltr'>populusque</span> <span class='ocrx_word' id='word_1_69' title='bbox 790 1026 957 1092; x_wconf 85' lang='lat' dir='ltr'>Romanus</span> <span class='ocrx_word' id='word_1_70' title='bbox 983 1028 1142 1115; x_wconf 85' lang='lat' dir='ltr'>intelligit</span> 
     </span>
     <span class='ocr_line' id='line_1_11' title="bbox 181 1117 1140 1201; baseline 0.001 -19"><span class='ocrx_word' id='word_1_71' title='bbox 181 1118 242 1181; x_wconf 93' lang='lat' dir='ltr'>tibi</span> <span class='ocrx_word' id='word_1_72' title='bbox 265 1118 391 1182; x_wconf 76' lang='lat' dir='ltr'>absenti</span> <span class='ocrx_word' id='word_1_73' title='bbox 413 1117 495 1180; x_wconf 89' lang='lat' dir='ltr'>nihil</span> <span class='ocrx_word' id='word_1_74' title='bbox 518 1137 586 1180; x_wconf 89' lang='lat' dir='ltr'>esse</span> <span class='ocrx_word' id='word_1_75' title='bbox 608 1120 677 1180; x_wconf 87' lang='lat' dir='ltr'>tam</span> <span class='ocrx_word' id='word_1_76' title='bbox 699 1119 885 1199; x_wconf 87' lang='lat' dir='ltr'>promptum</span> <span class='ocrx_word' id='word_1_77' title='bbox 912 1118 969 1179; x_wconf 89' lang='lat' dir='ltr'>aut</span> <span class='ocrx_word' id='word_1_78' title='bbox 990 1119 1061 1181; x_wconf 90' lang='lat' dir='ltr'>tam</span> <span class='ocrx_word' id='word_1_79' title='bbox 1082 1139 1140 1201; x_wconf 89' lang='lat' dir='ltr'>pa-</span> 
     </span>
     <span class='ocr_line' id='line_1_12' title="bbox 182 1203 1140 1289; baseline 0.002 -21"><span class='ocrx_word' id='word_1_80' title='bbox 182 1208 289 1270; x_wconf 88' lang='lat' dir='ltr'>ratum</span> <span class='ocrx_word' id='word_1_81' title='bbox 317 1227 414 1288; x_wconf 88' lang='lat' dir='ltr'>quam</span> <span class='ocrx_word' id='word_1_82' title='bbox 440 1205 476 1267; x_wconf 92' lang='lat' dir='ltr'>in</span> <span class='ocrx_word' id='word_1_83' title='bbox 503 1203 653 1268; x_wconf 90' lang='lat' dir='ltr'>omnibus</span> <span class='ocrx_word' id='word_1_84' title='bbox 674 1203 786 1286; x_wconf 90' lang='lat' dir='ltr'>rebus,</span> <span class='ocrx_word' id='word_1_85' title='bbox 812 1224 894 1286; x_wconf 90' lang='lat' dir='ltr'>quae</span> <span class='ocrx_word' id='word_1_86' title='bbox 921 1203 963 1267; x_wconf 89' lang='lat' dir='ltr'>ad</span> <span class='ocrx_word' id='word_1_87' title='bbox 984 1206 1018 1267; x_wconf 91' lang='lat' dir='ltr'>te</span> <span class='ocrx_word' id='word_1_88' title='bbox 1042 1206 1140 1289; x_wconf 82' lang='lat' dir='ltr'>perti·</span> 
     </span>
     <span class='ocr_line' id='line_1_13' title="bbox 182 1289 1141 1376; baseline 0.002 -20"><span class='ocrx_word' id='word_1_89' title='bbox 182 1296 295 1376; x_wconf 82' lang='lat' dir='ltr'>noant,</span> <span class='ocrx_word' id='word_1_90' title='bbox 327 1314 472 1375; x_wconf 84' lang='lat' dir='ltr'>operam,</span> <span class='ocrx_word' id='word_1_91' title='bbox 507 1311 630 1374; x_wconf 87' lang='lat' dir='ltr'>curam,</span> <span class='ocrx_word' id='word_1_92' title='bbox 666 1289 880 1376; x_wconf 85' lang='lat' dir='ltr'>diligentiam,</span> <span class='ocrx_word' id='word_1_93' title='bbox 912 1291 1141 1358; x_wconf 82' lang='lat' dir='ltr'>auctoritatem</span> 
     </span>
     <span class='ocr_line' id='line_1_14' title="bbox 147 1377 1165 1464; baseline 0.004 -22"><span class='ocrx_word' id='word_1_94' title='bbox 147 1393 163 1441; x_wconf 88' lang='lat'><strong>3</strong></span> <span class='ocrx_word' id='word_1_95' title='bbox 183 1401 296 1444; x_wconf 86' lang='lat' dir='ltr'>meam.</span> <span class='ocrx_word' id='word_1_96' title='bbox 341 1378 429 1455; x_wconf 78' lang='lat' dir='ltr'>Quae</span> <span class='ocrx_word' id='word_1_97' title='bbox 457 1377 523 1442; x_wconf 89' lang='lat' dir='ltr'>sint</span> <span class='ocrx_word' id='word_1_98' title='bbox 545 1381 618 1441; x_wconf 88' lang='lat' dir='ltr'>acta</span> <span class='ocrx_word' id='word_1_99' title='bbox 640 1399 784 1461; x_wconf 87' lang='lat' dir='ltr'>quaeque</span> <span class='ocrx_word' id='word_1_100' title='bbox 808 1382 960 1464; x_wconf 90' lang='lat' dir='ltr'>agantur,</span> <span class='ocrx_word' id='word_1_101' title='bbox 988 1379 1165 1446; x_wconf 76' lang='lat' dir='ltr'>domesti-</span> 
     </span>
     <span class='ocr_line' id='line_1_15' title="bbox 184 1464 1140 1550; baseline 0.002 -19"><span class='ocrx_word' id='word_1_102' title='bbox 184 1489 294 1531; x_wconf 90' lang='lat' dir='ltr'>corum</span> <span class='ocrx_word' id='word_1_103' title='bbox 315 1467 376 1531; x_wconf 91' lang='lat' dir='ltr'>tibi</span> <span class='ocrx_word' id='word_1_104' title='bbox 397 1466 514 1531; x_wconf 89' lang='lat' dir='ltr'>litteris</span> <span class='ocrx_word' id='word_1_105' title='bbox 538 1464 692 1530; x_wconf 87' lang='lat' dir='ltr'>declarari</span> <span class='ocrx_word' id='word_1_106' title='bbox 714 1469 807 1550; x_wconf 90' lang='lat' dir='ltr'>puto:</span> <span class='ocrx_word' id='word_1_107' title='bbox 831 1466 870 1531; x_wconf 92' lang='lat' dir='ltr'>de</span> <span class='ocrx_word' id='word_1_108' title='bbox 893 1467 1008 1532; x_wconf 87' lang='lat' dir='ltr'>mesic</span> <span class='ocrx_word' id='word_1_109' title='bbox 1031 1468 1140 1533; x_wconf 87' lang='lat' dir='ltr'>existi-</span> 
     </span>
     <span class='ocr_line' id='line_1_16' title="bbox 183 1553 1139 1640; baseline 0.002 -21"><span class='ocrx_word' id='word_1_110' title='bbox 183 1577 251 1619; x_wconf 86' lang='lat' dir='ltr'>mes</span> <span class='ocrx_word' id='word_1_111' title='bbox 274 1576 311 1619; x_wconf 89' lang='lat' dir='ltr'>ae</span> <span class='ocrx_word' id='word_1_112' title='bbox 333 1555 394 1619; x_wconf 89' lang='lat' dir='ltr'>tibi</span> <span class='ocrx_word' id='word_1_113' title='bbox 415 1553 608 1639; x_wconf 85' lang='lat' dir='ltr'>persuadeas</span> <span class='ocrx_word' id='word_1_114' title='bbox 631 1554 837 1619; x_wconf 83' lang='lat' dir='ltr'>vehementer</span> <span class='ocrx_word' id='word_1_115' title='bbox 858 1555 968 1640; x_wconf 81' lang='lat' dir='ltr'>velim,</span> <span class='ocrx_word' id='word_1_116' title='bbox 995 1577 1065 1620; x_wconf 92' lang='lat' dir='ltr'>non</span> <span class='ocrx_word' id='word_1_117' title='bbox 1087 1578 1139 1621; x_wconf 88' lang='lat' dir='ltr'>me</span> 
     </span>
     <span class='ocr_line' id='line_1_17' title="bbox 183 1642 1140 1727; baseline 0.003 -21"><span class='ocrx_word' id='word_1_118' title='bbox 183 1644 352 1727; x_wconf 87' lang='lat' dir='ltr'>repentina</span> <span class='ocrx_word' id='word_1_119' title='bbox 385 1642 492 1726; x_wconf 87' lang='lat' dir='ltr'>aliqua</span> <span class='ocrx_word' id='word_1_120' title='bbox 523 1642 691 1707; x_wconf 84' lang='lat' dir='ltr'>voluntate</span> <span class='ocrx_word' id='word_1_121' title='bbox 722 1645 779 1707; x_wconf 90' lang='lat' dir='ltr'>aut</span> <span class='ocrx_word' id='word_1_122' title='bbox 810 1642 946 1708; x_wconf 89' lang='lat' dir='ltr'>fortuito</span> <span class='ocrx_word' id='word_1_123' title='bbox 978 1642 1020 1707; x_wconf 87' lang='lat' dir='ltr'>ad</span> <span class='ocrx_word' id='word_1_124' title='bbox 1047 1647 1140 1709; x_wconf 86' lang='lat' dir='ltr'>tuam</span> 
     </span>
     <span class='ocr_line' id='line_1_18' title="bbox 183 1730 1140 1817; baseline 0.003 -23"><span class='ocrx_word' id='word_1_125' title='bbox 183 1731 428 1815; x_wconf 89' lang='lat' dir='ltr'>amplitudinem</span> <span class='ocrx_word' id='word_1_126' title='bbox 450 1730 530 1795; x_wconf 90' lang='lat' dir='ltr'>meis</span> <span class='ocrx_word' id='word_1_127' title='bbox 554 1730 668 1795; x_wconf 89' lang='lat' dir='ltr'>officiis</span> <span class='ocrx_word' id='word_1_128' title='bbox 698 1731 955 1814; x_wconf 87' lang='lat' dir='ltr'>amplectendam</span> <span class='ocrx_word' id='word_1_129' title='bbox 976 1730 1140 1817; x_wconf 86' lang='lat' dir='ltr'>incidisse,</span> 
     </span>
     <span class='ocr_line' id='line_1_19' title="bbox 184 1818 1140 1906; baseline 0.001 -21"><span class='ocrx_word' id='word_1_130' title='bbox 184 1820 249 1906; x_wconf 87' lang='lat' dir='ltr'>sed,</span> <span class='ocrx_word' id='word_1_131' title='bbox 270 1824 308 1885; x_wconf 92' lang='lat' dir='ltr'>ut</span> <span class='ocrx_word' id='word_1_132' title='bbox 324 1821 470 1905; x_wconf 89' lang='lat' dir='ltr'>primum</span> <span class='ocrx_word' id='word_1_133' title='bbox 491 1818 599 1883; x_wconf 86' lang='lat' dir='ltr'>forum</span> <span class='ocrx_word' id='word_1_134' title='bbox 622 1818 798 1904; x_wconf 81' lang='lat' dir='ltr'>attigerim,</span> <span class='ocrx_word' id='word_1_135' title='bbox 821 1822 981 1903; x_wconf 87' lang='lat' dir='ltr'>spectasse</span> <span class='ocrx_word' id='word_1_136' title='bbox 1004 1840 1140 1905; x_wconf 89' lang='lat' dir='ltr'>semper,</span> 
     </span>
     <span class='ocr_line' id='line_1_20' title="bbox 183 1906 1139 1994; baseline 0 -20"><span class='ocrx_word' id='word_1_137' title='bbox 183 1912 220 1975; x_wconf 90' lang='lat' dir='ltr'>ut</span> <span class='ocrx_word' id='word_1_138' title='bbox 241 1909 302 1974; x_wconf 91' lang='lat' dir='ltr'>tibi</span> <span class='ocrx_word' id='word_1_139' title='bbox 324 1930 453 1994; x_wconf 89' lang='lat' dir='ltr'>possem</span> <span class='ocrx_word' id='word_1_140' title='bbox 476 1929 573 1992; x_wconf 89' lang='lat' dir='ltr'>quam</span> <span class='ocrx_word' id='word_1_141' title='bbox 595 1906 732 1972; x_wconf 85' lang='lat' dir='ltr'>maxime</span> <span class='ocrx_word' id='word_1_142' title='bbox 755 1927 825 1970; x_wconf 89' lang='lat' dir='ltr'>esse</span> <span class='ocrx_word' id='word_1_143' title='bbox 847 1907 1051 1991; x_wconf 82' lang='lat' dir='ltr'>coniunctus3</span> <span class='ocrx_word' id='word_1_144' title='bbox 1074 1930 1139 1992; x_wconf 91' lang='lat' dir='ltr'>quo</span> 
     </span>
     <span class='ocr_line' id='line_1_21' title="bbox 184 1995 1141 2082; baseline 0 -21"><span class='ocrx_word' id='word_1_145' title='bbox 184 1998 313 2081; x_wconf 91' lang='lat' dir='ltr'>quidem</span> <span class='ocrx_word' id='word_1_146' title='bbox 344 2019 383 2063; x_wconf 88' lang='lat' dir='ltr'>ex</span> <span class='ocrx_word' id='word_1_147' title='bbox 413 2001 558 2082; x_wconf 87' lang='lat' dir='ltr'>tempore</span> <span class='ocrx_word' id='word_1_148' title='bbox 589 1995 744 2061; x_wconf 87' lang='lat' dir='ltr'>memoria</span> <span class='ocrx_word' id='word_1_149' title='bbox 773 1997 869 2060; x_wconf 90' lang='lat' dir='ltr'>teneo</span> <span class='ocrx_word' id='word_1_150' title='bbox 901 2016 1005 2078; x_wconf 90' lang='lat' dir='ltr'>nequa</span> <span class='ocrx_word' id='word_1_151' title='bbox 1032 2017 1141 2061; x_wconf 90' lang='lat' dir='ltr'>meam</span> 
     </span>
     <span class='ocr_line' id='line_1_22' title="bbox 183 2082 1140 2169; baseline 0.002 -21"><span class='ocrx_word' id='word_1_152' title='bbox 183 2085 244 2148; x_wconf 90' lang='lat' dir='ltr'>tibi</span> <span class='ocrx_word' id='word_1_153' title='bbox 267 2086 506 2151; x_wconf 87' lang='lat' dir='ltr'>observantiam</span> <span class='ocrx_word' id='word_1_154' title='bbox 528 2105 632 2169; x_wconf 89' lang='lat' dir='ltr'>neque</span> <span class='ocrx_word' id='word_1_155' title='bbox 654 2082 734 2148; x_wconf 91' lang='lat' dir='ltr'>mihi</span> <span class='ocrx_word' id='word_1_156' title='bbox 753 2085 844 2147; x_wconf 86' lang='lat' dir='ltr'>tuam</span> <span class='ocrx_word' id='word_1_157' title='bbox 863 2104 1021 2148; x_wconf 86' lang='lat' dir='ltr'>summam</span> <span class='ocrx_word' id='word_1_158' title='bbox 1042 2084 1140 2150; x_wconf 91' lang='lat' dir='ltr'>bene-</span> 
     </span>
     <span class='ocr_line' id='line_1_23' title="bbox 184 2168 1140 2255; baseline 0.001 -19"><span class='ocrx_word' id='word_1_159' title='bbox 184 2172 360 2237; x_wconf 82' lang='lat' dir='ltr'>volentiam</span> <span class='ocrx_word' id='word_1_160' title='bbox 383 2194 419 2237; x_wconf 91' lang='lat' dir='ltr'>ac</span> <span class='ocrx_word' id='word_1_161' title='bbox 441 2172 669 2237; x_wconf 87' lang='lat' dir='ltr'>liberalitatem</span> <span class='ocrx_word' id='word_1_162' title='bbox 692 2171 839 2236; x_wconf 86' lang='lat' dir='ltr'>defuisse.</span> <span class='ocrx_word' id='word_1_163' title='bbox 880 2168 914 2236; x_wconf 79' lang='lat' dir='ltr'>si</span> <span class='ocrx_word' id='word_1_164' title='bbox 937 2193 1019 2255; x_wconf 88' lang='lat' dir='ltr'>quae</span> <span class='ocrx_word' id='word_1_165' title='bbox 1040 2172 1140 2237; x_wconf 87' lang='lat' dir='ltr'>inter-</span> 
     </span>
     <span class='ocr_line' id='line_1_24' title="bbox 186 2258 1141 2344; baseline 0.002 -21"><span class='ocrx_word' id='word_1_166' title='bbox 186 2259 333 2324; x_wconf 92' lang='lat' dir='ltr'>ciderunt</span> <span class='ocrx_word' id='word_1_167' title='bbox 358 2281 426 2325; x_wconf 93' lang='lat' dir='ltr'>non</span> <span class='ocrx_word' id='word_1_168' title='bbox 452 2264 521 2324; x_wconf 87' lang='lat' dir='ltr'>tam</span> <span class='ocrx_word' id='word_1_169' title='bbox 547 2279 581 2322; x_wconf 91' lang='lat' dir='ltr'>re</span> <span class='ocrx_word' id='word_1_170' title='bbox 605 2279 702 2343; x_wconf 89' lang='lat' dir='ltr'>quam</span> <span class='ocrx_word' id='word_1_171' title='bbox 724 2258 905 2343; x_wconf 88' lang='lat' dir='ltr'>suspicione</span> <span class='ocrx_word' id='word_1_172' title='bbox 931 2259 1065 2344; x_wconf 86' lang='lat' dir='ltr'>violata,</span> <span class='ocrx_word' id='word_1_173' title='bbox 1092 2282 1141 2344; x_wconf 88' lang='lat' dir='ltr'>ea,</span> 
     </span>
     <span class='ocr_line' id='line_1_25' title="bbox 186 2344 1141 2432; baseline 0.001 -20"><span class='ocrx_word' id='word_1_174' title='bbox 186 2369 284 2430; x_wconf 92' lang='lat' dir='ltr'>quum</span> <span class='ocrx_word' id='word_1_175' title='bbox 316 2347 439 2413; x_wconf 88' lang='lat' dir='ltr'>fuerint</span> <span class='ocrx_word' id='word_1_176' title='bbox 470 2349 503 2411; x_wconf 92' lang='lat' dir='ltr'>et</span> <span class='ocrx_word' id='word_1_177' title='bbox 532 2345 617 2410; x_wconf 86' lang='lat' dir='ltr'>falsa</span> <span class='ocrx_word' id='word_1_178' title='bbox 649 2349 681 2410; x_wconf 89' lang='lat' dir='ltr'>et</span> <span class='ocrx_word' id='word_1_179' title='bbox 711 2346 835 2432; x_wconf 85' lang='lat' dir='ltr'>inania,</span> <span class='ocrx_word' id='word_1_180' title='bbox 866 2347 933 2411; x_wconf 90' lang='lat' dir='ltr'>sint</span> <span class='ocrx_word' id='word_1_181' title='bbox 963 2344 1074 2412; x_wconf 83' lang='lat' dir='ltr'>evulsa</span> <span class='ocrx_word' id='word_1_182' title='bbox 1101 2369 1141 2413; x_wconf 87' lang='lat' dir='ltr'>ex</span> 
     </span>
     <span class='ocr_line' id='line_1_26' title="bbox 187 2434 1142 2519; baseline -0.001 -18"><span class='ocrx_word' id='word_1_183' title='bbox 187 2437 275 2501; x_wconf 89' lang='lat' dir='ltr'>omni</span> <span class='ocrx_word' id='word_1_184' title='bbox 297 2435 452 2501; x_wconf 87' lang='lat' dir='ltr'>memoria</span> <span class='ocrx_word' id='word_1_185' title='bbox 473 2434 602 2518; x_wconf 79' lang='lat' dir='ltr'>vitaque</span> <span class='ocrx_word' id='word_1_186' title='bbox 624 2437 749 2519; x_wconf 80' lang='lat' dir='ltr'>nostra3</span> <span class='ocrx_word' id='word_1_187' title='bbox 771 2436 800 2499; x_wconf 88' lang='lat' dir='ltr'>is</span> <span class='ocrx_word' id='word_1_188' title='bbox 819 2435 905 2499; x_wconf 90' lang='lat' dir='ltr'>enim</span> <span class='ocrx_word' id='word_1_189' title='bbox 927 2438 964 2500; x_wconf 91' lang='lat' dir='ltr'>tu</span> <span class='ocrx_word' id='word_1_190' title='bbox 981 2436 1031 2500; x_wconf 79' lang='lat' dir='ltr'>uir</span> <span class='ocrx_word' id='word_1_191' title='bbox 1048 2456 1083 2500; x_wconf 91' lang='lat' dir='ltr'>es</span> <span class='ocrx_word' id='word_1_192' title='bbox 1106 2441 1142 2500; x_wconf 88' lang='lat' dir='ltr'>et</span> 
     </span>
     <span class='ocr_line' id='line_1_27' title="bbox 187 2523 1141 2608; baseline -0.002 -18"><span class='ocrx_word' id='word_1_193' title='bbox 187 2547 260 2591; x_wconf 91' lang='lat' dir='ltr'>eum</span> <span class='ocrx_word' id='word_1_194' title='bbox 278 2546 329 2590; x_wconf 87' lang='lat' dir='ltr'>me</span> <span class='ocrx_word' id='word_1_195' title='bbox 348 2544 416 2589; x_wconf 90' lang='lat' dir='ltr'>esse</span> <span class='ocrx_word' id='word_1_196' title='bbox 433 2523 537 2607; x_wconf 89' lang='lat' dir='ltr'>cupio,</span> <span class='ocrx_word' id='word_1_197' title='bbox 554 2526 600 2608; x_wconf 92' lang='lat' dir='ltr'>ut,</span> <span class='ocrx_word' id='word_1_198' title='bbox 619 2523 771 2607; x_wconf 88' lang='lat' dir='ltr'>quoniam</span> <span class='ocrx_word' id='word_1_199' title='bbox 788 2523 824 2587; x_wconf 92' lang='lat' dir='ltr'>in</span> <span class='ocrx_word' id='word_1_200' title='bbox 842 2523 953 2588; x_wconf 90' lang='lat' dir='ltr'>eadem</span> <span class='ocrx_word' id='word_1_201' title='bbox 970 2523 1018 2588; x_wconf 89' lang='lat' dir='ltr'>rei</span> <span class='ocrx_word' id='word_1_202' title='bbox 1034 2524 1141 2607; x_wconf 90' lang='lat' dir='ltr'>publi·</span> 
     </span>
     <span class='ocr_line' id='line_1_28' title="bbox 187 2610 1142 2698; baseline -0.002 -19"><span class='ocrx_word' id='word_1_203' title='bbox 187 2636 242 2679; x_wconf 89' lang='lat' dir='ltr'>cae</span> <span class='ocrx_word' id='word_1_204' title='bbox 260 2618 407 2698; x_wconf 87' lang='lat' dir='ltr'>tempora</span> <span class='ocrx_word' id='word_1_205' title='bbox 424 2610 603 2696; x_wconf 89' lang='lat' dir='ltr'>incidimus,</span> <span class='ocrx_word' id='word_1_206' title='bbox 625 2611 885 2677; x_wconf 87' lang='lat' dir='ltr'>coniunctionem</span> <span class='ocrx_word' id='word_1_207' title='bbox 903 2611 1142 2695; x_wconf 88' lang='lat' dir='ltr'>amicitiamque</span> 
     </span>
     <span class='ocr_line' id='line_1_29' title="bbox 151 2697 1142 2784; baseline -0.004 -16"><span class='ocrx_word' id='word_1_208' title='bbox 151 2722 168 2768; x_wconf 84' lang='lat'>4</span> <span class='ocrx_word' id='word_1_209' title='bbox 186 2707 331 2767; x_wconf 89' lang='lat' dir='ltr'>nostram</span> <span class='ocrx_word' id='word_1_210' title='bbox 349 2701 476 2784; x_wconf 91' lang='lat' dir='ltr'>utrique</span> <span class='ocrx_word' id='word_1_211' title='bbox 494 2703 642 2764; x_wconf 87' lang='lat' dir='ltr'>nostrum</span> <span class='ocrx_word' id='word_1_212' title='bbox 659 2699 748 2765; x_wconf 89' lang='lat' dir='ltr'>laudi</span> <span class='ocrx_word' id='word_1_213' title='bbox 766 2721 891 2784; x_wconf 89' lang='lat' dir='ltr'>sperem</span> <span class='ocrx_word' id='word_1_214' title='bbox 907 2699 987 2764; x_wconf 91' lang='lat' dir='ltr'>fore.</span> <span class='ocrx_word' id='word_1_215' title='bbox 1023 2697 1142 2776; x_wconf 78' lang='lat' dir='ltr'>Quam-</span> 
     </span>
     <span class='ocr_line' id='line_1_30' title="bbox 188 2786 1143 2874; baseline -0.002 -20"><span class='ocrx_word' id='word_1_216' title='bbox 188 2790 298 2855; x_wconf 90' lang='lat' dir='ltr'>obrem</span> <span class='ocrx_word' id='word_1_217' title='bbox 328 2794 379 2874; x_wconf 91' lang='lat' dir='ltr'>tu,</span> <span class='ocrx_word' id='word_1_218' title='bbox 411 2790 566 2872; x_wconf 90' lang='lat' dir='ltr'>quantum</span> <span class='ocrx_word' id='word_1_219' title='bbox 598 2792 655 2852; x_wconf 88' lang='lat' dir='ltr'>tuo</span> <span class='ocrx_word' id='word_1_220' title='bbox 684 2787 802 2853; x_wconf 90' lang='lat' dir='ltr'>iudicio</span> <span class='ocrx_word' id='word_1_221' title='bbox 834 2786 1042 2852; x_wconf 88' lang='lat' dir='ltr'>tribuendum</span> <span class='ocrx_word' id='word_1_222' title='bbox 1071 2809 1143 2853; x_wconf 91' lang='lat' dir='ltr'>esse</span> 
     </span>
     <span class='ocr_line' id='line_1_31' title="bbox 186 2875 1144 2962; baseline 0 -21"><span class='ocrx_word' id='word_1_223' title='bbox 186 2879 281 2942; x_wconf 88' lang='lat' dir='ltr'>nobis</span> <span class='ocrx_word' id='word_1_224' title='bbox 307 2881 415 2962; x_wconf 90' lang='lat' dir='ltr'>putes,</span> <span class='ocrx_word' id='word_1_225' title='bbox 444 2878 567 2941; x_wconf 86' lang='lat' dir='ltr'>statues</span> <span class='ocrx_word' id='word_1_226' title='bbox 593 2875 661 2959; x_wconf 90' lang='lat' dir='ltr'>ipse</span> <span class='ocrx_word' id='word_1_227' title='bbox 685 2879 730 2959; x_wconf 92' lang='lat' dir='ltr'>et,</span> <span class='ocrx_word' id='word_1_228' title='bbox 756 2880 794 2940; x_wconf 90' lang='lat' dir='ltr'>ut</span> <span class='ocrx_word' id='word_1_229' title='bbox 820 2896 929 2960; x_wconf 90' lang='lat' dir='ltr'>spero,</span> <span class='ocrx_word' id='word_1_230' title='bbox 956 2878 1079 2961; x_wconf 87' lang='lat' dir='ltr'>statues</span> <span class='ocrx_word' id='word_1_231' title='bbox 1102 2896 1144 2941; x_wconf 85' lang='lat' dir='ltr'>ex</span> 
     </span>
     <span class='ocr_line' id='line_1_32' title="bbox 186 2963 1144 3051; baseline -0.002 -21"><span class='ocrx_word' id='word_1_232' title='bbox 186 2970 300 3031; x_wconf 88' lang='lat' dir='ltr'>nostra</span> <span class='ocrx_word' id='word_1_233' title='bbox 322 2965 490 3051; x_wconf 84' lang='lat' dir='ltr'>dignitate,</span> <span class='ocrx_word' id='word_1_234' title='bbox 512 2984 572 3050; x_wconf 89' lang='lat' dir='ltr'>ego</span> <span class='ocrx_word' id='word_1_235' title='bbox 595 2985 672 3029; x_wconf 85' lang='lat' dir='ltr'>vero</span> <span class='ocrx_word' id='word_1_236' title='bbox 693 2963 754 3028; x_wconf 91' lang='lat' dir='ltr'>tibi</span> <span class='ocrx_word' id='word_1_237' title='bbox 776 2964 930 3049; x_wconf 89' lang='lat' dir='ltr'>profiteor</span> <span class='ocrx_word' id='word_1_238' title='bbox 952 2966 1049 3048; x_wconf 89' lang='lat' dir='ltr'>atque</span> <span class='ocrx_word' id='word_1_239' title='bbox 1072 2964 1144 3048; x_wconf 93' lang='lat' dir='ltr'>pol·</span> 
     </span>
     <span class='ocr_line' id='line_1_33' title="bbox 183 3052 1144 3138; baseline -0.003 -18"><span class='ocrx_word' id='word_1_240' title='bbox 183 3056 286 3121; x_wconf 91' lang='lat' dir='ltr'>liceor</span> <span class='ocrx_word' id='word_1_241' title='bbox 308 3054 458 3119; x_wconf 84' lang='lat' dir='ltr'>eximium</span> <span class='ocrx_word' id='word_1_242' title='bbox 481 3057 513 3117; x_wconf 90' lang='lat' dir='ltr'>et</span> <span class='ocrx_word' id='word_1_243' title='bbox 533 3053 696 3138; x_wconf 89' lang='lat' dir='ltr'>singulare</span> <span class='ocrx_word' id='word_1_244' title='bbox 714 3073 821 3117; x_wconf 89' lang='lat' dir='ltr'>meum</span> <span class='ocrx_word' id='word_1_245' title='bbox 839 3052 981 3119; x_wconf 87' lang='lat' dir='ltr'>studium</span> <span class='ocrx_word' id='word_1_246' title='bbox 998 3052 1034 3115; x_wconf 93' lang='lat' dir='ltr'>in</span> <span class='ocrx_word' id='word_1_247' title='bbox 1053 3054 1144 3117; x_wconf 92' lang='lat' dir='ltr'>omni</span> 
     </span>
     <span class='ocr_line' id='line_1_34' title="bbox 187 3140 1145 3230; baseline -0.004 -22"><span class='ocrx_word' id='word_1_248' title='bbox 187 3164 305 3230; x_wconf 88' lang='lat' dir='ltr'>genere</span> <span class='ocrx_word' id='word_1_249' title='bbox 328 3142 435 3226; x_wconf 88' lang='lat' dir='ltr'>officii,</span> <span class='ocrx_word' id='word_1_250' title='bbox 458 3141 543 3226; x_wconf 91' lang='lat' dir='ltr'>quod</span> <span class='ocrx_word' id='word_1_251' title='bbox 566 3141 607 3205; x_wconf 89' lang='lat' dir='ltr'>ad</span> <span class='ocrx_word' id='word_1_252' title='bbox 624 3141 828 3206; x_wconf 90' lang='lat' dir='ltr'>honestatem</span> <span class='ocrx_word' id='word_1_253' title='bbox 846 3144 879 3206; x_wconf 92' lang='lat' dir='ltr'>et</span> <span class='ocrx_word' id='word_1_254' title='bbox 896 3140 1034 3226; x_wconf 90' lang='lat' dir='ltr'>gloriam</span> <span class='ocrx_word' id='word_1_255' title='bbox 1051 3143 1145 3204; x_wconf 86' lang='lat' dir='ltr'>tuam</span> 
     </span>
     <span class='ocr_line' id='line_1_35' title="bbox 188 3226 1145 3316; baseline -0.005 -20"><span class='ocrx_word' id='word_1_256' title='bbox 188 3235 319 3316; x_wconf 88' lang='lat' dir='ltr'>spectet.</span> <span class='ocrx_word' id='word_1_257' title='bbox 363 3230 405 3295; x_wconf 91' lang='lat' dir='ltr'>In</span> <span class='ocrx_word' id='word_1_258' title='bbox 427 3252 504 3315; x_wconf 91' lang='lat' dir='ltr'>quo,</span> <span class='ocrx_word' id='word_1_259' title='bbox 527 3229 652 3294; x_wconf 90' lang='lat' dir='ltr'>etiamsi</span> <span class='ocrx_word' id='word_1_260' title='bbox 674 3229 768 3295; x_wconf 92' lang='lat' dir='ltr'>multi</span> <span class='ocrx_word' id='word_1_261' title='bbox 789 3250 914 3298; x_wconf 87' lang='lat' dir='ltr'>mecum</span> <span class='ocrx_word' id='word_1_262' title='bbox 937 3226 1145 3314; x_wconf 88' lang='lat' dir='ltr'>contendent,</span> 
     </span>
     <span class='ocr_line' id='line_1_36' title="bbox 187 3315 1145 3404; baseline -0.004 -20"><span class='ocrx_word' id='word_1_263' title='bbox 187 3325 298 3385; x_wconf 88' lang='lat' dir='ltr'>tamen</span> <span class='ocrx_word' id='word_1_264' title='bbox 312 3341 410 3404; x_wconf 88' lang='lat' dir='ltr'>quum</span> <span class='ocrx_word' id='word_1_265' title='bbox 429 3319 560 3402; x_wconf 88' lang='lat' dir='ltr'>reliquis</span> <span class='ocrx_word' id='word_1_266' title='bbox 579 3317 737 3402; x_wconf 87' lang='lat' dir='ltr'>omnibus,</span> <span class='ocrx_word' id='word_1_267' title='bbox 754 3321 825 3382; x_wconf 91' lang='lat' dir='ltr'>tum</span> <span class='ocrx_word' id='word_1_268' title='bbox 838 3315 962 3382; x_wconf 81' lang='lat' dir='ltr'>Crassis</span> <span class='ocrx_word' id='word_1_269' title='bbox 979 3315 1045 3381; x_wconf 86' lang='lat' dir='ltr'>tuis</span> <span class='ocrx_word' id='word_1_270' title='bbox 1061 3316 1145 3381; x_wconf 87' lang='lat' dir='ltr'>iudi·</span> 
     </span>
     <span class='ocr_line' id='line_1_37' title="bbox 187 3404 1145 3491; baseline -0.002 -20"><span class='ocrx_word' id='word_1_271' title='bbox 187 3408 278 3479; x_wconf 77' lang='lat' dir='ltr'>cibus</span> <span class='ocrx_word' id='word_1_272' title='bbox 293 3429 405 3474; x_wconf 90' lang='lat' dir='ltr'>omnes</span> <span class='ocrx_word' id='word_1_273' title='bbox 417 3407 512 3472; x_wconf 86' lang='lat' dir='ltr'>facile</span> <span class='ocrx_word' id='word_1_274' title='bbox 530 3407 702 3491; x_wconf 83' lang='lat' dir='ltr'>superab03</span> <span class='ocrx_word' id='word_1_275' title='bbox 725 3427 805 3490; x_wconf 89' lang='lat' dir='ltr'>quos</span> <span class='ocrx_word' id='word_1_276' title='bbox 824 3405 953 3490; x_wconf 90' lang='lat' dir='ltr'>quidem</span> <span class='ocrx_word' id='word_1_277' title='bbox 970 3424 1031 3490; x_wconf 89' lang='lat' dir='ltr'>ego</span> <span class='ocrx_word' id='word_1_278' title='bbox 1046 3404 1145 3469; x_wconf 91' lang='lat' dir='ltr'>ambo</span> 
     </span>
     <span class='ocr_line' id='line_1_38' title="bbox 188 3492 1146 3584; baseline -0.002 -25"><span class='ocrx_word' id='word_1_279' title='bbox 188 3497 281 3561; x_wconf 86' lang='lat' dir='ltr'>unice</span> <span class='ocrx_word' id='word_1_280' title='bbox 305 3496 415 3584; x_wconf 85' lang='lat' dir='ltr'>diligo,</span> <span class='ocrx_word' id='word_1_281' title='bbox 437 3495 493 3561; x_wconf 90' lang='lat' dir='ltr'>sed</span> <span class='ocrx_word' id='word_1_282' title='bbox 515 3496 551 3559; x_wconf 93' lang='lat' dir='ltr'>in</span> <span class='ocrx_word' id='word_1_283' title='bbox 572 3494 718 3560; x_wconf 89' lang='lat' dir='ltr'>Marcum</span> <span class='ocrx_word' id='word_1_284' title='bbox 741 3493 967 3560; x_wconf 87' lang='lat' dir='ltr'>benevolentia</span> <span class='ocrx_word' id='word_1_285' title='bbox 988 3493 1060 3578; x_wconf 90' lang='lat' dir='ltr'>pari</span> <span class='ocrx_word' id='word_1_286' title='bbox 1081 3492 1146 3558; x_wconf 90' lang='lat' dir='ltr'>hoo</span> 
     </span>
    </p>
   </div>
   <div class='ocr_carea' id='block_1_3' title="bbox 0 0 1194 3878">
    <p class='ocr_par' dir='ltr' id='par_1_3' title="bbox 0 0 1194 3878">
     <span class='ocr_line' id='line_1_39' title="bbox 0 0 1194 3878; baseline 0 0"><span class='ocrx_word' id='word_1_287' title='bbox 0 0 1194 3878; x_wconf 95' lang='lat' dir='ltr'> </span> 
     </span>
    </p>
   </div>
  </div>
 </body>
</html>
