2370 3878
190 132 258 196 434
474 135 511 189 Μ.
531 135 654 190 TULLll
672 134 862 191 CICERONIS

616 350 720 415 XVII.

473 450 529 505 Ser.
550 451 654 507 Romae
674 470 698 506 a.
717 471 744 506 u.
764 470 786 508 c.
808 460 866 508 708.

379 573 416 628 Μ.
437 573 565 629 CICERO
587 576 612 629 S.
632 576 665 629 D.
686 576 761 630 SER.
784 576 955 633 SULPICIO.

156 676 170 724 1
255 663 308 729 Μ’.
340 662 468 749 Curius,
504 667 559 749 qui
590 666 695 731 Patris
732 669 933 752 negotiatur,
970 671 1087 734 multis
1119 676 1149 735 et

189 754 316 837 magnis
339 755 378 818 de
401 755 505 818 causis
533 777 553 818 a
575 777 625 818 me
654 754 810 840 diligitur:
838 778 914 819 narn
944 761 977 820 et
1006 759 1147 823 amicitia

188 847 337 924 pervetus
367 843 446 907 mihi
478 864 551 906 cum
583 864 620 907 eo
653 847 715 928 est,
744 848 781 907 ut
807 845 948 928 primum
975 846 1011 909 in
1038 847 1147 911 forum

190 931 292 1016 venit,
322 932 485 1013 instituta,
518 935 551 994 et
576 929 682 995 Patris
715 953 813 1016 quum
840 933 1013 1016 aliquoties
1040 939 1147 1020 antea,

188 1023 257 1083 tum
279 1020 422 1104 proxime
445 1020 507 1083 hoc
530 1019 708 1084 miserrimo
731 1021 815 1084 bello
844 1021 958 1085 domus
981 1023 1052 1086 eius
1078 1028 1146 1088 tota

187 1108 267 1173 mihi
290 1109 409 1193 patuit,
436 1130 513 1191 qua,
540 1108 568 1172 si
591 1129 672 1192 opus
694 1107 821 1192 fuisset,
849 1112 917 1173 tam
939 1131 1045 1174 essem
1069 1133 1145 1176 usus

188 1219 285 1279 quam
307 1219 392 1279 mea3
414 1197 588 1261 maximum
606 1200 714 1260 autem
732 1197 812 1260 mihi
830 1197 995 1261 vinculum
1015 1220 1090 1263 cum
1108 1221 1145 1264 eo

188 1288 237 1348 est
265 1286 357 1368 quasi
386 1285 555 1349 sanctioris
583 1285 748 1348 cuiusdam
771 1285 1030 1370 necessitudinis,
1059 1288 1144 1370 quod

188 1376 237 1435 est
250 1372 352 1436 Attici
370 1374 473 1437 nostri
490 1373 758 1438 familiarissimus
778 1395 912 1457 eumque
931 1395 1033 1438 unum
1053 1397 1143 1458 prae

153 1468 168 1515 2
187 1463 236 1523 ter
251 1463 373 1525 ceteros
388 1461 537 1525 observat
550 1482 587 1524 ac
602 1461 716 1545 diligit.
752 1460 854 1537 Quem
873 1463 900 1525 si
918 1465 954 1525 tu
974 1462 1041 1525 iam
1060 1463 1144 1528 forte

188 1550 349 1631 cognosti,
371 1553 450 1633 puto
478 1569 528 1611 me
555 1549 630 1631 hoc,
657 1550 743 1631 quod
769 1549 867 1632 facio,
893 1549 999 1613 facere
1027 1551 1144 1634 serius3

188 1656 225 1698 ea
249 1641 298 1699 est
321 1637 407 1700 enim
424 1637 625 1700 humanitate
649 1640 681 1699 et
700 1638 913 1720 observantia,
935 1642 972 1701 ut
991 1660 1066 1702 eum
1084 1639 1143 1703 tibi

186 1723 251 1786 iam
265 1725 372 1808 ipsum
385 1747 443 1808 per
456 1746 489 1787 se
505 1724 763 1789 commendatum
781 1729 904 1809 putem3
928 1727 1014 1809 quod
1032 1730 1143 1791 tamen

187 1812 214 1875 si
236 1813 283 1876 ita
306 1817 363 1897 est,
385 1834 505 1898 magno
525 1834 620 1896 opere
644 1817 713 1877 ate
732 1835 860 1896 quaeso,
882 1817 919 1877 ut
938 1814 979 1878 ad
998 1836 1071 1878 eam
1089 1837 1141 1880 ro·

186 1901 358 1986 luntatem,
385 1903 412 1966 si
435 1924 531 1987 quarn
553 1902 589 1964 in
611 1902 701 1964 illum
725 1906 800 1966 ante
822 1901 882 1965 has
904 1923 993 1966 meas
1017 1903 1141 1968 litteras

187 1991 364 2074 contulisti,
392 2012 489 2075 quam
521 1989 677 2054 maximus
709 1993 818 2073 potest
843 2011 915 2053 mea
938 1992 1140 2055 commenda·

152 2087 167 2134 3
186 2078 275 2141 tione
298 2080 444 2143 cumulus
467 2079 610 2142 accedat:
634 2078 685 2141 sin
707 2081 816 2141 autem
833 2081 966 2162 propter
990 2100 1164 2144 verecun—

188 2165 273 2228 diam
296 2188 387 2230 suam
409 2168 516 2231 minus
540 2188 573 2229 se
596 2166 656 2230 tibi
680 2165 797 2230 obtulit
820 2169 876 2230 aut
898 2166 1045 2230 nondum
1070 2189 1140 2232 eum

187 2253 265 2317 satis
288 2254 388 2318 habes
407 2255 572 2338 cognitum
591 2258 648 2318 aut
666 2275 747 2337 quae
767 2275 863 2318 causa
882 2258 939 2337 est,
962 2275 1019 2318 cur
1042 2257 1140 2320 maio·

186 2340 230 2404 ris
245 2343 531 2406 commendationis
545 2342 698 2427 indigeat,
717 2342 763 2406 sic
780 2342 839 2406 tibi
854 2364 928 2406 eum
941 2344 1139 2426 commendo,

186 2431 223 2493 ut
236 2450 340 2512 neque
359 2430 479 2494 maiore
498 2430 604 2494 studio
619 2451 811 2514 quemquam
829 2452 933 2513 neque
950 2431 1139 2496 iustioribus

186 2516 225 2581 de
249 2518 352 2582 causis
375 2518 597 2582 commendare
619 2519 755 2601 possim,
776 2518 956 2602 faciamque
978 2518 1026 2601 id,
1055 2518 1138 2603 quod

187 2606 304 2670 debent
317 2607 422 2671 facere
436 2606 468 2688 ii,
487 2606 541 2688 qui
559 2606 707 2689 religiose
727 2609 759 2669 et
777 2607 846 2671 sine
865 2605 1041 2670 ambitione
1057 2628 1138 2672 com-

185 2695 351 2759 mendant:
376 2693 540 2778 spondebo
559 2694 644 2758 enim
663 2693 723 2756 tibi
741 2695 791 2758 vel
811 2695 918 2778 potius
938 2695 1084 2777 spondeo
1105 2696 1139 2758 in

185 2804 298 2866 meque
313 2783 431 2867 recipio
451 2803 506 2847 eos
521 2803 589 2846 esse
603 2781 656 2845 Μ’.
671 2778 759 2846 Curii
773 2803 877 2847 mores
892 2803 1028 2865 eamque
1041 2805 1139 2867 quum

185 2871 388 2954 probitatem,
405 2875 475 2935 tum
494 2871 592 2935 etiam
604 2870 848 2955 humanitatem,
866 2874 904 2934 ut
921 2892 995 2934 eum
1016 2874 1050 2934 et
1064 2871 1138 2936 ami-

186 2958 261 3023 citia
287 2963 344 3023 tua
372 2963 404 3022 et
429 2963 498 3023 tam
525 2962 674 3024 accurata
701 2959 992 3041 commendatione,
1023 2959 1053 3022 si
1081 2957 1139 3023 tibi

186 3048 228 3112 sit
251 3047 409 3132 cognitae,
432 3048 566 3132 dignum
589 3048 632 3112 sis
655 3048 903 3112 existimaturus.
948 3045 1030 3110 Mihi
1055 3049 1139 3111 certe

185 3136 403 3222 gratissimum
425 3136 552 3220 feceris,
580 3137 607 3199 si
629 3136 815 3200 intellexero
838 3136 898 3199 has
920 3135 1047 3199 litteras
1070 3139 1139 3199 tan-

184 3228 442 3379 hhbiiilslbanium
466 3225 607 3288 scribens
627 3224 835 3308 confidebam,
857 3223 943 3307 apud
960 3226 994 3286 te
1012 3222 1140 3307 pondus

248 3470 301 3544 Ep.
323 3476 407 3543 17,1.
445 3469 733 3546 quaciopustwh.
767 3469 906 3539 quomo.
925 3467 956 3522 B.
