2370 3878
344 190 602 247 EPISTOLARUM
621 191 654 244 ll.
676 197 787 247 18-20.
978 191 1041 253 319

87 335 315 420 gratissimum,
337 337 447 399 tamen
470 371 512 381 -
535 335 703 399 fatendum
730 339 780 399 est
807 336 893 399 enim
915 371 956 381 -
981 334 1043 398 fuit

87 445 126 487 ea
148 423 227 487 mihi
250 423 460 506 periucunda3
488 423 533 487 sic
556 424 642 486 enim
665 423 743 505 vidi,
770 422 863 506 quasi
886 445 937 505 ea,
961 444 1042 505 quae

88 512 188 576 oculis
212 515 395 594 cernuntur,
418 532 469 574 me
493 532 513 573 a
535 513 567 574 te
591 511 700 575 amari.
737 511 846 574 Dices:
869 510 964 593 „quid
986 532 1041 574 an·

88 598 185 662 tea?“
230 596 363 682 Semper
390 599 550 682 equidem,
583 599 638 663 sed
669 621 846 682 numquam
877 599 1041 662 illustrius.

88 686 228 750 Litterae
256 691 331 750 tuae
354 686 543 750 mirabiliter
563 690 674 771 gratae
697 687 828 750 fuerunt
851 687 977 752 senatui
999 723 1041 732 -

89 797 186 857 quum
209 774 305 846 rebus
327 775 414 857 ipsis,
438 796 520 857 quae
544 779 637 837 erant
660 775 866 859 gravissimae
890 779 923 838 et
944 775 1041 837 maxi·

88 885 168 945 mae,
190 862 358 927 fortissimi
380 862 479 926 animi
498 863 676 946 summique
696 863 830 945 consilii,
852 866 921 926 tum
945 863 1042 926 etiam

88 951 246 1034 gravitate
275 951 508 1014 sententiarum
541 954 636 1032 atque
669 951 848 1014 verborum.
893 948 969 1032 Sed,
997 951 1076 1014 mia

89 1037 215 1121 Plance,
238 1038 396 1120 incumbe,
419 1041 456 1101 ut
478 1037 555 1101 belli
578 1041 720 1101 extrema
742 1037 901 1121 perficias:
924 1038 959 1099 in
981 1038 1043 1102 hoc

89 1126 149 1189 erit
177 1149 302 1190 summa
329 1130 361 1190 et
390 1126 495 1209 gratia
523 1129 556 1189 et
583 1125 695 1209 gloria.
740 1123 842 1208 Cupio
867 1126 975 1191 omnia
997 1127 1043 1189 rei

87 1215 234 1296 publicae
259 1235 367 1295 causa3
396 1213 451 1277 sed
479 1213 676 1277 mehercules
702 1214 798 1277 inea
825 1213 1044 1278 conservanda

88 1303 153 1364 iam
176 1302 370 1385 defetigatus
393 1323 461 1365 non
478 1302 581 1366 multo
599 1303 671 1385 plus
689 1302 812 1385 patriae
829 1301 923 1365 faveo
947 1323 1043 1384 quam

88 1392 163 1451 tuae
188 1389 318 1473 gloriae,
341 1390 429 1454 cuius
452 1390 624 1453 maximam
647 1390 834 1455 facultatem
856 1389 917 1454 tibi
935 1388 968 1452 di
985 1389 1043 1452 im·

89 1477 251 1560 mortales
274 1479 310 1540 ut
328 1499 430 1561 spero,
449 1478 614 1562 dederunt,
633 1501 729 1562 quam
747 1479 967 1562 complectere,
988 1479 1042 1542 ob·

90 1566 269 1648 secro3·qui
293 1567 378 1629 enim
400 1565 581 1630 Antonium
605 1568 812 1651 oppresserit,
838 1568 866 1630 is
888 1566 951 1631 hoc
977 1566 1042 1630 bel·

88 1653 155 1715 lum
178 1655 396 1718 taeterrimum
419 1655 787 1738 periculosissimumque
811 1655 994 1719 confecerit.

530 1846 603 1910 XX.

237 1955 294 2010 Scr.
313 1939 419 2011 Romae
438 1957 484 2011 IV.
504 1957 566 2010 Kal.
586 1957 680 2010 lunias
699 1973 724 2010 a.
743 1974 769 2009 u.
790 1973 813 2010 c.
833 1963 893 2011 711.

416 2078 546 2134 CICERO
565 2078 717 2133 PLANCO.

156 2177 207 2240 lta
236 2180 328 2240 erant
355 2179 477 2261 omnia,
509 2200 589 2262 quae
617 2178 705 2242 istim
736 2176 964 2264 afferebantur,
995 2181 1077 2245 iri-1

90 2271 190 2350 certa,
222 2269 272 2348 ut,
303 2266 380 2348 quid
412 2267 452 2330 ad
484 2269 517 2330 te
545 2267 727 2351 scriberem,
754 2288 822 2331 non
851 2275 1043 2351 occurreret3

90 2354 185 2418 modo
205 2353 300 2436 enim,
319 2375 400 2436 quae
419 2355 582 2439 vellemus,
604 2355 643 2419 de
661 2354 793 2439 Lepid0,
815 2356 911 2420 modo
930 2362 1044 2422 contra

90 2442 338 2525 nuntiabantur,
361 2442 399 2506 de
422 2447 455 2508 te
478 2447 588 2507 tamen
609 2443 697 2507 fama
720 2448 886 2528 constans,
908 2467 967 2509 nec
991 2445 1042 2508 de·

91 2531 153 2613 cipi
175 2551 269 2613 posse
292 2552 352 2594 nec
374 2532 472 2616 vinci,
500 2554 636 2615 quorum
659 2533 789 2596 alterius
816 2533 949 2598 fortuna
971 2554 1043 2615 par-

89 2624 155 2681 tem
178 2618 277 2682 habet
300 2620 470 2704 quandam,
493 2621 629 2684 alterum
652 2620 819 2704 proprium
837 2624 886 2684 est
906 2621 1043 2703 pruden-

89 2707 153 2770 tiae
176 2711 260 2770 tuae.
305 2706 367 2771 Sed
391 2708 499 2792 accepi
521 2708 646 2772 litteras
669 2731 688 2771 a
712 2709 836 2792 collega
857 2711 929 2790 tuo,
952 2708 1043 2772 datas
1063 2722 1077 2770 2

89 2793 200 2859 Idibus
222 2793 331 2879 Maiis,
357 2797 393 2859 in
420 2797 535 2879 quibus
558 2800 629 2860 erat
655 2799 687 2860 te
711 2796 751 2860 ad
778 2817 810 2861 se
837 2797 1001 2880 scripsisse
1025 2820 1044 2861 a

91 2881 212 2967 Lepido
235 2905 302 2949 non
325 2885 424 2968 recipi
446 2883 640 2948 Antonium:
671 2885 757 2967 quod
784 2884 845 2948 crit
867 2886 993 2968 certius,
1017 2887 1044 2949 si

89 2976 126 3034 tu
153 2973 194 3036 ad
222 2994 281 3037 nos
308 2971 393 3036 idem
422 2972 599 3056 scripserim
632 2972 687 3035 sed
717 2972 823 3036 minus
855 2973 952 3037 audes
979 2974 1043 3038 for·

89 3063 175 3124 tasse
203 3063 335 3144 propter
361 3060 491 3124 inanem
520 3059 678 3123 laetitiam
700 3060 880 3124 litterarum
903 3062 1043 3144 superio·

89 3170 170 3212 rum.
206 3147 337 3231 Verum,
359 3153 397 3212 ut
418 3169 533 3232 errare,
555 3149 600 3211 mi
617 3147 745 3232 Plance,
767 3148 957 3233 potuisti-
973 3148 1043 3230 quis

90 3237 176 3300 enim
202 3236 235 3300 id
263 3237 432 3321 effugerit?
456 3272 512 3320 -,
543 3237 588 3301 sic
616 3237 720 3321 decipi
746 3240 779 3301 te
807 3258 873 3300 non
900 3236 1043 3318 potuisse

160 3444 211 3514 Ep.
233 3451 312 3512 19,1.
349 3448 445 3514 pratae
466 3445 579 3512 fuerunt
602 3445 696 3514 (Em).
742 3460 783 3513 pr.
802 3447 867 3496 suaet
884 3442 931 3510 M,
949 3442 1045 3513 vralqo.

89 3521 113 3568 2.
142 3516 275 3570 dederuut
293 3515 366 3583 (Wfl),
403 3516 497 3570 dedere
514 3515 560 3586 M,
577 3515 675 3589 vulgo.
