2370 3878
125 156 169 220 68
407 152 445 206 ιι
465 151 589 207 rtem
606 151 799 208 00000000

125 322 222 367 nosse
247 300 368 380 locum,
399 319 495 380 quem
521 296 608 380 apud
638 302 673 361 10
698 298 727 361 10
752 302 893 383 teneret,
924 321 1026 384 qnam
1051 303 1086 367 in

125 393 251 474 partem
282 385 467 486 provinciae
494 386 633 449 maxime
659 390 789 468 putaret
814 390 849 451 10
875 388 960 452 velle
985 391 1063 454 01
1052 412 1087 457 m

127 476 327 542 succedendo
340 475 480 558 primurn
492 474 649 556 venirem,
672 495 772 556 quum
788 474 845 539 ille
856 475 940 540 milri
952 498 1086 562 respon-

126 566 226 630 disset
255 563 339 628 nihil
361 583 411 627 me
438 562 499 625 tibi
521 561 646 646 gratius
671 561 777 626 facere
803 584 913 646 posse,
935 585 1039 648 quarn
1060 566 1088 633 si

126 654 168 718 ad
187 652 298 717 Sidam
314 650 528 735 navigassem,
550 650 612 713 etsi
628 650 736 713 minus
754 650 924 735 dignitatis
940 651 1088 719 habebat

126 743 181 806 ille
212 742 370 805 adrentus
401 743 434 802 et
464 738 507 801 ad
537 738 657 802 multas
687 759 739 801 res
769 738 851 802 mihi
876 739 987 805 minus
1015 748 1088 807 eret

91 843 108 890 2
128 836 232 914 aptus,
253 834 364 892 tamen
385 828 432 890 ita
454 847 507 890 me
525 825 592 888 dixi
609 846 679 889 esse
696 825 868 890 factumn.
902 826 997 892 Idem
1015 851 1088 915 ego,

128 940 227 1002 quum
250 916 286 980 L
308 913 458 979 Clodium
479 911 636 997 Corcyrae
659 914 896 996 convenissem,
916 915 1088 983 hominem

126 1007 174 1070 ita
195 1006 257 1069 tibi
278 1005 496 1085 coniunctum,
517 1005 555 1066 01
576 1001 666 1085 mihi,
689 1024 763 1067 curn
779 1003 836 1067 illo
855 1024 958 1086 quum
974 1005 1087 1088 loque·

127 1117 188 1178 rer,
209 1098 317 1158 tecum
342 1093 433 1175 loqui
454 1054 593 1173 rideret,
619 1091 686 1153 dixi
712 1091 742 1153 ei
769 1111 821 1154 me
847 1090 894 1154 ita
920 1091 1088 1159 facturum

128 1205 206 1265 csse,
228 1183 318 1247 utin
336 1184 561 1262 campartem,
583 1200 680 1261 qnam
697 1177 823 1242 Phania
840 1183 1000 1264 rogasset,
1020 1183 1087 1265 pri-

127 1293 218 1334 mum
238 1268 394 1347 venirem3
415 1274 493 1330 tunc
511 1267 576 1346 ille,
596 1267 678 1329 mihi
696 1286 796 1347 quum
814 1268 937 1350 gratias
955 1268 1088 1369 egisset,

127 1378 248 1442 magno
271 1375 367 1454 opere
389 1375 409 1416 a
430 1374 482 1416 me
504 1315 633 1452 petivit,
659 1356 697 1416 ut
719 1352 912 1419 Laodiceam
934 1356 1087 1438 protinus

127 1447 222 1525 irem3
253 1443 322 1506 te
312 1463 348 1505 rn
374 1441 477 1524 prima
503 1439 676 1540 provincia¹
699 1441 782 1504 velle
808 1463 891 1525 esse,
920 1446 960 1507 01
987 1465 1088 1527 quam

127 1533 268 1616 primum
289 1529 471 1610 decederes3
499 1528 593 1610 quin,
614 1528 677 1591 nisi
700 1548 762 1614 ego
784 1551 949 1595 suecessor
970 1552 1088 1617 essem,

129 1642 225 1703 quem
246 1624 283 1682 10
310 1637 442 1700 cuperes
464 1615 586 1698 videre,
612 1620 645 1680 te
672 1621 783 1698 antea,
809 1618 1087 1700 0000011000-

129 1729 255 1771 cessum
282 1709 379 1788 00001,
410 1666 614 1768 decessuruin
643 1704 813 1768 fuisse-
841 1707 928 1789 quod
954 1707 1088 1790 quidem

129 1800 200 1859 erat
226 1796 478 1859 consentaneum
504 1814 578 1856 curn
603 1793 643 1856 iis
666 1793 796 1875 litteris,
822 1815 903 1877 qnos
929 1815 993 1879 ego
1019 1795 1087 1861 Ro·

130 1905 202 1949 mae
220 1904 415 1967 acceperam,
437 1903 475 1944 ex
494 1881 610 1964 quibus
626 1882 826 1965 perspexisse
843 1882 925 1946 mihi
942 1883 1088 1967 videbar,

130 1994 227 2055 quam
252 1972 423 2036 festinares
450 1969 601 2035 decedere
623 1993 680 2051 -3
710 1969 862 2052 respondi
888 1967 1003 2035 clodio
1032 1993 1087 2037 me

129 2062 177 2124 ita
199 2081 267 2124 esse
288 2060 450 2125 fectrrrum
472 2078 510 2122 ao
532 2059 635 2123 multo
653 2056 782 2140 quidem
800 2057 964 2141 libentius,
986 2081 1089 2143 quam

131 2149 159 2212 si
180 2148 259 2212 illud
282 2152 367 2211 00001
382 2146 575 2229 faciendum,
596 2146 682 2228 quod
699 2145 909 2228 promiseram
925 2145 1088 2213 Phaniaez

130 2239 239 2320 itaque
270 2239 303 2299 et
329 2235 498 2300 consilium
529 2233 652 2296 mutavi
682 2237 716 2297 01
743 2231 783 2296 ad
810 2237 843 2297 te
875 2235 986 2299 statim
1012 2257 1089 2300 mea

131 2347 230 2389 manu
257 2323 393 2406 scriptas
419 2322 543 2385 litteras
570 2320 655 2403 misi,
686 2342 766 2403 quas
793 2320 923 2405 quidem
953 2343 993 2387 ex
1018 2325 1089 2389 tuis

130 2412 244 2478 litteris
270 2410 413 2475 intellexi
440 2410 519 2473 satis
544 2370 670 2472 matuie
701 2407 742 2472 ad
773 2413 806 2472 te
834 2430 903 2473 esse
934 2411 1089 2494 perlatas.

96 2512 113 2560 0
131 2499 203 2565 Ηο0
222 2520 282 2585 000
301 2520 372 2564 meo
391 2498 478 2562 facto
496 2496 588 2561 valde
606 2495 755 2580 delector,
772 2496 856 2560 nihil
872 2498 960 2562 enim
976 2500 1090 2582 potnit

131 2589 201 2652 fieri
223 2588 398 2669 amantius3
420 2585 587 2650 considera
608 2604 695 2650 0000
717 2584 858 2648 vicissim
878 2588 984 2651 tuum:
1017 2608 1090 2652 000

131 2677 228 2741 modo
250 2677 296 2740 ibi
318 2696 386 2740 non
407 2673 511 2756 fuisti,
540 2673 596 2737 ubi
617 2694 669 2737 me
697 2672 956 2757 quamprimum
977 2673 1089 2741 videre

130 2785 256 2847 posses,
283 2764 340 2828 sed
362 2784 401 2827 eo
427 2760 615 2844 discessisti,
638 2781 702 2843 quo
725 2780 810 2861 ego·
808 2764 841 2824 te
867 2782 910 2824 ne
936 2765 1090 2847 persequi

132 2851 261 2933 quidem
286 2872 415 2934 possem
440 2849 578 2951 triginta
604 2811 730 2931 diebus,
757 2848 812 2932 qui
838 2849 899 2913 tibi
926 2849 967 2914 ad
997 2849 1090 2916 dece·

133 2937 273 3002 dendum
294 2939 375 3023 lege,
397 2941 434 3002 01
456 2938 585 3039 opinor,
607 2898 756 3002 Cornelia
779 2937 948 3002 constituti
970 2943 1091 3021 000001,

132 3030 171 3091 01
186 3030 279 3090 tuum
297 3026 488 3103 10010000,
506 3025 570 3112 qui,
588 3045 652 3109 quo
670 3024 778 3089 animo
795 3024 881 3088 inter
898 3047 959 3090 nos
977 3026 1091 3111 simus,

133 3116 300 3201 ignorant,
331 3114 428 3179 alieni
458 3074 613 3195 hominis,
645 3114 683 3176 ut
713 3111 872 3177 levissime
904 3113 1023 3199 dicem,
1055 3078 1092 3180 01

203 3272 256 3341 Ep.
276 3277 339 3338 6,2
376 3271 502 3338 tomello,
515 3269 735 3337 meti(W)?-
700 3269 885 3335 -suisce-
852 3270 1011 3340 -ηριιοά
1023 3271 1090 3326 de

134 3343 275 3398 cedere-
279 3357 382 3410 wop
406 3342 481 3409 (W..)
524 3341 562 3407 f..-
584 3339 703 3408 quod..
719 3340 873 3394 d.eoedere
899 3355 968 3410 resp.
992 3341 1090 3423 vulgo.

134 3419 163 3536 ᾗ
166 3498 183 3536 a
183 3415 325 3552 Υ0001000ιέ1
343 3411 407 3480 (V.).
450 3412 576 3482 10000001
593 3408 660 3464 ΜΒ.
704 3409 834 3465 levissime
850 3409 918 3480 (11..)
954 3411 1092 3468 10010010ιο
