2370 3878
334 174 592 237 EPISTOLARUM
610 175 684 231 XIII.
704 182 764 231 av·
775 185 818 232 cr.
987 178 1053 242 465

95 319 203 385 aditus
216 320 344 401 habeat,
363 339 443 401 quae
463 322 556 382 erunt
575 339 685 402 aequa,
704 319 824 384 libente
843 324 875 383 te
895 321 1053 404 impetret,

95 412 133 472 ut
154 429 260 471 meam
284 405 458 469 amicitiam
482 406 552 486 sibi,
575 406 672 470 etiam
691 430 790 491 quum
808 409 919 491 procul
940 409 1052 491 absim,

95 496 247 579 prodesse
271 494 402 576 sentiat,
425 494 614 576 praesertim
637 495 722 577 apud
744 500 791 560 te:
821 496 882 560 hoc
904 499 937 561 te
959 496 1052 559 vehe-
1121 514 1125 521 ⁴

96 588 223 648 menter
245 582 343 647 etiam
367 587 462 665 atque
486 582 583 645 etiam
605 587 695 666 'rogo

541 773 607 838 111.
834 850 836 854 Α

324 887 381 942 Ser.
400 887 504 940 Romae
524 901 595 938 anno
614 885 720 940 incerto
740 887 830 955 (6981)

265 1009 303 1063 M.
323 1007 451 1063 CICERO
471 1007 499 1062 C.
517 1007 687 1062 MUNATIO
707 1007 734 1062 C.
754 1007 784 1062 F.
805 1007 879 1062 SAL.

165 1107 200 1174 L.
223 1107 385 1171 Livineius
408 1106 537 1188 Trypho
566 1110 615 1170 est
638 1106 769 1170 omnino
791 1106 826 1170 L.
849 1106 978 1191 Reguli,
1006 1106 1052 1169 fa·
1073 1123 1086 1169 1

97 1196 309 1261 miliarissimi
341 1195 417 1277 mei,
453 1195 600 1276 libertus,
637 1195 726 1258 cuius
759 1196 923 1259 calamitas
956 1195 1052 1258 etiam

97 1284 322 1349 officiosiorem
349 1305 400 1346 me
429 1282 507 1345 facit
528 1283 563 1345 in
585 1282 676 1345 illum
699 1320 741 1328 -
764 1305 840 1347 nam
863 1283 1053 1346 benevolen-

96 1373 174 1456 tior,
202 1394 300 1456 quam
328 1392 453 1452 semper
474 1369 535 1452 fui,
567 1391 636 1434 esse
663 1393 729 1435 non
755 1393 887 1454 possum
911 1395 967 1453 -3
998 1370 1053 1434 sed

97 1481 160 1545 ego
178 1460 330 1524 libertum
349 1459 417 1522 eius
434 1479 492 1541 per
510 1479 543 1522 se
562 1459 668 1540 ipsum
687 1459 799 1543 dilig03
824 1482 949 1523 summa
968 1459 1052 1523 enim

97 1548 167 1612 eius
191 1568 268 1631 erga
289 1568 340 1610 me
365 1546 469 1611 officia
492 1546 685 1611 exstiterunt
706 1547 746 1611 iis
764 1548 883 1612 nostris
901 1548 1052 1631 tempori-

96 1637 173 1719 bus,
204 1635 320 1719 quibus
352 1634 502 1698 facillime
535 1635 791 1699 benevolentiam
822 1636 990 1700 hominum
1022 1639 1054 1698 et

97 1724 194 1787 fidem
221 1723 400 1806 perspicere
426 1723 526 1804 potui.
575 1723 661 1786 Eum
688 1724 748 1787 tibi
779 1725 825 1787 ita
856 1723 1087 1804 commendas

97 1814 136 1874 ut
161 1811 308 1875 homines
336 1810 421 1893 grati
444 1814 477 1873 et
502 1831 658 1874 memores
686 1811 768 1874 bene
798 1811 929 1875 mentos
958 1812 995 1875 de
1020 1831 1052 1872 se

98 1899 321 1963 commendare
341 1898 466 1961 debent.
502 1896 692 1981 Pergratum
711 1898 791 1961 mihi
809 1897 931 1981 feceris,
954 1899 982 1961 si
1000 1897 1052 1959 ille

97 1982 291 2050 intellexerit
314 2007 356 2068 se,
380 1985 465 2068 quod
487 2007 546 2067 pro
570 1986 672 2049 salute
694 2007 766 2049 mea
789 1987 890 2048 multa
912 1985 1054 2068 pericula

97 2075 221 2157 adierit,
245 2094 340 2156 saepe
362 2073 467 2136 hieme
491 2095 615 2137 summa
633 2074 801 2158 navigarit,
824 2095 883 2156 pro
901 2077 959 2137 tua
978 2092 1054 2156 erga

97 2184 150 2226 me
173 2162 396 2227 benevolentia
419 2165 547 2245 gratum
571 2163 668 2226 etiam
689 2161 751 2225 tibi
773 2162 893 2226 fecisse.

535 2355 617 2418 LXI.

362 2466 418 2521 Sor.
437 2466 467 2519 in
486 2465 584 2520 Cificia
601 2482 625 2520 a
644 2483 671 2521 n
690 2483 713 2520 c.
733 2471 791 2520 703.

280 2589 317 2643 Μ.
338 2588 466 2643 CICERO
487 2589 513 2643 S.
532 2589 564 2642 D.
584 2590 614 2644 P.
634 2589 728 2643 SILIO
747 2588 875 2644 PROPR.

165 2687 201 2752 T.
224 2687 341 2752 Pinnio
364 2689 612 2753 familiarissime
635 2711 686 2753 me
708 2710 801 2752 usum
825 2710 894 2754 esse
919 2689 998 2753 scire
1019 2693 1052 2753 te

51 2818 54 2823 ·
97 2777 250 2859 arbitror,
285 2777 370 2861 quod
403 2778 530 2861 quidem
558 2779 615 2841 ille
647 2780 839 2841 testamento
872 2777 1052 2861 declaravit,

97 2865 153 2948 qui
176 2885 227 2927 me
251 2887 350 2948 quum
372 2868 527 2948 tutorem,
554 2869 623 2928 tum
646 2865 744 2928 etiam
767 2866 941 2930 secundum
963 2866 1051 2930 here-

96 2953 170 3016 dem
188 2952 371 3017 instituerit.
408 2952 488 3016 llius
506 2953 571 3016 filio
591 2954 651 3015 roci
668 2954 748 3016 mire
770 2953 912 3018 studioso
931 2957 964 3018 et
983 2975 1052 3018 eru·

96 3040 165 3104 dito
190 3043 222 3103 et
244 3041 389 3105 modesto
412 3040 582 3124 pecuniam
604 3038 797 3105 Nicaeenses
821 3042 977 3124 grandem
1000 3043 1051 3105 de-

96 3129 183 3212 bent,
207 3128 247 3192 ad
267 3130 448 3193 sestertium
469 3129 619 3213 octogies,
642 3131 682 3210 et,
705 3131 741 3191 ut
760 3128 863 3210 audio,
886 3130 921 3191 in
939 3129 1050 3212 primis

93 3392 96 3397 -
167 3354 218 3424 Ep.
238 3362 280 3410 59.
308 3357 385 3424 apud
402 3361 440 3409 tc:
458 3357 507 3409 boc
526 3355 640 3424 (vulgo).
677 3373 703 3410 d.
722 3359 755 3419 tc,
774 3355 822 3407 doc
840 3353 870 3405 B.
908 3352 959 3421 Ep.
975 3359 1049 3421 60,1.

94 3426 706 3497 illum-acm...possam-;sed(W.).
743 3425 778 3488 r'.,·
796 3439 918 3476 nam...
930 3440 960 3490 p.
998 3423 1050 3478 Sed

95 3495 190 3565 vulgo.
209 3526 244 3535 -
261 3497 315 3563 fac.
335 3498 543 3551 bearooleotiam
562 3497 634 3564 (W).
672 3496 692 3562 f.
712 3493 835 3566 [bocardi
857 3493 882 3548 b.
900 3492 1006 3563 Klein,
1018 3494 1056 3549 s.

147 3583 259 3623 Ciceronis
272 3585 334 3631 epist
348 3585 367 3624 L
812 3591 848 3641 «ω
