2370 3878
174 178 241 243 660
431 175 610 233 EPISTOLA
629 174 662 243 Q.
679 173 874 231 CICERONIS

174 323 378 408 impeditum,
400 326 438 387 ut
459 322 565 387 facere
588 320 674 406 quod
696 320 846 406 promisit
868 322 1010 407 cupiat,
1034 322 1062 387 si
1083 324 1138 388 ullo

135 428 161 470 ⁴⁹
175 412 271 477 modo
299 412 409 495 possit.
455 410 517 493 Ac,
546 431 587 475 ne
613 410 723 474 uidear
749 409 923 475 aberrasse
949 432 971 475 a
997 410 1138 477 distribu·
1180 461 1185 496 -,

175 502 264 566 tione
292 521 377 583 mea,
408 499 463 581 qui
494 498 575 562 haec
605 498 641 562 in
666 497 728 562 hac
754 497 911 583 populari
938 503 1043 583 parte
1069 501 1138 584 peti·
1180 497 1185 594 l

175 589 274 654 tionis
298 588 470 671 disputem,
497 587 711 670 hocaequor,
738 586 960 651 haecomnia
984 609 1061 653 non
1081 592 1138 653 tan
1181 615 1185 686 q

176 677 216 741 ad
249 676 424 740 amicorum
456 675 562 739 studia
594 696 690 757 quam
722 673 762 738 ad
794 674 997 758 popularem
1026 677 1138 743 famam
1182 691 1185 752 l

174 764 344 849 pert-inere.
394 762 467 828 Etsi
498 763 585 827 inest
615 762 735 846 aliquid
762 782 801 826 ax
826 762 885 828 illo
918 784 1064 850 genere,
1094 766 1138 831 be
1184 787 1185 850 ff

174 853 273 936 nigne
305 851 511 935 respondere,
547 850 690 916 studiose
726 850 881 916 inservire
920 854 1076 938 negotiis
1108 875 1138 920 ac
1184 923 1185 926 ,

175 941 325 1024 periculis
352 940 541 1023 amicorum,
568 942 679 1003 tamen
700 938 763 1004 hoc
784 939 856 1004 loco
879 959 922 1004 ea
950 941 1047 1027 dico,
1079 944 1138 1028 qni·
1184 1017 1185 1040 ,

175 1029 236 1093 bus
263 1028 502 1093 multitudinem
529 1048 642 1111 capere
669 1027 787 1111 possis,
818 1029 856 1091 ut
882 1027 925 1092 de
953 1035 1061 1096 nocte
1090 1032 1138 1097 do·

175 1138 247 1181 mus
271 1117 478 1200 compleatur,
500 1119 537 1179 ut
558 1115 653 1179 multi
675 1137 732 1199 spe
754 1115 803 1179 tui
824 1116 984 1199 praesidii
1009 1122 1138 1185 tenean-

174 1208 237 1289 tur,
259 1208 296 1269 ut
318 1204 483 1269 amiciores
502 1204 560 1267 abs
579 1207 611 1267 te
630 1203 796 1269 discedant
813 1225 911 1287 quam
931 1210 1137 1291 accesserint,

175 1296 212 1357 ut
240 1293 569 1376 quamplurimorum
596 1312 689 1357 aures
719 1291 840 1376 optimo
868 1313 1029 1360 sermone
1058 1318 1136 1363 com·

197 1382 373 1446 leantur.·

132 1403 196 1568 {gp
242 1467 392 1552 Sequitur
415 1471 514 1554 enim,
536 1473 574 1535 ut
596 1470 634 1535 de
657 1492 783 1536 rumore
807 1471 982 1537 dicendum
1008 1475 1067 1558 sit,
1089 1475 1135 1540 cui

174 1558 311 1621 maxime
348 1558 550 1621 serviendum
586 1563 643 1622 est.
702 1557 778 1642 Sed,
813 1581 895 1643 quae
933 1560 1028 1627 dicta
1065 1568 1135 1629 sunt

175 1645 263 1711 omni
286 1645 448 1728 superiore
477 1647 635 1729 oratione,
662 1647 773 1711 eadem
803 1648 843 1712 ad
870 1669 1041 1715 rumorem
1065 1673 1133 1718 con·

174 1733 400 1799 celebrandum
427 1735 548 1799 valent:
581 1735 707 1800 dicendi
738 1736 821 1818 laus,
853 1736 963 1801 studia
991 1740 1132 1822 publica·

174 1844 292 1888 norum
315 1827 347 1887 et
370 1823 526 1906 equestris
550 1823 681 1907 ordinis,
702 1823 872 1888 hominum
893 1825 1061 1893 nobilium
1083 1851 1133 1894 vo·

173 1910 296 1995 luntas,
333 1911 644 1977 adolescentulorum
678 1911 876 1996 frequentia,
911 1934 1046 2000 eorum,
1081 1918 1133 2001 qui

174 1999 232 2063 abs
255 2002 288 2062 te
312 2000 435 2064 defensi
458 2003 547 2083 sunt,
570 2000 755 2085 assiduitas,
781 2020 820 2065 ex
842 2002 1032 2086 municipiis
1055 2007 1131 2070 mul·

172 2087 278 2152 titudo
311 2109 434 2172 eorum,
470 2109 551 2173 quos
582 2092 639 2154 tua
677 2109 774 2153 causa
808 2089 934 2154 venisse
967 2098 1133 2177 appareat,

173 2175 255 2240 bene
279 2181 306 2240 te
328 2180 364 2240 ut
385 2176 532 2241 homines
560 2199 669 2261 nosse,
697 2178 829 2242 comiter
852 2179 1034 2265 appellare,
1057 2183 1131 2246 assi·

173 2264 234 2328 due
267 2285 304 2329 ac
336 2265 506 2350 diligenter
538 2270 660 2350 petere,
690 2266 868 2351 benignum
899 2288 937 2330 ac
964 2266 1132 2334 liberalem

173 2372 242 2416 esse
271 2356 303 2415 et
329 2353 504 2435 loquantur
535 2358 568 2418 et
594 2355 791 2437 existiment,
822 2354 936 2419 domus
963 2360 1003 2421 ut
1030 2360 1132 2423 multa

172 2443 267 2504 nocte
282 2442 489 2525 compleatur,
508 2444 651 2507 omnium
670 2463 824 2528 generum
841 2442 1027 2527 frequentia
1046 2448 1132 2530 assit,

173 2527 310 2593 satisfiat
333 2528 479 2593 oratione
503 2531 660 2614 omnibus,
682 2553 717 2596 re
739 2552 898 2615 operaque
917 2533 1042 2619 multis,
1063 2556 1132 2620 per·

171 2617 299 2682 ficiatur
321 2617 368 2701 id,
391 2617 477 2701 quod
504 2617 572 2681 fieri
595 2622 715 2702 potest,
741 2621 852 2685 labore
875 2623 908 2684 et
930 2624 999 2686 arte
1024 2644 1065 2688 ao
1087 2624 1132 2688 di·

172 2705 323 2791 ligentia,
350 2727 418 2771 non
441 2710 478 2770 ut
501 2705 541 2770 ad
564 2707 720 2791 populum
743 2708 784 2771 ab
807 2708 846 2772 iis
869 2709 1021 2774 omnibus
1045 2713 1134 2777 fama

172 2794 354 2878 perveniat,
381 2793 436 2858 sed
464 2796 501 2857 ut
527 2794 561 2858 in
588 2795 628 2858 iis
657 2795 771 2859 studiis
798 2797 936 2881 populus
962 2798 1035 2882 ipse
1064 2823 1134 2865 ver·

132 2899 159 2944 or
174 2885 270 2945 setun.
314 2880 384 2945 Iam
407 2882 566 2948 urbanam
588 2883 678 2947 illam
700 2885 939 2949 multitudinem
962 2890 997 2950 et
1019 2909 1135 2954 comm

173 2969 293 3054 studia,
320 2969 375 3053 qui
402 2972 573 3036 conciones
600 2975 727 3057 tenent,
754 2973 889 3058 adeptus
916 2993 951 3038 es
977 2975 1013 3039 in
1037 2975 1134 3044 Porn-

173 3161 255 3229 OE1·f.;
275 3161 324 3217 Ox.
344 3161 376 3217 Τ.
396 3164 425 3216 et
443 3162 504 3217 edd.
524 3165 602 3231 vett,
622 3164 670 3218 sed
688 3165 725 3218 iic
804 3166 841 3220 iia
859 3168 888 3221 et
905 3182 938 3219 eu
955 3172 1061 3237 cuasa).
1099 3173 1136 3239 ci,

172 3234 370 3370 tuddul
392 3234 522 3358 {lutri
535 3250 652 3372 itit*
672 3236 803 3360 itti?
825 3253 846 3290 ⁶‘
865 3237 1027 3362 duit
1048 3242 1136 3367 itit

172 3319 195 3427 i.
215 3374 259 3440 (ei,
277 3346 354 3442 qieem
371 3390 396 3428 o.
415 3375 434 3427 i.
449 3391 471 3428 c.
485 3346 543 3429 iam
557 3322 694 3429 'lucriq—
713 3322 987 3446 exacuitiddiqm,
1005 3351 1036 3449 q..
1048 3397 1089 3449 a,
1107 3401 1134 3452 q.

173 3444 301 3566 ethuem
319 3460 344 3499 v.
362 3460 395 3501 ea
412 3459 435 3501 c.
453 3445 485 3500 B.
524 3451 565 3515 13,
580 3450 622 3500 50.
646 3459 700 3503 esse
717 3451 742 3501 ct
760 3448 907 3517 loquantur
925 3449 1000 3519 (Ν).
1038 3466 1095 3507 esse
1114 3456 1134 3508 l.

172 3531 209 3569 vu
221 3531 266 3587 go.
