2370 3878
225 176 292 241 652
484 174 662 231 EPISTOLA
681 174 713 239 Q.
731 172 941 231 CICERONIS

226 324 421 387 studuerunt
446 321 522 385 huic
549 321 687 406 gratiae,
707 324 820 385 tamen
848 342 895 385 ex
924 324 1089 407 tempore
1107 321 1182 388 elabo

227 432 298 475 rare
322 410 390 474 eius
413 430 524 492 causa,
546 410 598 475 cui
620 408 738 472 debent
761 412 819 473 aut
841 409 989 495 volunt,
1020 411 1116 476 facile
1135 432 1182 495 poe

227 502 316 563 sunt:
338 498 389 561 his
412 497 580 562 hominum
603 496 774 582 generibus
796 496 845 559 sic
865 497 1128 565 inserviendum
1147 503 1184 583 est,

227 591 265 650 ut
286 586 348 669 ipsi
371 584 556 669 intelligant
577 588 609 649 te
633 585 753 667 videre,
780 583 858 667 quid
885 607 908 648 a.
935 607 1081 672 quoque
1103 608 1184 671 exspe-

228 676 309 753 ctes,
335 673 468 755 sentire,
495 670 571 755 quid
595 672 747 756 accipias,
773 672 987 758 meminisse,
1019 675 1104 759 quid
1123 698 1140 741 a
1160 704 1174 730 ιι

227 760 326 843 peris3
353 764 431 824 sunt
457 766 566 825 autem
593 762 661 842 alii,
688 760 744 843 qui
770 763 828 824 aut
853 759 947 825 nihil
976 767 1129 847 possunt
1149 786 1185 828 ιι·

228 848 325 911 etiam
348 848 422 913 odio
446 852 522 912 sunt
543 848 716 914 tribulibus
739 847 805 912 suis
828 868 892 911 nec
916 848 1061 916 habent
1083 858 1140 917 tan
1158 880 1181 908 ιιι

228 936 328 999 animi
350 941 407 1000 aut
429 936 609 1017 facultatis,
631 940 668 1001 ut
689 934 856 999 enitantur
877 956 922 1000 ex
946 940 1185 1024 temporezb11

227 1029 266 1087 ut
288 1024 498 1107 internoscas,
520 1024 700 1108 videtque
724 1044 781 1108 spe
803 1024 839 1087 in
857 1024 977 1107 aliquo
1000 1029 1133 1095 maiore
1160 1059 1178 1087 ιι

188 1103 291 1209 ,⁷5sita
323 1112 474 1196 praesidii
505 1133 620 1195 parum
648 1114 860 1196 comparetur.
905 1110 973 1196 Et,
1004 1138 1162 1202 quamqu
1177 1149 1185 1173 ιι

228 1200 330 1283 partis
352 1221 390 1263 ac
412 1200 557 1264 fundatis
574 1200 723 1265 amicitiis
741 1199 862 1263 fretum
879 1219 920 1264 ao
940 1205 1124 1271 munitum
1140 1228 1177 1270 ιι

229 1291 370 1371 oportet,
398 1292 508 1351 tamen
530 1288 565 1351 in
587 1288 659 1371 ipsa
680 1288 836 1372 petitione
863 1288 1044 1356 amicitiae
1069 1316 1171 1378 perm

228 1379 280 1439 ιιι
304 1396 341 1439 ac
364 1376 517 1459 perutiles
546 1379 786 1461 comparantur,
814 1395 891 1439 nam
918 1377 959 1441 in
988 1383 1121 1447 ceteris
1143 1405 1182 1447 m·

228 1463 330 1526 lestiis
352 1463 452 1527 habet
473 1464 536 1528 hoc
558 1468 669 1527 tamen
691 1464 805 1547 petitio
828 1465 1008 1550 commodi,
1036 1474 1081 1534 ut
1103 1492 1179 1555 :po:

228 1549 378 1629 honeste,
404 1551 490 1633 quod
513 1552 548 1614 in
571 1556 676 1616 cetera
699 1553 766 1616 vito
787 1572 855 1617 non
877 1573 999 1636 queas,
1030 1578 1142 1640 quoso
1170 1590 1182 1615 ι

229 1658 290 1721 que
322 1637 401 1701 velis
433 1637 608 1723 adiungere
639 1639 680 1703 ad
712 1639 902 1721 amicitiam,
935 1641 1150 1724 quibuscum
1181 1677 1184 1702 ι

229 1726 293 1790 alio
320 1730 465 1811 tempore
491 1747 585 1811 agas,
615 1730 711 1792 utto
737 1730 886 1810 utantur,
913 1727 1068 1797 absurde
1099 1736 1170 1800 face

228 1815 370 1898 videare,
400 1815 614 1899 inpetitione
646 1819 754 1880 autem
784 1815 848 1879 nisi
875 1815 909 1878 id
936 1836 1025 1901 agas
1063 1826 1102 1887 et
1134 1845 1152 1888 c
1180 1853 1183 1880 ι

229 1903 339 1967 multis
371 1906 404 1967 et
435 1903 620 1989 diligenter,
655 1904 764 1968 nullus
794 1903 915 1987 petitor
946 1925 1023 1970 esse
1061 1910 1185 1976 videar

189 2004 215 2046 ιι
228 1989 301 2075 Ego
324 1993 433 2056 autem
459 1992 519 2056 tibi
545 1991 608 2057 hoo
631 1992 800 2075 confirmo,
826 2011 895 2056 esse
919 1994 1114 2082 neminem,
1142 2022 1185 2064 m:

229 2080 337 2163 aliqua
359 2079 593 2144 necessitudine
612 2080 860 2163 competitorum
878 2079 976 2143 alicui
995 2085 1142 2151 tuorum
1161 2110 1176 2152 s

229 2167 413 2253 adiunctus,
439 2190 459 2233 a
481 2190 544 2253 qno
568 2190 635 2233 non
657 2168 765 2251 facile,
791 2168 820 2233 si
841 2168 1071 2256 contenderis,
1101 2175 1182 2260 imp

228 2260 315 2321 trare
341 2258 460 2341 possis,
491 2261 528 2322 ut
555 2278 613 2323 suo
640 2256 795 2322 beneficio
822 2260 1067 2343 promereatur,
1097 2284 1135 2327 ιι
1164 2286 1184 2327 u

229 2366 317 2407 ames
336 2350 369 2407 et
387 2346 449 2409 sibi
467 2350 503 2410 ut
521 2345 647 2428 debeas,
669 2345 765 2410 modo
783 2346 821 2409 ut
837 2343 1003 2429 intelligat
1025 2349 1063 2411 te
1084 2372 1179 2436 mags

230 2432 399 2496 aestimare
422 2454 461 2495 ex
484 2435 592 2498 animo
616 2454 720 2518 agere,
742 2433 823 2497 bene
846 2454 880 2497 se
903 2453 1036 2516 ponere,
1059 2436 1139 2503 fore
1160 2461 1178 2503 ι

229 2542 268 2586 eo
295 2543 364 2586 non
390 2520 519 2586 brevem
548 2524 582 2582 et
609 2520 882 2605 suifragatoriam,
912 2520 968 2583 sed
995 2522 1135 2591 firmam
1166 2548 1182 2591 ι

189 2633 215 2673 ιι
231 2614 418 2695 perpetuam
445 2607 627 2673 amicitiam.
670 2606 775 2671 Nemo
804 2609 879 2692 erit,
905 2608 985 2672 mihi
1013 2612 1185 2698 crede,1.

231 2720 294 2782 quo
317 2698 413 2763 modo
437 2695 557 2781 aliquid
580 2695 631 2779 sit,
653 2696 709 2780 qui
730 2695 794 2761 hoe
811 2701 938 2780 tempus
959 2696 1022 2760 sibi
1041 2700 1162 2767 oblatu
1181 2731 1185 2760 ι

230 2786 389 2850 amicitiae
417 2790 524 2848 tecum
551 2784 795 2850 constituendae
818 2785 1069 2870 praetermittat,
1100 2812 1181 2873 prae

231 2874 341 2937 sertim
369 2893 471 2964 quum
502 2873 563 2939 tibi
594 2873 657 2944 boc
684 2894 777 2938 casus
804 2873 931 2956 afferat,
962 2875 999 2937 ut
1025 2874 1051 2938 ii
1080 2879 1185 2943 ιιιιιι

230 2964 357 3045 petant,
384 2981 521 3043 quorum
547 2962 688 3026 amicitia
716 2964 773 3025 aut
794 2960 1032 3027 contemnenda
1058 2968 1121 3029 aut
1144 2966 1180 3031 fu

231 3050 349 3135 manda
375 3049 432 3133 sit,
458 3053 491 3113 et
518 3050 573 3132 qui
599 3050 676 3133 boo,
702 3049 788 3133 quod
816 3070 876 3133 ego
903 3053 935 3114 te
964 3049 1093 3134 hortor,
1124 3076 1184 3120 no.

190 3160 218 3203 ιι
231 3137 327 3202 modo
341 3137 478 3221 assequi,
495 3136 552 3201 sed
570 3155 611 3201 ne
628 3138 769 3223 incipere
788 3137 916 3221 quidem
929 3137 1065 3221 possint.
1102 3139 1184 3206 Νι.

302 3300 327 3362 6,
341 3299 385 3349 24.
421 3296 510 3349 animi
527 3299 578 3350 aut
599 3294 620 3361 f.
643 3295 758 3365 (vulgo).
800 3313 826 3350 a.
845 3311 879 3350 oc
895 3297 916 3362 s.
934 3294 1007 3362 Eri„
1024 3292 1056 3348 B.
1105 3303 1132 3365 ⁷,
1148 3304 1183 3353 25

231 3365 371 3430 commodi,
389 3369 421 3419 ιιι
433 3365 525 3434 possis
543 3366 601 3432 (vul
623 3368 657 3432 o).
699 3382 735 3418 c.:
749 3370 827 3437 poteo
844 3365 911 3434 nrt,
930 3372 945 3418 2
961 3365 1082 3432 Gruteri,
1101 3366 1136 3421 B.

230 3440 264 3492 at
281 3440 306 3489 ιι
323 3439 440 3489 matur
458 3435 574 3505 (vulgo).
603 3384 665 3490 dm.
683 3435 750 3503 Erf,
769 3435 879 3490 2Grut
916 3436 961 3507 [at
977 3441 1002 3490 te
1019 3434 1060 3505 ιι]
1079 3436 1112 3490 Β.
1147 3444 1183 3494 26

231 3507 290 3564 nisi
306 3504 418 3574 Medd.
437 3504 587 3577 Palermi)‘l
622 3506 680 3561 nisi
697 3506 723 3560 si
739 3506 789 3575 qui
806 3506 893 3574 (Ἧι
928 3506 986 3562 nisi
1002 3507 1051 3574 qai
1069 3506 1118 3573 (W
1120 3510 1159 3567 l?

328 3639 423 3792 f
