2370 3878
127 156 192 219 448
410 156 446 209 Μ.
467 155 589 209 TULLII
607 154 798 210 CICERONIS

127 301 267 366 hominis
290 299 486 363 memoriam.
522 297 635 382 Itaque
658 299 741 362 nihil
763 303 795 363 te
820 299 933 365 doceo:
957 303 1085 366 tantum

127 390 188 453 tibi
211 389 328 452 sumito
350 408 409 471 pro
434 385 591 470 Capitone
615 387 700 470 apud
723 385 903 471 Caesarem,
926 392 1085 472 quantum

94 478 234 560 {ipsum
262 475 444 539 meminisse
472 475 599 538 senties.
645 474 730 559 Ego,
758 476 843 558 quod
870 476 906 539 in
933 499 987 540 me
1016 478 1084 561 ipso

128 564 265 647 experiri
287 563 392 647 potui,
420 562 497 626 adt
483 566 515 626 te
544 563 735 644 deferam3'
726 584 760 626 ιιι
789 585 826 627 eo
855 569 1017 648 quantum
1045 566 1085 630 sit

127 652 292 737 ponderis,
323 655 360 714 tu
391 652 526 715 videbis:
559 673 656 734 quam
683 652 869 746 partemin
896 654 1084 737 republica

129 761 321 823 causamque
345 739 555 822 defenderim,
581 759 640 822 per
662 759 743 822 quos
749 736 917 804 homines
943 741 1083 806 ordines-

129 850 262 911 quee
214 831 262 892 ste
263 828 357 892 terim
380 827 559 911 quibusque
582 827 727 891 munitus
749 826 879 910 fuerim,
901 850 970 893 non
993 830 1083 914 igno-

128 938 194 1000 ras3
220 917 283 981 hoc
310 916 390 980 mihi
420 915 516 979 velim
544 915 667 999 eredas,
700 915 727 978 si
755 917 831 999 quid
862 879 996 981 fecerim
1024 919 1083 982 hoe

128 1005 199 1088 ipso
227 1005 262 1069 in
289 1004 373 1068 bello
406 1004 512 1066 minus
545 1024 584 1066 ex
606 1001 752 1067 Caesaris
784 1004 965 1089 voluntate,
999 1007 1083 1089 quod

127 1093 339 1157 intellexerim
363 1092 442 1156 seire
465 1091 571 1174 ipsum
590 1089 759 1155 Caesarem
782 1113 833 1155 me
855 1093 1084 1158 invitissimum

128 1182 255 1266 fecisse,
282 1181 316 1244 id
338 1179 451 1244 fecisse
475 1179 610 1244 aliorum
634 1180 783 1263 consilio,
804 1180 900 1245 horta
866 1184 951 1265 tatu,
975 1187 1082 1246 aueto-

128 1271 237 1353 ritate,
260 1269 346 1352 quod
363 1268 480 1332 fuerim
493 1267 688 1332 moderattror
701 1269 972 1353 temperatiorque
987 1292 1083 1354 quarn

127 1359 163 1420 in
186 1379 224 1421 ea
246 1360 338 1440 parte
362 1356 539 1439 quisquam,
561 1355 594 1420 id
616 1377 668 1419 me
685 1355 799 1419 fecisse
818 1357 956 1421 maxime
975 1362 1082 1422 auoto-

127 1445 223 1509 ritate
191 1442 427 1527 tCapitonis,
454 1444 543 1508 euius
572 1444 690 1507 similes
719 1443 748 1506 si
770 1444 910 1527 reliquos
938 1467 1082 1510 necessa-

128 1534 194 1596 rios
216 1532 411 1615 habuissem,
432 1532 479 1594 rei
501 1532 648 1615 publicae
666 1531 803 1596 fortasse
822 1533 982 1617 nonnihil,
1005 1535 1083 1598 mihi

93 1639 110 1690 8
129 1624 214 1685 certe
236 1620 410 1703 plurimum
432 1620 632 1702 profuissem.
672 1619 767 1683 Hanc
789 1642 866 1703 rem,
889 1622 933 1685 mi
955 1621 1083 1705 Plance,

129 1709 156 1773 si
188 1709 341 1791 effeceris,
372 1729 477 1771 meam
509 1708 547 1771 de
579 1712 637 1772 tua
669 1729 745 1792 erga
777 1729 828 1774 me
857 1708 1083 1775 benevolentia

129 1819 219 1881 spem
242 1796 489 1880 confirmaveris,
511 1797 617 1880 ipsum
631 1793 831 1880 Capitonem,
854 1797 1083 1882 gratissimum,

128 1885 412 1969 officiosissimum,
439 1884 597 1968 optimum
619 1884 735 1968 virum,
766 1884 807 1948 ad
833 1887 923 1948 tuam
946 1887 1083 1951 necessi·

128 1976 274 2041 tudinem
295 1978 353 2042 tuo
377 1995 502 2040 summo
526 1972 680 2037 beneficio
704 1972 896 2038 adiunxeris.

551 2165 654 2230 XXX.

410 2278 467 2333 Ser.
486 2279 592 2333 Romae
611 2295 636 2332 a.
654 2296 680 2332 u.
701 2294 723 2331 c.
744 2284 802 2333 708.

301 2400 428 2457 CICERO
447 2401 567 2457 ACILIO
586 2400 815 2456 PROCONSULI
834 2399 909 2455 SAL.

95 2513 110 2562 ι
195 2501 231 2566 L.
253 2500 394 2566 Manlius
418 2504 467 2566 est
489 2500 591 2566 Sosis:
614 2502 642 2565 is
664 2501 728 2564 fnit
741 2497 932 2583 Catinensis,
955 2499 1013 2564 sed
1036 2504 1085 2564 est

129 2613 194 2655 una
213 2613 286 2655 cum
304 2591 435 2674 reliquis
453 2588 677 2673 Neapolitanis
696 2589 773 2652 civis
792 2588 959 2653 Romanus
978 2588 1085 2652 factus

130 2679 320 2763 decurioque
342 2677 494 2763 Neapoli,
521 2678 698 2742 eratenim
721 2677 879 2760 ascriptus
902 2676 993 2739 inid
1017 2699 1085 2741 mu-

129 2767 283 2851 nicipium
316 2770 390 2831 ante
423 2766 585 2830 civitatem
617 2765 711 2830 sociis
745 2768 777 2829 et
808 2763 933 2829 Latinis
966 2764 1086 2829 datam.

129 2854 209 2919 Eius
240 2855 340 2919 frater
372 2853 505 2919 Catinae
537 2876 640 2939 nuper
671 2855 816 2918 mortuus
849 2856 906 2918 est.
950 2850 1087 2917 Nullam

130 2943 262 3007 omnino
286 2943 479 3008 arbitramur
506 2943 544 3006 de
573 2965 611 3006 ea
632 2941 810 3007 hereditate
834 2942 1088 3006 controversiam

131 3052 203 3095 eum
229 3031 430 3114 habiturum,
457 3035 490 3095 et
516 3035 566 3095 est
592 3031 688 3095 hodie
710 3031 746 3093 in
767 3030 876 3113 bonis,
909 3030 978 3112 sed,
1008 3052 1088 3115 quo-

130 3120 218 3183 niam
240 3119 340 3184 habet
361 3124 527 3203 praeterea
549 3119 682 3203 negotia
703 3120 813 3183 vetera
835 3119 870 3181 in
890 3115 999 3182 Sicilia
1022 3123 1089 3200 tua,

131 3212 164 3272 et
184 3208 269 3273 hanc
296 3208 507 3273 hereditatem
534 3207 712 3270 fraternam
739 3211 769 3271 et
794 3206 903 3271 omnia
931 3207 998 3270 eius
1027 3205 1088 3270 tibi

190 3398 242 3469 E
266 3406 313 3469 29
343 3408 366 3457 7.
403 3401 520 3458 videbis
551 3402 729 3471 quam(W.).
711 3404 1083 3476 lvOuless‘l-

95 3417 313 3605 simmaea
326 3472 433 3546 (W)
434 3473 521 3530 ‚Hoc
534 3473 682 3545 rnlgo—
701 3475 793 3542 secisse
805 3492 846 3530 me
864 3477 983 3532 oliorum
998 3476 1052 3545 (W.
1054 3479 1084 3545 >2
