2370 3878
316 183 576 238 EPISTOLARUM
594 182 654 238 XV.
674 191 698 238 4.
719 189 743 238 5.
943 185 1008 248 513

52 328 139 413 quod
163 329 190 392 si
212 329 367 412 triumphi
394 329 653 413 praerogativam
679 332 774 412 putas
803 331 1008 413 supplicatio-

52 440 129 482 nem
147 417 313 480 etidcirco
334 439 442 480 casum
461 417 570 501 potius
589 439 685 500 quam
705 420 737 481 te
756 419 881 482 laudari
898 420 1009 501 mavis,

53 526 157 588 neque
181 505 448 589 supplicationem
471 506 614 588 sequitur
633 527 758 590 semper
776 507 958 591 triumphus
977 513 1009 570 et

54 593 218 676 triumpho
242 594 343 657 multo
368 594 484 658 elarius
505 597 554 657 est
573 597 720 658 senatum
738 594 878 659 iudicare
901 595 1009 678 potius

54 682 301 746 mansuetudine
324 685 357 745 et
379 682 565 746 innocentia
585 683 787 767 imperatoria
810 684 1009 767 provinciam

54 792 151 853 quam
174 771 206 834 vi
230 770 368 834 militum
392 773 448 835 aut
469 771 671 855 benignitate
695 771 828 836 deorum
850 776 1010 835 retentam

54 862 151 941 atque
185 862 406 922 conservatam
438 880 520 942 esse,
548 860 633 942 quod
661 880 721 944 ego
749 881 820 924 mea
851 861 1010 925 sententia

55 947 235 1010 censebam.
284 946 391 1030 Atque
419 947 499 1012 haec
527 968 587 1032 ego
615 948 733 1012 idoiroo
766 947 806 1012 ad
838 951 870 1011 te
898 951 1045 1014 contras
1162 968 1176 991 ·

56 1034 321 1099 consuetudinem
339 1057 444 1099 meam
462 1037 607 1120 pluribus
627 1036 748 1120 scripsi,
770 1039 815 1119 ut,
839 1036 923 1118 quod
946 1059 1011 1100 ma-

55 1124 139 1187 xime
168 1124 257 1207 volo,
289 1123 449 1188 existimes
472 1145 523 1187 me
550 1125 710 1202 laborare,
738 1129 775 1188 ut
801 1124 861 1187 tibi
879 1145 1012 1276 (gereba-

57 1211 150 1276 deam
172 1233 223 1275 me
247 1215 280 1275 et
306 1212 444 1276 voluisse
477 1212 516 1276 de
538 1215 595 1276 tua
621 1213 803 1296 maiestate,
835 1213 920 1295 qud
947 1235 1012 1276 am·

57 1300 237 1382 plissimum
271 1322 341 1364 sum
373 1301 561 1383 arbitratus,
598 1306 646 1385 et,
678 1302 763 1384 quod
794 1303 831 1365 tu
863 1301 1013 1384 maluisti,

58 1387 179 1452 laetum
207 1409 276 1452 esse
304 1388 451 1473 gaudere.
496 1386 578 1454 Vale
601 1394 635 1453 et
655 1412 715 1454 nos
743 1390 840 1474 dilige
864 1392 896 1453 et
922 1389 1012 1452 insti-

58 1479 129 1541 tuto
153 1477 267 1540 itinere
291 1477 494 1541 severitatem
518 1478 779 1562 diligentiamque
799 1478 893 1543 sooiis
912 1481 944 1542 et
966 1479 1014 1542 rei

59 1564 205 1646 publicae
228 1568 365 1649 praesta.

504 1777 561 1841 VI.

61 1886 118 1940 Sor.
143 1886 172 1940 in
195 1886 294 1940 Cilicia
315 1902 410 1940 mense
429 1886 563 1951 Quinotili
575 1887 643 2012 ,gil
663 1887 734 1942 Non.
757 1887 803 1942 vel
825 1887 921 1956 paullo
940 1890 1014 1956 post)

442 1973 466 2011 a.
486 1976 512 2011 u.
532 1975 554 2013 o.
628 1999 633 2010 .

286 2082 323 2135 M.
343 2081 470 2137 CICERO
491 2081 517 2136 S.
536 2081 569 2135 D.
588 2081 625 2134 Μ.
644 2080 788 2135 CATONI.

44 2187 45 2191 ’
127 2179 263 2264 „Laetus
287 2204 358 2246 sum
380 2183 505 2247 laudari
523 2179 601 2265 me“,
622 2181 729 2264 inquit
746 2179 877 2265 Hector,
900 2182 1014 2265 opinor
1036 2199 1048 2246 1

28 2331 31 2337 .
62 2269 147 2352 apud
170 2268 338 2352 Naevium,
364 2271 440 2353 „abs
462 2274 509 2354 te,
531 2273 632 2353 pater,
655 2291 674 2333 a
696 2270 827 2335 laudato
849 2270 950 2353 viro“;
966 2284 1015 2334 ‘ea

62 2361 111 2421 est
139 2357 225 2420 enim
252 2358 396 2441 profecto
424 2359 563 2422 iucunda
589 2359 673 2442 laus,
701 2380 782 2442 quae
810 2359 850 2422 ab
880 2359 919 2423 iis
943 2382 1014 2442 pro-

60 2445 223 2527 ficiscitur,
246 2446 300 2528 qui
324 2447 386 2532 ipsi
408 2447 442 2509 in
464 2447 558 2510 laude
582 2447 738 2511 vixerunt.
774 2446 846 2532 Ego
871 2469 945 2512 vero
965 2449 1016 2511 vel

62 2532 279 2617 gratulatione
302 2535 481 2598 litterarum
504 2539 633 2599 tuarum
655 2536 706 2599 vel
728 2536 921 2601 testimoniis
945 2556 1014 2598 sen-

61 2621 181 2685 tentiae
215 2622 317 2686 diotae
349 2623 431 2687 nihil
463 2627 512 2687 ert
544 2623 630 2708 quod
661 2645 712 2688 me
740 2645 807 2688 non
836 2626 1015 2688 assecutum

60 2712 180 2792 putem,
202 2710 297 2793 idque
320 2711 400 2774 mihi
423 2734 521 2794 quum
545 2712 787 2796 amplissimum,
808 2715 878 2775 tum
901 2712 1015 2796 gratis-

62 2797 178 2861 simum
192 2802 249 2880 est,
267 2802 299 2862 te
314 2800 451 2863 libenter
465 2800 623 2863 amicitiae
639 2799 772 2884 dedisse,
791 2800 876 2883 quod
894 2800 1014 2884 liquido

61 2885 189 2949 veritati
222 2886 322 2950 dares.
374 2886 432 2970 Et,
463 2889 491 2950 si
522 2908 589 2952 non
620 2887 716 2951 modo
749 2910 873 2972 omnes,
905 2910 1016 2952 verum

30 3005 33 3009 v
61 2973 158 3036 etiam
186 2975 280 3037 multi
307 2972 446 3039 Catones
474 2978 582 3038 essent
608 2975 643 3038 in
675 2975 804 3039 civitate
827 2979 951 3058 nostra,
981 2977 1016 3038 in

61 3083 125 3144 qua
147 3084 248 3125 unum
271 3063 429 3127 exstitisse
448 3063 593 3126 mirabile
613 3066 670 3146 est,
694 3085 788 3146 quem
807 3085 866 3148 ego
874 3058 1015 3127 'ourrum

61 3152 118 3212 aut
141 3171 237 3232 quarn
258 3151 401 3215 lauream
425 3172 496 3215 oum
519 3154 576 3215 tua
602 3151 787 3216 laudatione
816 3150 1014 3216 conferrem?

60 3258 138 3300 num
157 3237 197 3300 ad
215 3260 321 3303 meum
340 3260 469 3304 sensum
485 3242 518 3303 et
540 3240 580 3303 ad
598 3239 677 3303 illud
701 3241 859 3304 sincerum
883 3258 920 3301 ao
943 3241 1015 3302 sub-

59 3324 117 3387 tile
140 3325 292 3390 iudieium
315 3327 396 3390 nihil
419 3331 527 3410 potest
550 3349 618 3391 esse
640 3328 832 3391 laudabilius
859 3348 955 3410 quam
978 3348 1015 3389 ea
1043 3392 1046 3396 ,

132 3515 183 3584 Ep.
203 3523 227 3584 5,
243 3524 267 3570 3.
304 3533 364 3572 sum
382 3519 534 3574 arbitratus
552 3518 616 3589 (N.).
654 3519 706 3574 dm
725 3535 752 3575 a.
766 3518 841 3574 nu.

110 3602 223 3642 Ciceronis
237 3605 299 3652 aput,
312 3606 331 3646 L
782 3615 820 3664 33
