2370 3878
347 110 606 167 EPISTOLARUM
623 111 656 165 V.
677 117 718 166 20.
948 110 1011 174 153

51 263 90 323 tu
119 258 327 341 deposueras,
356 254 491 339 Sestius3
519 256 574 320 sed
600 255 663 321 hoc
691 255 731 319 ad
757 258 791 319 te
814 254 896 319 nihil
918 255 1011 318 intel-

51 347 121 431 ligo
145 346 319 429 pertinere:
342 345 421 408 illud
440 366 490 408 me
509 366 577 409 non
595 343 858 408 animadvertisse
877 344 1011 407 moleste

53 434 187 517 ferrern,
214 437 250 496 ut
278 433 469 496 ascriberem
495 436 527 496 te
555 433 590 495 in
617 433 694 496 fano
726 432 896 515 pecuniam
922 431 1012 496 iussu

53 543 127 587 meo
152 521 350 605 deposuisse,
378 521 440 584 nisi
463 521 527 584 ista
548 520 685 604 pecunia
708 520 905 604 gravissimis
929 525 1013 584 esset

55 609 307 692 certissimisque
338 608 557 674 monumentis
589 611 722 691 testata,
754 609 805 672 cui
828 609 917 692 data,
949 630 1012 691 quo

56 702 189 762 senatus
213 696 374 779 consulto,
404 697 519 780 quibus
542 697 620 780 tuis,
647 696 762 780 quibus
790 696 869 760 meis
897 696 1013 760 litteris

55 785 91 849 P.
124 783 230 850 Sestio
261 785 382 849 tradita
414 789 512 868 esset3
548 806 630 868 quae
662 806 761 868 quum
792 785 932 849 viderem
964 788 1015 850 tot

57 874 204 958 vestigiis
227 873 392 957 impressa,
415 877 453 937 ut
474 874 510 936 in
531 873 571 937 iis
595 873 694 937 errari
716 894 784 936 non
806 877 925 956 posset,
947 894 1014 936 non

57 962 192 1046 ascripsi
222 961 269 1045 id,
302 961 388 1044 quod
418 965 476 1024 tua
503 960 585 1024 nihil
612 960 784 1043 referebat3
817 981 877 1044 ego
904 963 1015 1023 tamen

58 1049 244 1134 ascripsisse
267 1050 405 1132 mallem,
429 1049 582 1132 quoniam
603 1049 636 1112 id
658 1052 691 1112 te
710 1048 803 1112 video
827 1046 1015 1111 desiderare.

59 1135 149 1201 Sicut
181 1137 306 1221 scribis,
338 1137 399 1200 tibi
428 1137 462 1200 id
495 1158 563 1200 esse
595 1136 811 1217 referendum,
842 1136 920 1199 item
946 1135 1050 1218 ipseo

59 1225 178 1308 sentio,
208 1246 313 1308 neque
344 1225 380 1288 in
411 1246 449 1289 eo
482 1224 656 1308 quidquam
683 1247 703 1288 a
730 1223 808 1288 meis
836 1223 1015 1287 rationibus

59 1312 288 1396 discrepabunt
309 1317 398 1395 tuae3
421 1313 518 1377 addes
542 1313 628 1376 enim
650 1316 696 1396 tu,
718 1333 790 1377 meo
808 1313 907 1395 iussu,
930 1312 1016 1395 quod

57 1421 131 1488 ego,
154 1401 210 1483 qui
232 1423 299 1465 non
322 1401 439 1485 addidi,
461 1422 521 1465 nec
544 1405 708 1465 causaest
731 1422 787 1464 cur
809 1421 926 1486 negem
949 1421 1016 1481 nec,

60 1490 88 1553 si
111 1510 209 1553 causa
232 1491 316 1552 esset
339 1494 371 1552 et
393 1493 430 1553 tu
453 1489 565 1573 nolles,
587 1509 748 1574 negarem.
784 1488 870 1553 Nam
894 1488 932 1552 de
951 1487 1016 1552 HS.

60 1577 236 1661 nongentis
259 1576 389 1641 milibus
413 1581 498 1641 certe
520 1578 567 1641 ita
590 1578 727 1642 relatum
751 1581 808 1660 est,
832 1582 868 1640 ut
890 1579 927 1640 tu
951 1577 1016 1639 sive

60 1665 162 1728 frater
184 1667 260 1728 tuus
282 1664 394 1728 referri
417 1666 532 1748 voluit3
556 1665 620 1749 sed,
644 1665 765 1749 siquid
784 1669 841 1749 est,
865 1665 1017 1747 quoniam

62 1753 101 1816 de
124 1752 273 1837 †logaeo
300 1775 414 1836 parurn
436 1755 602 1837 provisum
624 1758 685 1837 est,
713 1753 799 1836 quod
827 1773 887 1835 ego
911 1753 946 1814 in
968 1774 1017 1815 ra-

61 1840 205 1903 tionibus
228 1840 403 1904 referendis
427 1842 524 1905 etiam
542 1863 629 1905 nunc
648 1842 807 1924 corrigere
829 1839 960 1922 possim,
979 1839 1017 1902 de

62 1949 101 1992 eo
124 1927 214 2012 mihi,
236 1929 388 2011 quoniam
411 1933 541 1992 senatus
564 1929 712 1992 consulto
739 1950 807 1992 non
834 1948 905 1990 sum
932 1948 1018 2010 usus,

63 2015 141 2099 quid
163 2037 221 2099 per
243 2016 331 2100 leges
353 2017 462 2100 liceat,
488 2017 756 2081 considerandum
785 2019 845 2079 est:
872 2019 904 2078 te
933 2018 1017 2078 certe

62 2105 99 2166 in
120 2104 309 2187 †pecuniae
337 2107 466 2169 exactae
498 2105 545 2168 ita
576 2105 686 2169 efferre
719 2125 757 2168 ex
784 2104 863 2168 meis
886 2103 1018 2167 rationi·

62 2191 125 2255 bus
147 2193 258 2255 relatis
281 2214 348 2256 non
371 2193 527 2276 oportuit,
554 2193 617 2256 nisi
645 2192 721 2276 quid
744 2214 795 2257 me
818 2192 916 2275 fallit,
943 2196 1019 2255 sunt

63 2279 151 2342 enirn
174 2279 230 2343 alii
252 2281 429 2362 peritiores.
473 2280 558 2346 Illud
586 2302 661 2345 cave
690 2281 828 2363 dubites⁷
856 2281 935 2363 quin
957 2301 1018 2363 ego

64 2367 174 2431 omnia
195 2366 326 2451 faciam,
354 2390 435 2451 quae
461 2368 616 2432 interesse
644 2373 700 2433 tua
730 2373 786 2434 aut
814 2368 910 2432 etiam
938 2367 1018 2442 velle

63 2458 96 2518 te
120 2455 311 2539 existimem,
343 2456 370 2520 si
403 2457 469 2520 ullo
496 2457 592 2521 modo
619 2457 725 2521 facere
751 2457 881 2540 possim.
927 2454 1054 2530 Quodr

65 2542 178 2607 scribis
206 2544 245 2607 de
272 2544 448 2627 beneficiis,
476 2545 556 2609 scito
585 2567 604 2608 a
631 2567 681 2609 me
709 2549 742 2609 et
768 2544 915 2608 tribunos
938 2542 1019 2606 mili·

62 2634 150 2694 tares
173 2636 206 2696 et
227 2632 407 2715 praefectos
431 2636 464 2696 et
482 2633 728 2697 contubernales
747 2633 913 2695 dumtaxat
931 2651 1019 2694 meos

64 2718 189 2784 delatos
213 2741 295 2784 esse:
319 2721 354 2784 in
377 2742 440 2803 quo
464 2721 593 2804 quidem
615 2743 666 2784 me
689 2721 772 2785 ratio
791 2719 919 2802 fefellit3
942 2719 1019 2783 libe-

63 2829 136 2870 rum
159 2808 245 2871 enim
267 2808 348 2871 mihi
369 2811 497 2891 tempus
517 2809 558 2873 ad
577 2830 631 2872 eos
651 2808 839 2872 deferendos
860 2808 1019 2871 existima·

63 2895 141 2957 bam
164 2895 241 2979 dari,
263 2900 377 2979 postea
400 2896 516 2960 certior
539 2918 610 2961 sum
628 2896 733 2960 factus
751 2896 887 2981 triginta
909 2896 1020 2959 diebus

66 2980 183 3045 deferri
214 3003 343 3048 necesse
375 3006 458 3059 esse,
495 2984 610 3067 quibus
642 2984 784 3048 rationes
816 2984 1020 3048 rettulissem.

137 3152 190 3222 Ep.
211 3159 293 3222 20,5.
329 3157 441 3212 sectos
459 3159 496 3212 ad
513 3162 538 3211 te
557 3156 621 3226 (Ν).
658 3158 705 3211 sed
722 3157 787 3212 haec
805 3157 842 3210 cd
860 3154 966 3210 teMB.
985 3183 1020 3193 -

64 3225 223 3292 ascripsisse
250 3225 311 3293 (M.‚
330 3227 433 3298 vulgo).
476 3227 678 3295 adscripsissem
701 3226 731 3280 B.
785 3232 809 3280 6.
837 3226 945 3289 scribis,
969 3224 1021 3278 tibi

64 3294 139 3362 (W.).
176 3296 275 3350 scribis
291 3301 310 3349 t.
329 3297 423 3367 vulgo,
443 3325 476 3336 -
495 3299 614 3366 †topceo
634 3297 742 3365 (ΜΨ).
780 3296 853 3364 lopeo
871 3294 916 3349 vel
929 3296 1020 3362 topoeo

64 3363 135 3431 (ων
178 3368 284 3436 †topeo
303 3366 333 3420 Β.
358 3396 391 3408 -
414 3369 612 3436 inprecatam
635 3372 757 3422 exactam
781 3366 837 3433 (vel
854 3366 886 3419 is
899 3365 1021 3434 pecunia

61 3440 170 3506 excreta)
189 3439 244 3493 isto
264 3439 329 3506 (istc
347 3436 412 3492 iam.
432 3438 478 3507 N.)
496 3439 597 3506 referre
616 3441 628 3508 t
666 3441 702 3509 l?
