2370 3878
301 171 559 228 EPISTOLARUM
577 172 624 226 xi.
644 178 757 228 as-as.
944 167 1009 234 369

51 317 214 384 habebam
229 353 270 364 -
286 320 358 381 arata
381 317 467 381 enim
489 316 530 380 ad
552 319 585 381 te
603 317 689 381 mitti
709 315 859 398 sciebam,
882 316 1011 380 inanem

55 410 165 471 autem
193 426 373 470 samonem
404 406 585 469 litterarum
616 403 676 468 tibi
702 403 914 469 iniucundum
940 424 1010 468 esse

55 495 226 559 audiebam
249 530 309 577 —,
331 492 522 557 brevitatem
545 495 673 557 secutus
696 490 768 557 suni
789 496 823 556 te
845 491 1011 577 magistro.

55 581 143 647 Scito
170 582 271 668 igitur
298 581 334 644 in
356 585 388 645 te
412 584 444 645 et
465 581 501 645 in
522 581 646 666 collega
668 602 759 665 spem
782 601 911 645 omnem
933 601 1011 644 esse.

53 671 104 736 De
118 669 220 735 Bruto
240 673 349 734 autam
366 669 448 733 nihil
463 669 567 732 adhue
585 668 677 752 certi3
700 691 796 753 quem
814 689 885 754 ego,
903 690 1011 752 quem·
1030 677 1047 725 2

55 758 230 824 admodum
252 758 420 843 praeeipis,
441 757 576 841 privatis
594 757 710 821 litteris
730 757 771 821 ad
789 756 910 821 bellum
927 778 1012 821 eom-

55 868 153 911 mune
176 867 291 911 vocare
314 867 382 910 non
404 845 528 909 desino:
557 845 611 928 qui
634 845 759 910 utinam
786 845 851 909 iam
874 844 1012 909 adesset!

55 935 247 999 intestinum
278 934 367 998 urbis
398 933 533 1016 malum,
564 932 650 1017 quod
680 937 730 998 est
756 954 823 997 non
846 933 1013 1017 mediocre,

56 1023 165 1088 minus
187 1022 381 1087 timeremus.
427 1019 490 1085 Sed
518 1021 593 1104 quid
617 1021 702 1106 ago?
734 1042 803 1086 non
825 1021 934 1086 imitor
957 1021 1013 1080 la·

58 1104 233 1189 κωνισμόν
253 1113 359 1174 tuum:
378 1110 480 1173 altera
497 1109 562 1173 iarn
580 1110 708 1195 pagella
726 1109 879 1195 procedit.
911 1108 1014 1174 Vince

59 1202 92 1261 et
114 1199 193 1262 vale.
238 1215 321 1262 xmr.
344 1197 383 1262 Κ.
408 1196 557 1273 Quinctil.

474 1391 594 1456 XXVI.

173 1501 229 1556 flor.
248 1503 277 1556 in
296 1502 394 1558 eastris
413 1503 460 1556 Ill.
480 1503 576 1558 Nonas
593 1504 688 1558 Iunias
707 1521 731 1558 a.
751 1522 777 1558 u.
797 1522 820 1559 o.
839 1509 897 1559 tir.

262 1626 296 1680 D.
314 1627 458 1682 BRUTUS
478 1627 506 1684 S.
524 1628 557 1682 D.
576 1628 612 1682 M.
632 1628 810 1684 CICERONI.

127 1724 170 1789 Ia
192 1726 331 1790 maximo
359 1748 431 1791 meo
459 1727 568 1792 dolore
590 1728 653 1792 hoo
676 1728 792 1792 solatio
815 1730 903 1810 utor,
930 1727 1015 1810 quod

60 1812 248 1897 intelligunt
278 1815 425 1879 homines
462 1837 530 1880 non
562 1815 630 1878 sine
663 1837 760 1878 eausa
791 1836 842 1878 me
870 1816 1015 1879 timuisse

59 1901 132 1984 ista,
155 1923 236 1985 quae
259 1903 452 1967 acciderunt.
496 1902 697 1984 Deliberent,
723 1906 832 1965 utrum
853 1903 1017 1966 traiieiant

60 1989 205 2074 legiones
233 2012 272 2054 ex
298 1989 411 2054 Africa
437 2011 538 2054 neone
567 1993 599 2054 et
626 2012 664 2053 ex
688 1988 849 2073 Sardinia,
877 1994 910 2055 et
935 1989 1015 2054 Bru-

60 2080 131 2141 tum
154 2082 318 2142 arcessant
340 2100 454 2162 necne,
482 2078 619 2143 etmihi
647 2078 842 2162 stipendium
870 2078 948 2143 dent
974 2101 1017 2143 an

60 2187 129 2230 non
161 2167 347 2230 decernant:
380 2167 421 2230 ad
453 2170 600 2231 senatum
630 2167 755 2231 litteras
785 2167 865 2232 misi.
915 2165 1016 2232 Orode

60 2253 150 2337 mihi,
168 2255 231 2317 nisi
245 2255 308 2317 ista
322 2255 431 2318 omnia
444 2256 491 2319 ita
507 2255 599 2338 fiunt,
617 2255 884 2339 quemadmodum
903 2257 1017 2340 scribo,

60 2362 217 2427 magnum
240 2363 300 2406 nos
324 2364 435 2407 omnes
462 2343 606 2408 adituros
628 2345 814 2429 perieulum.
858 2345 952 2430 Rogo
974 2350 1016 2429 te,

60 2430 176 2512 videte,
195 2430 310 2512 quibus
329 2431 513 2496 hominibus
532 2433 698 2517 negotium
717 2433 808 2511 detis,
831 2433 885 2516 qui
904 2434 944 2496 ad
965 2455 1016 2497 me

59 2517 206 2602 legiones
239 2518 412 2583 adducant:
444 2524 477 2585 et
507 2520 570 2584 fide
602 2542 682 2604 opus
710 2524 759 2585 est
786 2524 820 2585 et
846 2523 1016 2585 eeleritate.

59 2624 107 2670 111.
130 2603 216 2670 Non.
238 2605 309 2671 lun.
332 2629 371 2674 ex
393 2610 514 2673 castris.

467 2802 604 2867 XXVII.

187 2911 243 2966 Ser.
262 2913 292 2966 in
311 2913 468 2968 Tusculano
486 2914 520 2968 V.
539 2914 602 2967 Kal.
620 2914 680 2968 lun.
700 2930 725 2968 a.
744 2931 770 2968 u.
790 2931 813 2970 o.
833 2921 891 2970 710.

358 3036 486 3092 CICERO
505 3037 621 3092 MATIO
641 3039 715 3093 SAL.

127 3133 279 3200 Nondum
301 3138 379 3201 satis
398 3139 560 3222 constitui,
582 3138 789 3203 molestiaene
808 3140 880 3221 plus
899 3159 941 3200 an
962 3159 1016 3200 vo·
1036 3150 1051 3197 1

60 3222 195 3307 luptatis
215 3225 360 3289 attulerit
378 3226 457 3290 mihi
472 3226 641 3291 Trebatius
659 3231 778 3309 noster,
801 3226 898 3290 homo
918 3247 1016 3308 quum

60 3311 176 3396 plenus
195 3312 302 3397 officii,
324 3315 394 3378 tum
412 3316 578 3398 utriusque
596 3319 743 3380 nostrum
765 3314 1016 3378 amantissimus:

132 3503 184 3572 Ep.
204 3510 246 3558 26.
284 3523 322 3559 aa
339 3521 394 3560 noa
412 3507 559 3563 &canant
577 3506 643 3578 (u).
682 3524 722 3563 ou
740 3507 798 3564 deo.
812 3505 879 3560 ns

108 3590 221 3631 Cleerom's
234 3593 298 3641 spise
311 3595 329 3634 1.
784 3604 826 3653 Ἃ
