2370 3878
310 210 568 279 nnsroasauu
591 226 624 278 x.
645 231 757 278 ‘rr-es.
947 226 1015 286 :3:¹3

56 369 174 431 litteris
188 370 302 432 vestris
317 373 375 452 cst,
389 369 519 434 mirifice
535 374 566 433 et
582 373 713 433 senatus
728 374 760 432 et
775 373 891 433 cuncta
902 370 1014 433 civitas

58 456 217 520 delectata
240 461 296 521 est.
334 456 426 533 Quod
445 458 485 521 ad
504 479 554 521 mc
574 458 746 541 scripseras
765 458 804 522 de
823 479 856 521 re
878 460 1014 542 agraria,
1033 473 1048 518 a

58 546 84 607 si
109 546 274 609 consultus
303 548 433 609 senatus
457 550 553 629 esset,
581 550 618 609 ut
646 546 779 629 quisque
801 546 1013 611 honorificen-

57 633 214 697 tissimam
247 633 285 697 de
317 636 350 697 te
380 634 574 698 sententiam
606 634 750 717 dixisset,
786 655 856 698 eam
887 639 1014 699 secutus

58 725 155 804 csset3
183 722 238 804 qui
267 725 352 785 certe
380 742 440 806 ego
463 721 610 805 fuissem3
634 722 702 806 sed,
729 727 860 806 propter
882 724 1013 787 tardita-
1112 729 1119 739 '

57 813 123 872 tem
147 809 381 873 sententiarum
403 831 590 894 moramque
613 831 720 875 rerum
743 833 840 893 quum
865 832 910 894 ea,
933 834 1014 894 quae

58 897 319 981 consulebantur,
343 898 383 961 ad
407 898 527 962 exitum
550 920 618 962 non
640 899 854 982 pervenirent,
877 920 1014 965 commo·

58 985 226 1049 dissimum
252 985 332 1048 mihi
359 985 544 1070 Plancoque
571 987 665 1049 fratri
694 987 798 1050 visum
826 989 875 1049 est
902 988 949 1050 uti
977 1009 1014 1050 eo

58 1076 189 1137 senatus
214 1075 372 1156 consulto,
396 1074 545 1157 quodne
569 1078 681 1139 nostro
707 1074 865 1138 arbitratu
889 1095 1015 1157 compo-

57 1165 201 1246 neretur,
234 1163 305 1245 quis
337 1161 436 1225 fuerit
466 1162 712 1246 impedimento,
744 1162 883 1226 arbitror
914 1166 946 1226 te
978 1184 1016 1226 ex

56 1247 170 1314 Planci
187 1250 304 1314 litteris
324 1250 522 1334 cognovisse.
559 1248 631 1334 sed,
654 1251 720 1315 sive
738 1252 773 1314 in
791 1254 923 1315 senatus
942 1273 1015 1315 con·
1035 1266 1050 1312 3

58 1338 145 1402 sulto
169 1338 235 1401 sive
258 1339 294 1401 in
312 1338 425 1402 ceteris
443 1339 539 1403 rebus
559 1339 720 1404 desideras
739 1339 869 1424 aliquid,
892 1340 937 1403 sic
955 1340 1015 1403 tibi

56 1425 232 1510 persuade,
254 1429 380 1490 tantam
403 1448 472 1491 esse
495 1429 580 1511 apud
605 1450 716 1492 omnes
738 1428 842 1494 bonos
865 1429 913 1492 tui
937 1428 1014 1492 cari-

56 1516 173 1598 tatem,
200 1517 238 1578 ut
259 1515 384 1579 nullum
407 1536 509 1601 genus
533 1517 749 1600 amplissimae
773 1516 878 1602 dignit
864 1517 940 1580 tatis
964 1539 1014 1580 ex-

58 1565 195 1687 cogitaii
218 1603 330 1687 possit,
353 1605 436 1687 quod
455 1604 516 1669 tibi
534 1627 602 1671 non
620 1608 769 1690 paratum
789 1607 839 1670 sit.
875 1604 943 1668 Lit
915 1609 1014 1669 tteras

57 1694 131 1754 tuas
154 1691 361 1757 vehementer
387 1697 550 1779 exspecto,
517 1698 613 1759 oet
635 1694 764 1778 quidem
786 1695 892 1809 tales,
904 1695 1014 1776 quales

57 1779 195 1844 maxime
219 1783 305 1865 opto
351 1780 442 1846 Vale.

476 1993 595 2061 XXIIL

106 2103 162 2157 Scr.
187 2103 324 2157 Cularone
346 2103 376 2157 in
399 2105 501 2159 finibus
525 2106 708 2229 Allplppgum
731 2103 804 2158 Vlll.
829 2103 893 2157 Idus
912 2106 971 2158 Iun.

444 2193 467 2228 a.
488 2194 513 2228 u.
533 2193 556 2230 c.
631 2217 636 2228 .

356 2297 521 2352 PLANCUS
541 2297 719 2354 CICERONI.

127 2395 313 2481 Numquam
331 2397 537 2482 mehercules,
559 2400 603 2463 mi
623 2397 742 2484 Cicero,
765 2421 815 2463 mc
838 2399 1017 2483 poenitebit
1037 2416 1049 2459 1

59 2486 200 2551 maxima
231 2486 374 2569 pericula
403 2509 463 2570 pro
486 2488 593 2570 patria
623 2488 741 2571 subire,
768 2487 857 2571 dum,
890 2489 916 2551 si
940 2488 1016 2570 quid

60 2573 213 2637 acciderit
238 2574 333 2657 mihi,
365 2596 384 2638 a
411 2577 658 2676 reprehensione
685 2538 876 2639 temeritatis
904 2575 1016 2638 absim

61 2659 239 2726 Confiterer
260 2663 477 2746 imprudentia
498 2687 550 2730 me
572 2665 756 2749 lapsum,
731 2686 758 2728 s1
781 2685 935 2746 umquam
958 2662 1016 2725 Le-

59 2748 136 2833 pido
165 2771 203 2813 ex
231 2750 338 2815 animo
367 2752 583 2835 credidissem,
613 2753 784 2817 credulitas
815 2752 901 2815 enim
928 2773 1017 2815 error

60 2842 112 2901 est
133 2837 237 2923 magis
261 2860 358 2922 quam
380 2841 488 2925 culpa,
511 2844 544 2905 et
567 2841 726 2924 quidem
717 2861 752 2902 1n
775 2844 833 2924 opt
834 2841 889 2903 imi
913 2841 1014 2904 cuius·

60 2947 122 3009 que
141 2928 282 2990 mentem
299 2927 451 2992 facillime
470 2929 595 3011 irrepit,
618 2929 673 2993 sed
693 2949 752 3012 ego
771 2950 838 2993 non
855 2929 918 2993 hoc
936 2929 1015 2994 vitio

59 3035 163 3098 paene
182 3036 253 3078 sum
271 3015 437 3100 deceptus,
459 3016 616 3100 Lepidum
635 3016 721 3081 enim
739 3017 871 3100 pulchre
893 3039 1015 3081 noram.

61 3100 145 3178 Quid
168 3122 245 3187 ergo
269 3102 340 3167 est?
363 3103 467 3187 pudor
489 3126 550 3187 me,
572 3106 627 3188 qni
649 3106 685 3169 in
702 3106 786 3170 bello
807 3107 943 3169 maxime
967 3109 1016 3168 est

58 3192 272 3277 periculosus,
302 3192 389 3256 hunc
418 3212 527 3256 casum
554 3193 661 3278 coligit
683 3194 802 3276 subire,
834 3215 924 3274 nam,
952 3191 1015 3254 atsi

58 3301 125 3345 uno
157 3283 229 3345 loco
266 3301 383 3364 essem,
419 3281 567 3365 verebar,
602 3303 643 3345 ne
676 3282 728 3346 cui
763 3282 1016 3346 obtrectatorum

130 3488 181 3559 Ep.
202 3495 245 3557 22,
260 3496 284 3544 2.
312 3493 355 3546 uti
373 3507 402 3546 co
420 3495 530 3548 senous
543 3490 676 3563 consulto,
695 3489 769 3564 quod
787 3489 895 3559 lidan}
930 3489 1030 3551 utico,

52 3578 79 3627 q
98 3561 133 3611 M.
173 3577 197 3611 a
216 3576 236 3612 s
256 3576 286 3626 c
303 3577 328 3629 q.
352 3560 454 3630 0173

768 3658 829 3713 nl*
