2370 3878
317 164 322 173 ·
348 155 607 213 EPISTOLARUM
624 154 671 211 VI.
692 161 804 209 ra—rr.
990 155 1053 219 183

95 303 139 369 ad
171 324 245 368 eum
277 302 473 367 difficiliores
507 300 652 384 fuerunt,
688 302 721 363 et
753 300 848 365 simul
879 297 1054 364 Africanae

94 413 214 458 causae
236 392 349 456 iratior
372 390 491 455 diutius
514 390 596 454 velle
618 387 745 453 videtur
767 409 822 453 eos
849 386 969 452 habere
992 388 1053 452 sol-

95 481 218 564 licitos,
245 502 265 544 a
292 479 407 563 quibus
435 500 469 542 se
492 480 587 561 putat
613 476 867 541 diuturnioribus
895 497 964 540 esse
987 498 1054 540 mo·

95 569 200 634 lestiis
219 567 448 650 conflictatum,
471 564 527 630 sed
544 566 607 630 hoe
624 565 731 649 ipsum
748 564 959 649 intelligimus
982 585 1056 628 eum

98 657 243 742 quotidie
275 655 439 721 remissius
471 657 504 718 et
534 654 692 738 placatius
719 653 816 718 ferre:
849 673 948 736 quare
975 653 1056 717 milri

98 745 250 810 crede-
266 747 300 809 et
312 743 484 808 memoriae
502 741 622 806 manda
634 763 686 806 me
700 741 761 805 tibi
774 742 807 806 id
822 741 998 805 affirmasse
1013 777 1055 787 -

98 837 132 898 te
154 834 191 897 in
212 833 284 898 istis
303 832 459 898 molestiis
478 830 598 895 diutius
616 851 683 895 non
700 829 855 894 futurum.
887 829 1093 914 Quoniam,4

99 920 178 1004 quid
205 918 370 1002 sentirem',
398 919 543 1003 exposui,
575 918 652 1002 quid
678 918 775 982 velim
801 922 859 982 tua
886 939 995 1001 causa,
1022 940 1056 983 re

100 1009 211 1093 potius
234 1008 403 1075 declarabo
427 1029 525 1092 quam
547 1007 705 1072 oratione:
729 1006 756 1070 si
774 1009 903 1070 tantum
920 1028 1058 1090 possem,

100 1100 259 1182 quantum
281 1098 316 1160 in
340 1118 378 1161 ea
400 1117 434 1160 re
457 1095 595 1179 publica,
617 1095 656 1159 de
680 1115 743 1178 qua
760 1094 808 1160 ita
826 1115 897 1159 sum
916 1095 1059 1178 meritus,

100 1189 139 1250 ut
161 1189 197 1249 tu
220 1185 397 1267 existimaS,
423 1204 519 1268 posse
546 1182 715 1267 debebam,
744 1203 785 1246 ne
812 1186 849 1246 tu
872 1181 1001 1266 quidem
1023 1183 1058 1246 iu

100 1273 173 1338 istis
204 1272 417 1337 incommodis
449 1292 548 1354 esses,
587 1270 698 1336 eadem
729 1270 816 1335 enim
852 1291 949 1335 causa
981 1292 1057 1355 opes

101 1381 191 1426 meas
218 1361 331 1446 fregit,
363 1381 444 1444 quae
471 1364 562 1424 tuam
589 1361 726 1424 salutem
752 1359 788 1423 in
810 1359 981 1424 discrimen
1005 1359 1058 1423 ad·

100 1449 207 1531 duxit,
244 1449 300 1513 sed
330 1453 455 1532 tamen,
491 1448 645 1532 quidquid
681 1448 789 1533 imago
821 1448 937 1513 veteris
969 1470 1058 1512 meae

101 1537 282 1622 dignitatis,
305 1536 458 1620 quidquid
480 1536 634 1620 reliquiae
657 1536 780 1622 gratiae
803 1537 970 1620 valebunt,
993 1544 1058 1601 stu-

102 1625 202 1709 dium,
220 1626 398 1709 consilium,
417 1646 523 1709 opera,
543 1621 680 1711 [gratia]
700 1625 779 1690 fides
797 1647 870 1690 mea
882 1625 973 1690 nullo
987 1626 1058 1691 loco

62 1736 65 1743 ·
101 1713 206 1777 deerit
228 1714 293 1778 tuis
317 1714 447 1798 optimis
465 1713 629 1779 fratribus.
666 1712 716 1778 Tu
733 1714 786 1778 fac
803 1713 924 1778 habeas
941 1714 1060 1778 fortem
1078 1725 1095 1771 5

102 1801 262 1886 animum,
294 1823 389 1885 quem
421 1823 547 1886 semper
572 1801 729 1884 habuisti,
759 1802 900 1886 primum
931 1802 973 1866 ob
1005 1823 1059 1865 eas

102 1910 232 1974 causas,
256 1911 335 1974 quas
359 1890 481 1973 scripsi,
504 1888 618 1953 deinde
642 1889 727 1972 quod
751 1890 848 1954 eade
873 1889 1060 1973 republica

103 1999 231 2061 semper
257 1978 388 2043 voluisti
411 1981 507 2060 atque
531 1977 673 2060 sensisti,
699 1980 827 2042 utnon
853 1976 949 2041 modo
973 1998 1060 2041 nunc

104 2064 246 2130 secunda
273 2087 400 2150 sperare
429 2065 559 2148 debeas,
590 2064 646 2129 sed
674 2065 784 2148 etiam,
816 2065 844 2129 si
870 2065 980 2130 omnia
1006 2065 1059 2130 ad·

103 2173 199 2218 versa
220 2158 337 2238 essent,
359 2158 469 2219 tamen
492 2153 689 2219 conscientia
707 2157 740 2218 et
756 2153 917 2231 factorum
935 2157 968 2218 et
985 2175 1059 2220 eon-

104 2242 252 2307 siliorum
273 2247 412 2326 tuorum,
434 2262 652 2327 quaecumque
672 2242 862 2327 acciderent,
882 2243 1058 2309 fortissimo

103 2333 139 2394 et
160 2331 299 2396 maximo
323 2331 431 2396 animo
453 2330 537 2395 ferre
561 2330 703 2397 deberes.

538 2524 627 2590 XIV.

141 2634 198 2690 Sor.
218 2635 324 2691 Romae
343 2653 367 2690 a.
387 2637 414 2691 d.
433 2655 460 2691 v.
478 2636 540 2691 Kal.
559 2636 686 2692 intercal.
705 2637 812 2706 priores
831 2652 856 2692 a.
874 2654 901 2692 u.
921 2653 944 2692 o.
965 2641 1024 2692 ⁷08.

431 2759 560 2816 CICERO
579 2759 737 2817 LIGARIO.

172 2858 225 2924 Me
249 2859 329 2924 seito
358 2880 487 2925 omnem
513 2882 622 2925 meum
643 2861 800 2943 laborem,
828 2880 957 2925 omnem
987 2881 1095 2945 ope-1

104 2967 185 3030 ram,
207 2969 325 3032 euram,
348 2948 490 3014 studium
511 2950 547 3012 in
564 2952 621 3013 tua
640 2950 742 3013 salute
761 2969 961 3032 consumere3
983 2971 1060 3013 nam

105 3053 207 3115 quum
232 3039 265 3101 te
292 3057 419 3119 semper
440 3038 577 3102 maxime
600 3037 709 3120 dilexi,
737 3040 808 3100 tum
829 3037 968 3102 fratrum
989 3040 1060 3101 tuo·

105 3142 188 3205 rum,
210 3142 290 3206 quos
313 3144 413 3208 aeque
432 3128 528 3208 atque
545 3128 578 3190 te
598 3146 722 3190 summa
741 3124 967 3190 benevolentia
989 3145 1060 3188 sum

178 3276 229 3347 Ep.
250 3284 292 3346 13,
305 3285 330 3333 3.
368 3281 445 3336 mede
462 3312 496 3321 —
515 3286 540 3336 et
621 3281 772 3349 affirmasse
786 3311 819 3320 -
833 3286 859 3335 te
873 3281 947 3349 (W.).
984 3280 1061 3336 crede

103 3352 131 3402 et
211 3349 376 3417 adfiunacse,
394 3357 420 3407 te
437 3351 530 3423 vulgo.
568 3358 593 3406 4.
616 3353 752 3407 oratioue:
770 3350 963 3421 ai(Mart.·L.).
999 3366 1060 3406 ora·

103 3419 370 3561 pagopdaelipxpe'ssl,
389 3422 419 3476 B.
445 3452 478 3463 -
500 3423 623 3478 studium
644 3421 779 3490 officium,
804 3421 947 3477 counitum
968 3437 1060 3490 opero,
1167 3440 1170 3445 ·
