2370 3878
127 142 193 207 232
409 143 446 199 M.
466 143 589 199 TULLII
606 143 795 200 CICERONIS

128 288 292 353 consulem
305 287 441 371 faetum3
455 287 499 353 M.
512 285 671 353 Calidium
686 290 726 353 ab
740 291 869 373 repulsa
882 293 1085 374 postulatum

128 399 147 440 a
170 374 282 441 Galliis
305 376 443 458 duobus
469 375 505 441 P.
527 375 730 442 Dolabellam
752 401 801 441 xv.
825 379 928 443 virum
950 379 1082 445 factum.

126 462 198 529 Hoc
221 464 281 528 tibi
303 485 370 529 non
392 464 535 548 insideo,
557 466 696 530 caruisse
719 468 752 530 te
774 466 988 550 pulcherrimo
1013 492 1081 552 spe-

128 553 252 617 ctaculo
285 555 318 616 et
340 551 470 617 Lentuli
493 548 603 619 Cruris
633 554 753 637 repulsi
785 556 911 619 vultum
942 577 1010 620 non
1037 559 1082 620 vi-

128 641 220 705 disse.
264 639 311 704 Aa
334 661 398 724 qua
420 662 485 724 spe,
508 663 604 724 quam
628 644 715 705 certa
738 643 889 725 opinione
913 644 1081 708 descende-

128 730 189 793 rat!
223 750 320 811 quam
350 729 421 819 ipso
454 728 619 795 diffidente
650 728 831 794 Dolabella!
865 735 897 795 et
927 732 1082 817 hercules,

127 817 190 881 nisi
217 816 322 885 nostri
349 816 471 901 equites
499 817 623 882 acutius
646 817 814 902 vidissent,
841 841 942 902 paene
970 841 1081 884 conce-

92 904 222 968 adente
246 905 428 970 adversario
451 908 641 989 superasset.
686 905 770 970 Illud
797 910 829 970 te
852 929 919 971 non
943 909 1083 973 arbitror

36 1028 39 1037 »
128 993 288 1077 miratum,
311 990 492 1077 Servaeum,
514 993 718 1079 designatum
740 994 905 1059 tribunum
927 997 983 1079 pl.,
1006 1017 1081 1060 con-

128 1080 327 1167 demnatum,
353 1082 389 1151 io
416 1082 506 1147 cuius
533 1083 640 1147 locum
668 1079 702 1146 Ο.
729 1079 826 1147 Curio
853 1083 944 1166 petit.
984 1082 1082 1148 ¹Sane

128 1191 224 1254 quam
246 1171 363 1234 incutit
389 1171 512 1253 multia,
544 1171 599 1254 qui
630 1191 703 1234 eum
733 1170 984 1254 facilitatemque
1012 1174 1082 1237 eius

127 1279 195 1324 non
216 1260 346 1339 norunt,
368 1279 523 1343 magnum
545 1262 679 1341 metum3
702 1258 766 1340 sed,
788 1262 825 1322 ut
844 1280 936 1341 spero
956 1263 988 1322 et
1006 1262 1081 1325 volo

128 1349 161 1410 et
183 1350 219 1410 ut
242 1367 275 1409 se
298 1345 362 1410 fert
384 1346 466 1430 ipse,
491 1346 595 1411 bonos
618 1350 651 1410 et
673 1350 822 1411 senatum
843 1348 954 1428 malet3
981 1351 1080 1431 totus,

127 1437 165 1498 ut
186 1455 272 1497 nunc
296 1437 353 1518 est,
375 1434 437 1501 hoc
460 1435 600 1501 scaturit.
645 1433 750 1498 Huius
773 1439 880 1498 autem
903 1435 1082 1499 voluntatis

127 1521 256 1586 initium
283 1525 315 1586 et
346 1543 444 1587 causa
474 1525 536 1604 est,
568 1521 653 1605 quod
685 1543 758 1586 eum
784 1544 852 1586 non
878 1523 1082 1587 mediocriter

9 1618 12 1623 '
128 1607 258 1694 Caesar,
290 1610 345 1693 qui
376 1610 458 1675 solet
488 1609 672 1675 infimorum
707 1609 875 1674 hominum
907 1611 1080 1675 amicitiam

128 1698 189 1762 sibi
213 1698 355 1781 qualibet
377 1698 523 1782 impensa
545 1698 736 1782 adiungere,
758 1698 850 1762 valde
874 1701 1081 1784 contempsit;

129 1786 248 1870 quain
275 1807 310 1850 re
337 1785 416 1855 mihi
439 1786 564 1852 videtur
586 1786 666 1853 illud
688 1807 843 1870 perquam
870 1792 1003 1851 venuste
1032 1809 1080 1861 ce·

129 1875 256 1959 cidisse,
284 1875 369 1960 quod
393 1896 412 1939 a
434 1875 565 1958 reliquis
588 1895 715 1959 quoqne
743 1879 792 1939 est
814 1876 1082 1957 animadversum,

128 1967 166 2028 ut
187 1961 297 2048 Curio,
325 1963 379 2048 qui
406 1963 487 2029 nihil
515 1963 649 2030 consilio
675 1963 767 2048 facit,
794 1965 919 2028 ratione
946 1968 978 2027 et
1004 1965 1080 2027 insi·

129 2052 189 2116 diis
216 2074 293 2117 usus
320 2052 482 2121 videretur
503 2052 539 2117 in
560 2052 582 2129 †
600 2052 758 2117 evitandis
775 2052 824 2116 iis
848 2051 1002 2134 consiliis,
1025 2053 1080 2134 qui

129 2161 162 2203 se
184 2139 391 2205 intenderant
408 2140 606 2205 adversarios
624 2139 659 2204 in
678 2141 746 2204 eius
765 2140 977 2203 tribunatum:
1001 2138 1080 2202 Lae-

93 2226 190 2292 3lios
218 2228 250 2290 et
276 2226 438 2293 Antonios
466 2231 499 2293 et
524 2227 558 2291 id
585 2247 687 2310 genua
713 2228 857 2291 valentes
887 2226 965 2288 dieo.
1011 2224 1080 2286 Has

129 2333 189 2398 ego
216 2313 276 2376 tibi
307 2314 431 2379 litteras
464 2335 501 2379 eo
528 2315 648 2379 maiore
680 2315 754 2378 misi
783 2312 966 2391 intervallo,
994 2312 1080 2391 quod

129 2400 333 2465 comitiorum
366 2401 535 2465 dilationes
568 2401 803 2484 occupatiorem
834 2419 884 2461 me
916 2396 1081 2462 habebant

129 2492 162 2552 et
185 2492 367 2573 exspectare
390 2489 426 2552 in
448 2488 515 2552 dies
538 2488 658 2553 exitum
676 2486 844 2570 cogebant,
866 2489 903 2549 ut
926 2485 1081 2550 confectis

130 2577 278 2643 omnibus
300 2580 333 2642 te
355 2576 494 2647 facerem
517 2575 692 2640 certiorem.
735 2572 787 2639 Ad
810 2573 972 2639 Kalendas
997 2571 1082 2638 Sext.

129 2687 229 2749 usque
252 2665 441 2749 exspectavi.
485 2662 657 2727 Praetoriis
684 2682 792 2727 morae
821 2663 977 2745 quaedam
1003 2662 1081 2725 inci·

130 2753 254 2817 derunt.
312 2752 386 2817 Mea
416 2773 512 2836 porro
545 2749 675 2816 comitia
708 2770 802 2833 quem
834 2754 984 2814 eventum
1017 2751 1082 2813 sint

128 2841 289 2924 habitura,
310 2840 434 2924 nesci03
461 2839 646 2929 opinionem
668 2837 809 2922 quidem,
837 2838 922 2922 quod
945 2837 986 2901 ad
1007 2836 1082 2900 Hir-

129 2950 201 2993 rum
220 2928 346 3011 attinet,
362 2928 582 2994 incredibilem
601 2927 751 2992 aedilium
769 2927 812 3011 pl.
831 2926 968 2991 comitiis
986 2928 1084 2989 nacta

130 3019 217 3087 sunt:
240 3038 318 3083 nam
330 3015 374 3084 M.
388 3014 534 3083 Coelium
551 3015 759 3081 Vinicianum
776 3014 897 3079 mentio
913 3014 970 3077 illa
983 3013 1084 3096 fatua,

200 3190 252 3261 Ep.
272 3196 297 3260 4,
307 3197 331 3246 a
364 3204 468 3260 quoque
486 3195 524 3244 cat
541 3190 625 3244 coint.
645 3188 700 3256 (W.
719 3204 754 3243 ex
768 3188 798 3241 B.
818 3187 908 3256 coni).
945 3202 968 3255 q.
990 3185 1085 3255 [osque

130 3278 159 3317 eo
191 3266 229 3317 est
247 3278 291 3317 aa
311 3261 341 3316 B.
366 3291 399 3300 -
422 3260 589 3326 mactandis
606 3260 643 3313 iis
661 3259 783 3313 conciliis
801 3257 875 3326 (Ν).
912 3264 949 3311 eo.
968 3257 1005 3310 iis
1023 3272 1084 3309 eoa·

129 3333 247 3387 sideriis
270 3332 337 3401 (W.)
365 3332 415 3386 aut
437 3345 529 3386 eorum
551 3346 588 3386 eo.
614 3329 735 3385 coralite
763 3328 837 3397 (W.).
883 3343 920 3382 ev.
944 3327 981 3392 iis
1003 3342 1024 3378 c.
1045 3329 1085 3362 *³⁸

129 3401 235 3525 diota,
249 3402 281 3456 B.
308 3403 351 3471 (ut
369 3401 504 3458 exciderit
530 3417 599 3471 quoa
626 3400 699 3454 inita
721 3403 800 3453 erant
822 3398 857 3454 ab
879 3398 936 3453 illis
959 3395 1085 3451 simileve

117 3472 216 3538 arqui
230 3475 252 3542 ).
