2370 3878
144 145 186 209 28
427 147 465 200 M.
486 146 610 200 TULLII
628 145 818 201 CICERONIS

143 313 182 356 ex
199 291 349 356 libertate
367 311 440 354 mea
457 312 571 374 meque
589 294 660 354 tum
674 290 811 374 denique
830 290 891 355 sibi
910 313 979 356 esse
996 292 1102 357 visum

143 380 190 444 rei
212 379 370 463 publicae,
393 379 496 462 qualis
514 379 657 463 fuissem,
678 379 864 443 restitutum
884 402 1045 464 quumque
1065 403 1102 445 ea

144 468 309 532 contentio
324 467 405 531 mihi
422 488 577 552 magnum
597 467 694 531 etiam
707 468 786 532 foris
805 467 946 533 fructum
964 469 1103 553 tulisset,

144 556 283 641 gaudere
307 577 340 620 se
364 555 515 620 dicebant
536 556 668 622 11111111
689 556 781 620 illum
799 556 965 621 inimicum
983 561 1016 621 et
1038 578 1103 641 eos,

144 645 256 728 quiin
280 645 391 708 eadem
414 665 511 708 causa
534 647 650 727 essent,
671 664 848 728 numquam
872 645 992 710 amicos
1015 645 1102 710 futu·

143 755 212 816 ros3
236 755 372 816 quorum
393 733 497 817 iniqui
520 754 683 798 sermones
707 754 806 816 quum
828 733 869 797 ad
891 755 942 796 me
964 755 1022 817 per
1044 734 1102 798 ho-

144 821 247 885 mines
261 821 505 886 honestissimos
519 821 738 905 perferrentur
754 842 915 905 quumque
929 821 1102 905 Pompeius

143 911 191 973 ita
214 909 446 994 contendisset,
472 913 510 973 ut
537 909 619 972 nihil
648 931 801 993 umquam
824 909 942 994 magis,
969 913 1006 973 ut
1029 931 1102 973 eum

145 996 261 1062 Crasso
284 998 420 1062 redirem
447 999 482 1061 in
505 998 657 1084 gratiam,
685 996 865 1081 Caesarque
891 1019 950 1081 per
975 998 1101 1062 litteras

143 1087 283 1150 maxima
315 1109 348 1150 se
380 1086 529 1150 molestia
562 1109 600 1150 ex
626 1087 683 1151 illa
715 1086 921 1151 contentione
952 1086 1102 1150 affectum

145 1175 341 1258 ostenderet,
372 1174 472 1239 habui
503 1197 571 1240 non
601 1179 784 1259 temporum
811 1176 916 1239 solum
942 1175 1103 1239 rationem
1166 1180 1171 1185 ’

143 1284 301 1345 meorum,
334 1263 510 1326 sedetiam
532 1265 680 1346 naturae,
708 1261 919 1345 Crassusque,
950 1266 987 1325 11
1010 1264 1102 1346 quasi

143 1353 264 1413 testata
285 1350 406 1435 populo
430 1350 578 1415 Romano
602 1355 686 1415 esset
712 1353 825 1415 nostra
853 1349 970 1434 gratia,
998 1373 1101 1433 paene

145 1461 164 1501 a
186 1439 266 1502 meis
288 1437 425 1501 Laribus
447 1439 483 1501 in
505 1439 704 1523 provinciam
723 1442 772 1502 est
790 1439 1103 1522 profectus—nam,

145 1549 244 1610 quum
271 1526 351 1589 mihi
379 1526 587 1609 condixisset,
615 1527 763 1591 coenavit
789 1527 875 1611 apud
902 1548 953 1590 me
980 1527 1015 1590 in
1038 1529 1101 1591 mei

145 1614 256 1699 generi
279 1611 476 1697 Crassipedis
503 1614 607 1678 hortis
622 1651 678 1699 -,
696 1616 905 1698 quamobrem
932 1615 999 1678 eius
1028 1636 1100 1678 cau-

145 1725 223 1787 sam,
247 1702 332 1786 quod
355 1705 387 1766 te
412 1703 524 1766 scribis
543 1703 679 1786 audisse,
701 1725 820 1788 magna
837 1703 924 1767 illius
942 1725 1101 1768 commen-

145 1791 275 1857 datione
290 1794 471 1874 susceptam
490 1790 617 1854 defendi
636 1791 671 1854 in
690 1796 813 1876 senatu,
831 1793 915 1856 sicut
931 1813 1004 1855 mea
1021 1792 1102 1856 fides

92 1895 125 1944 21
144 1880 339 1963 postulabat.
375 1879 547 1965 Accepisti,
567 1879 682 1963 quibus
700 1881 795 1944 rebus
815 1880 970 1945 adductus
991 1902 1101 1964 quam-

146 1991 206 2052 que
229 1992 297 2033 rem
321 1991 513 2054 causamque
537 1968 734 2033 defenderim
757 1969 874 2053 quique
895 1990 985 2032 meus
1008 1970 1043 2031 in
1065 1989 1100 2031 re

144 2058 274 2140 publica
293 2058 335 2120 sit
352 2080 410 2141 pro
429 2080 501 2123 mea
518 2061 610 2142 parte
628 2057 824 2143 capessenda
843 2060 960 2139 status3
983 2057 1021 2118 de
1037 2078 1101 2139 quo

146 2145 190 2208 sic
213 2145 309 2207 velim
333 2148 465 2229 statuas,
487 2168 538 2209 me
560 2146 640 2211 haec
663 2147 775 2210 eadem
798 2165 966 2208 sensurum
993 2143 1102 2226 fuisse,

146 2233 173 2297 si
195 2233 275 2296 mihi
297 2232 425 2318 integra
448 2234 556 2297 omnia
584 2256 621 2298 ac
643 2235 745 2297 libera
767 2232 917 2295 fuissent:
947 2250 1024 2292 nam
1046 2251 1101 2293 ne-

146 2341 207 2404 que
226 2321 437 2405 pugnandum
456 2321 629 2385 arbitrarer
648 2325 761 2386 contra
778 2322 887 2382 tantas
902 2339 979 2400 opes
997 2339 1101 2418 neque

146 2408 325 2492 delendum,
345 2409 470 2472 etiamsi
487 2409 521 2471 id
538 2409 608 2471 fieri
627 2413 744 2493 posset,
768 2429 966 2471 summorum
985 2406 1102 2470 civium

144 2497 362 2598 principatum
393 2517 453 2560 nec
489 2497 787 2580 permanendum
777 2518 815 2559 11
843 2517 909 2559 una
941 2495 1102 2559 sententia

146 2585 308 2652 conversis
335 2585 431 2650 rebus
460 2606 497 2649 10
523 2583 683 2649 bonorum
709 2584 931 2649 voluntatibus
960 2584 1102 2666 mutatis,

146 2675 243 2738 sedt
229 2673 428 2775 temporibus
456 2672 708 2756 assentiendum3
739 2694 916 2756 numquam
949 2673 1034 2735 enim
1066 2673 1102 2734 111

145 2765 312 2847 praestant
298 2762 421 2826 tibus'
412 2785 447 2826 11
473 2784 507 2825 re
535 2760 665 2844 publiea
693 2760 904 2846 gubernanda
930 2760 1007 2824 viris
1034 2760 1101 2822 lau-

146 2850 294 2913 datat
245 2854 294 2913 est
316 2850 352 2913 in
374 2873 440 2915 una
463 2850 624 2914 sententia
646 2853 802 2933 perpetua
822 2849 1014 2933 permansio,
1038 2847 1103 2930 sed,

145 2937 230 3001 utin
243 2938 429 3024 navigando
449 2939 635 3023 tempestati
650 2938 783 3022 obsequi
802 2938 880 3001 artis
900 2941 958 3020 est,
976 2936 1103 2999 etiamsi

144 3029 275 3110 portum
297 3029 408 3091 tenere
429 3049 497 3092 non
516 3048 623 3112 queas,
647 3049 745 3111 quum
765 3047 841 3090 vero
860 3025 894 3088 id
911 3024 1016 3108 possis
1034 3045 1102 3086 mu-

145 3118 215 3178 tata
243 3115 456 3180 velificatione
483 3117 623 3200 assequi,
651 3117 786 3180 stultum
818 3117 866 3177 est
894 3134 967 3175 eum
993 3116 1103 3175 tenere

146 3224 219 3267 cum
245 3204 389 3288 periculo
418 3225 559 3288 cursum,
587 3225 681 3287 quem
709 3202 844 3286 ceperis,
871 3200 979 3284 potius
1007 3221 1104 3283 quam

216 3412 268 3483 Ep.
288 3422 312 3482 9,
332 3420 374 3470 20.
407 3415 595 3484 profectas-
609 3431 700 3468 1111111.
713 3411 892 3466 ..1101111-
900 3407 1112 3486 ,quamobrem

141 3481 210 3550 (W)
240 3486 562 3551 ,1),)·1111111.11011..1’1
578 3484 651 3554 qn
