2370 3878
500 882 610 939 arana
628 881 815 940 sanamus.

289 1009 365 1077 ΑΙ).
396 1009 440 1076 Μ.
466 1008 669 1089 MARIUM
700 1007 764 1075 ΕΤ
792 1005 1044 1077 CETEROS·

640 1183 665 1249 Ι.

461 1304 517 1358 Ser.
537 1303 642 1357 Romae
662 1321 685 1357 a.
706 1322 731 1359 u.
752 1321 774 1358 c.
790 1310 849 1359 699.

413 1444 450 1498 Μ.
470 1443 599 1498 CICERO
619 1445 645 1497 S.
665 1444 697 1498 D.
716 1445 753 1498 M.
772 1444 897 1500 MARIO.

77 1600 80 1605 -
144 1568 157 1616 1
245 1551 279 1618 Si
301 1555 333 1617 te
357 1552 448 1617 dolor
476 1553 575 1636 aliqui
603 1553 744 1636 corporis
773 1557 829 1617 aut
856 1553 1026 1618 infirmitas
1050 1554 1135 1621 vale·

177 1641 298 1706 tudinis
326 1645 400 1706 tuae
427 1641 545 1724 tenuit,
577 1663 640 1724 quo
669 1641 775 1705 minus
805 1640 846 1705 ad
877 1640 970 1706 ludos
997 1642 1134 1729 venires,

176 1731 326 1795 fortunae
358 1729 462 1815 magis
493 1729 601 1793 tribuo
633 1750 730 1812 quam
757 1729 932 1813 sapientiae
960 1733 1050 1815 tuae;
1080 1731 1133 1797 sin

176 1819 265 1903 haec,
288 1841 369 1903 quae
388 1818 486 1883 ceteri
503 1818 670 1902 mirantur,
694 1817 930 1882 contemnenda
948 1816 1068 1884 duxisti
1090 1824 1134 1904 et,

177 1930 275 1991 quum
303 1930 360 1991 per
388 1906 605 1972 valetudinem
636 1927 761 1989 posses,
792 1905 900 1970 venire
932 1908 1044 1971 tamen
1074 1927 1132 1972 no·

176 1996 278 2078 luisti,
304 1999 475 2079 utrumque
498 1995 614 2078 laetor,
642 1997 675 2058 et
697 1994 766 2058 sine
789 1993 899 2058 dolore
927 1994 1071 2079 corporis
1099 1999 1132 2059 te

175 2082 275 2145 fuisse
299 2086 331 2145 et
354 2084 460 2146 animo
484 2083 632 2165 valuisse,
655 2104 753 2165 quum
777 2103 823 2165 ea,
846 2103 926 2165 quae
946 2082 1015 2146 sine
1034 2102 1133 2149 causa

175 2170 334 2233 mirantur
357 2170 424 2253 alii,
451 2170 643 2253 neglexeris,
675 2169 770 2234 modo
803 2173 840 2234 ut
866 2169 926 2234 tibi
949 2170 1133 2237 eonstiterit

175 2258 299 2321 fructus
332 2257 391 2320 otii
422 2257 483 2341 tui,
516 2279 578 2340 quo
607 2257 734 2339 quidem
762 2257 822 2322 tibi
848 2258 970 2341 perfrui
997 2258 1132 2325 mirifice

174 2345 278 2428 licuit,
306 2366 405 2428 quum
433 2366 518 2408 esses
546 2345 581 2408 in
603 2345 667 2408 ista
690 2345 883 2422 amoenitate
910 2367 1013 2430 paene
1042 2348 1131 2414 solua

174 2433 314 2497 relictus.
359 2431 472 2515 Neque
494 2436 605 2496 tamen
629 2433 753 2523 dubito,
777 2434 853 2516 quin
877 2438 913 2498 tu
940 2435 975 2498 in
997 2434 1054 2500 illo
1077 2456 1131 2501 eu-

174 2522 281 2586 biculo
314 2524 384 2604 tuo,
416 2542 454 2584 ex
487 2542 549 2604 quo
581 2520 641 2584 tibi
672 2520 861 2586 Stabianum
892 2522 1066 2605 perforasti
1098 2528 1133 2589 et

174 2609 355 2692 patefecisti
377 2607 547 2693 Misenum,
569 2630 627 2692 per
646 2631 700 2674 eos
719 2609 786 2674 dies
804 2610 964 2674 matutina
982 2614 1133 2695 tempora

174 2697 375 2761 lectiunculis
399 2697 646 2781 consumpseris,
669 2719 767 2780 quum
789 2697 837 2761 illi
859 2699 995 2782 interea,
1018 2698 1075 2782 qui
1096 2703 1132 2764 te

174 2785 247 2847 istic
273 2784 484 2868 reliquerunt,
516 2789 699 2868 spectarent
725 2805 911 2850 communes
937 2786 1055 2851 mimos
1082 2808 1132 2851 se·

174 2872 334 2936 misomni.
370 2871 522 2954 Reliquas
545 2894 621 2937 vero
644 2875 752 2955 partes
776 2873 839 2936 diei
860 2876 897 2937 tu
916 2872 1132 2939 consumebas

173 2961 213 3025 iis
233 2959 508 3044 delectationibus,
526 2982 605 3043 quas
624 2961 683 3024 tibi
702 2960 771 3043 ipse
790 2960 831 3024 ad
850 2961 1018 3025 arbitrium
1036 2966 1133 3028 trum

174 3069 388 3133 compararas,
406 3048 500 3112 nobis
519 3052 627 3111 autem
645 3051 738 3112 erant
756 3070 793 3111 ea
811 3048 1029 3134 perpetienda,
1047 3072 1133 3134 qnae

139 3136 227 3220 asp.
250 3135 392 3201 Maecius
416 3135 624 3219 probavisset.
670 3134 820 3219 Omnino,
843 3136 871 3200 si
894 3137 1035 3221 quaeris,
1061 3138 1135 3203 ludi

174 3223 425 3309 apparatissimi,
455 3222 510 3286 sed
537 3245 605 3288 non
627 3224 675 3288 tui
708 3224 878 3307 stomachi,
910 3225 1135 3291 coniecttnam

174 3315 260 3376 enim
282 3312 366 3376 facio
390 3311 428 3375 de
452 3333 537 3376 meo:
561 3333 637 3375 nam
659 3312 800 3395 primum
821 3312 954 3377 honoris
978 3334 1077 3379 causa
1095 3314 1135 3379 in

160 3416 303 3463 'scenam
329 3399 491 3464 redierant
521 3399 558 3483 ii,
591 3420 671 3482 quos
703 3420 763 3484 ego
794 3400 927 3465 honoris
960 3422 1059 3466 causa
1090 3402 1136 3469 de
