2370 3878
132 146 195 209 168
413 144 450 199 Μ.
470 144 593 203 TULLII
611 143 801 203 CICERONIS

128 290 242 354 melius
266 292 454 371 exspectans
478 289 729 373 gratulationem
751 312 848 373 quam
869 291 1086 359 confirmatio-

128 400 204 443 nem
227 376 327 442 animi
349 377 398 441 tui
420 377 590 460 complecti
611 377 728 442 litteris
751 378 944 444 maluissem
979 379 1089 465 Nune,

129 470 166 530 ut
189 485 293 548 spero,
314 463 404 529 brevi
427 465 673 549 gratulabimur:
701 465 811 549 itaque
833 466 868 531 in
895 468 983 532 aliud
1006 472 1085 535 tem·

94 569 110 619 a
129 575 190 637 pus
212 552 245 616 id
267 555 494 637 argumentum
512 553 667 636 epistolae
685 553 811 637 differo,
832 554 883 618 his
906 560 1017 621 autem
1033 558 1086 622 lit·

129 641 206 705 teris
230 641 375 707 animum
396 643 502 723 tuum,
525 662 622 723 quem
642 641 773 709 minime
795 643 994 710 imbecillum
1016 667 1088 710 asse

130 732 163 794 et
185 728 281 794 audio
306 731 339 794 et
361 749 470 812 spero,
497 730 558 794 etsi
580 751 649 796 non
676 730 917 815 sapientissimi,
946 736 980 797 at
1008 734 1086 798 ami·

130 817 249 883 eissimi
271 816 412 883 hominis
434 817 625 883 auctoritate
643 818 899 885 confirmandum
916 821 1016 885 etiam
1039 825 1086 886 at

130 927 191 990 que
215 906 313 973 etiam
334 908 428 989 puto,
455 927 515 972 nee
541 907 581 971 iis
609 906 739 989 quidem
765 907 884 991 verbis,
911 908 1030 991 quibus
1052 913 1088 974 te

130 995 276 1061 consoler
298 997 336 1059 ut
363 993 519 1059 afflictum
547 998 580 1061 et
605 994 671 1060 iam
698 995 787 1059 omni
814 1017 870 1079 spe
898 997 1012 1060 salutis
1036 1019 1086 1062 or·

129 1083 251 1167 batum,
274 1082 329 1148 sed
352 1086 389 1151 ut
412 1104 493 1167 euim,
516 1083 555 1147 de
579 1083 669 1149 anius
686 1083 907 1149 ineolumitate
925 1106 993 1150 non
1011 1086 1088 1168 plus

130 1171 285 1254 dubitem,
313 1193 409 1254 quarn
435 1174 469 1236 te
491 1171 623 1237 memini
650 1171 796 1236 dubitare
824 1171 863 1235 de
885 1193 974 1255 mea,
998 1193 1087 1258 nam,

130 1281 230 1342 quum
255 1280 306 1323 me
333 1280 372 1322 ex
397 1279 432 1322 re
458 1259 588 1341 publiea
615 1258 811 1341 expulissent
837 1259 874 1343 ii,
906 1260 961 1343 qui
992 1261 1085 1325 illam

130 1347 242 1411 eadere
264 1367 360 1430 posse
383 1348 490 1409 stante
509 1367 560 1412 me
578 1366 646 1411 non
659 1347 680 1424 †
693 1350 859 1431 putarunt,
881 1348 1015 1412 memini
1032 1370 1087 1414 me

131 1456 170 1499 ex
192 1434 302 1507 multis
329 1433 524 1517 hospitibus,
552 1433 607 1517 qui
634 1433 748 1498 adme
776 1456 815 1499 ex
836 1434 931 1520 Asia,
955 1437 990 1499 in
1020 1457 1085 1520 qua

130 1526 166 1586 tu
195 1543 278 1605 eras,
305 1525 474 1604 venerant,
502 1522 612 1587 audire
638 1525 670 1586 te
698 1522 737 1586 de
765 1523 906 1607 glorioso
933 1528 967 1586 et
989 1526 1086 1589 aeleri

94 1625 110 1673 a
130 1609 235 1674 reditu
249 1631 321 1674 meo
335 1608 533 1675 confirmare.
565 1608 599 1675 si
613 1612 645 1675 te
659 1610 742 1677 ratio
758 1611 915 1694 quasdam
927 1610 1088 1679 Etruscae

131 1698 327 1782 disciplinae,
350 1719 446 1782 quam
465 1701 603 1782 epatre,
624 1698 825 1767 nobilissimo
844 1703 940 1782 atque
960 1701 1088 1784 optimo

131 1787 210 1871 viro,
233 1807 417 1870 acceperas,
436 1807 504 1851 non
525 1785 650 1870 fefellit,
672 1808 713 1853 ne
736 1808 796 1852 nos
820 1788 948 1871 quidem
971 1791 1089 1853 nostra

132 1876 287 1945 divinatio.
309 1875 410 1960 fallet,
433 1897 530 1958 quam
552 1896 653 1958 quum
669 1875 979 1959 sapientissimorum
1000 1876 1087 1942 uiro-

131 1987 203 2030 rum
234 1965 366 2030 monitis
399 1967 506 2064 atque,
526 1963 709 2048 praeseptis
736 1964 951 2064 plurimoque,
983 1967 1021 2028 ut
1048 1968 1087 2030 tu

132 2051 1087 2226 ittsiffssnsnttittffss'miffiattgttsttiffmultiiil

95 2241 205 2292 rrum
227 2227 382 2292 varietate
405 2227 569 2291 consecuti
592 2249 714 2309 sumus3
737 2228 788 2292 cui
811 2228 939 2311 quidem
962 2228 1087 2293 divina-

132 2316 215 2380 tioni
236 2315 300 2380 hoe
322 2315 395 2399 plus
419 2313 618 2401 confidimus,
640 2315 725 2398 quod
748 2337 786 2379 ea
803 2337 863 2381 nos
881 2315 963 2380 nihil
981 2316 1016 2380 in
1033 2317 1088 2382 his

131 2406 200 2468 tam
233 2403 376 2467 obscuris
408 2403 503 2466 rebus
537 2404 668 2486 tamque
704 2403 900 2489 perturbatis
931 2425 1087 2487 umquam

133 2493 265 2557 omnino
288 2490 412 2555 fefellit.
456 2489 617 2574 Dicerem,
645 2511 726 2573 quae
754 2495 829 2555 ante
857 2491 967 2556 futura
989 2493 1089 2557 dixis-

134 2603 210 2665 sem,
231 2581 267 2645 ni
289 2599 429 2662 vererer,
450 2600 495 2644 na.
515 2599 553 2642 ex
576 2579 699 2643 arentis
721 2578 843 2664 fingere
865 2580 1004 2663 viderer,
1030 2581 1088 2645 sed

132 2672 243 2735 tamen
265 2667 396 2756 plurimi
419 2670 495 2733 sunt
516 2670 616 2732 testes
637 2688 689 2733 me
711 2671 744 2732 st
765 2667 870 2751 initio,
889 2690 930 2733 ne
953 2669 1088 2735 ueniun-

134 2761 226 2842 geret
261 2779 294 2822 se
331 2778 404 2821 oum
441 2752 590 2839 Caesare,
630 2756 793 2821 monuisse
828 2755 1018 2840 Pompeium
1055 2761 1090 2821 at

133 2848 255 2929 postea,
277 2866 319 2910 ne
343 2866 376 2909 se
398 2845 592 2928 diiungeret:
616 2842 842 2909 coniunctione
863 2844 973 2928 frangi
996 2865 1089 2911 sana-

133 2937 186 2997 tus
210 2953 297 3016 opes,
319 2931 515 2997 diiunctione
534 2932 626 2997 civile
643 2932 764 2997 bellum
781 2932 913 2997 excitari
930 2932 1091 3018 videbam,

133 3025 230 3107 atque
253 3021 368 3086 utebar
389 3020 635 3086 familiarissime
659 3017 807 3104 Caesare,
829 3019 1019 3104 Pompeium
1039 3020 1089 3085 ia·

133 3111 257 3176 aiebam
288 3109 431 3194 plurimi,
462 3108 517 3173 sed
549 3112 619 3173 erat
649 3129 757 3172 meum
788 3108 957 3173 eonsilium
989 3130 1090 3191 quum

203 3266 255 3337 Ep.
275 3272 304 3334 6,
319 3271 343 3319 2.
376 3269 461 3334 puto,
483 3280 532 3321 uae
550 3265 624 3334 (W).
666 3280 712 3333 p.;
733 3279 782 3319 aaa
800 3264 831 3319 Β.
860 3294 892 3304 -
921 3268 1092 3332 walarum

134 3338 208 3407 (W.).
241 3341 376 3407 putarent
385 3334 532 3405 (Mart-L.)
547 3335 831 3404 subnominatis.
858 3333 1089 3404 pataraatL.‚B.

133 3414 158 3462 3.
185 3409 319 3477 quaedum
337 3406 473 3462 Etruscae
492 3405 564 3472 (edu
583 3407 671 3474 vett).
708 3423 732 3476 q.
750 3406 888 3462 iratmeae
901 3405 937 3459 Μ.
974 3422 998 3475 q.
1017 3406 1093 3460 mira

134 3478 240 3534 Tuscae
258 3478 288 3532 B.
325 3483 351 3532 4.
379 3494 413 3533 ne
431 3478 580 3546 seianperet
598 3476 656 3546 (M.)
