2370 3878
326 185 586 242 EPISTOLARUM
604 184 637 240 V.
657 192 734 242 6-3.
947 184 1010 249 129

53 334 166 397 nostra
188 328 330 395 amicitia
353 330 509 413 postulat:
532 350 660 395 reseas
684 330 778 415 gessi,
801 350 938 412 quarum
956 330 1011 394 ali-

54 440 152 504 quam
174 416 210 483 in
232 416 296 481 tuis
319 416 434 482 litteris
453 420 486 481 et
503 421 633 483 nostrae
652 416 897 483 necessitudinis
915 420 948 481 et
965 418 1012 482 rei

53 507 202 592 publicae
226 526 322 570 causa
345 505 596 591 gratulationem
617 506 809 590 exspectavi,
832 527 929 589 quam
952 526 1011 590 ego

55 596 114 660 abs
137 597 169 659 te
192 595 451 677 praetermissam
474 615 542 661 esse
566 594 719 677 arbitror,
746 593 833 678 quod
860 615 1013 676 vererere,

55 705 97 747 ne
121 681 212 749 cuius
230 682 374 747 animum
392 681 582 766 offenderem
605 682 661 747 sed
680 682 760 749 scito
782 703 830 767 ea,
852 703 933 765 quae
952 703 1012 745 nos

55 793 115 856 pro
140 771 243 834 salute
265 771 389 854 patriae
408 770 574 859 gessimus,
598 770 684 836 orbis
707 774 812 841 terrae
834 769 952 836 iudicio
976 791 1014 833 ac

56 858 243 925 testimonio
267 858 483 942 comprobari,
510 880 606 944 quac,
634 880 733 942 quum
755 859 894 942 veneris,
920 861 1013 923 tanto

57 946 191 1012 consilio
219 950 374 1030 tantaque
407 947 507 1013 animi
538 946 762 1032 magnitudine
792 969 812 1010 a
839 967 890 1011 me
923 950 1014 1030 gesta

57 1056 127 1099 esse
151 1055 336 1120 cognosces,
357 1037 396 1099 nt
417 1035 478 1098 tibi
499 1036 602 1101 multo
626 1034 750 1118 maiori,
773 1055 869 1118 quam
890 1032 1015 1099 Africa-

58 1144 119 1186 nus
146 1122 223 1206 fuit,
254 1144 305 1187 me
332 1144 401 1189 non
430 1123 532 1189 multo
561 1122 719 1189 minorem
745 1144 843 1206 quam
870 1120 1016 1188 Laelium

57 1210 152 1274 facilc
185 1214 218 1274 et
248 1211 284 1274 in
314 1232 349 1277 re
380 1210 510 1297 publicu
537 1214 570 1277 et
596 1212 632 1282 in
659 1210 800 1280 amicitia
829 1208 1015 1276 adiunctum

58 1320 128 1364 esse
151 1299 285 1383 patiare.

491 1509 582 1575 VIII.

268 1619 325 1676 Ser.
344 1636 439 1681 mense
458 1621 588 1677 Ianuario
608 1638 632 1676 a.
653 1639 679 1675 u.
699 1639 723 1677 c.
744 1628 802 1678 icc.

157 1744 194 1799 M.
214 1742 343 1801 CICERO
363 1743 390 1799 S.
414 1740 444 1801 0.
461 1743 499 1798 M.
518 1743 654 1801 LICINIO
673 1743 703 1799 P.
723 1743 754 1797 F.
773 1741 917 1799 CRASSO.

128 1842 292 1919 Quantum
305 1843 373 1921 †ad
391 1864 498 1907 meum
512 1842 655 1907 studium
673 1842 831 1906 exstiterit
849 1842 1017 1926 dignItatis
1037 1853 1050 1899 1

60 1935 136 1995 tuae
159 1931 211 1995 vel
232 1930 373 1995 tuendae
399 1931 451 1994 vel
478 1931 576 1993 etiam
603 1928 783 2013 augendae,
809 1949 877 1993 non
905 1928 1016 1992 dubito

61 2018 141 2100 quin
168 2016 209 2081 ad
236 2021 270 2081 te
297 2038 408 2081 omnes
438 2017 489 2080 tui
516 2017 715 2100 scripserint3
746 2037 814 2080 non
841 2016 927 2080 enim
955 2016 1018 2083 fuit

61 2108 120 2169 aut
151 2104 310 2170 mediocre
342 2106 399 2170 aut
431 2104 602 2169 obscurum
638 2108 695 2169 aut
727 2104 895 2188 eiusmodi,
932 2105 1017 2188 quod

61 2193 190 2258 silentio
222 2195 332 2278 posset
358 2192 539 2276 praeteriri:
566 2214 643 2257 nam
670 2195 803 2257 etcum
832 2193 1017 2258 consulibus

60 2285 95 2345 et
123 2303 195 2345 cum
223 2281 333 2347 multis
360 2280 582 2351 consularibus
609 2283 703 2345 tanta
729 2282 937 2347 contentione
965 2281 1017 2345 de-

60 2370 189 2452 certavi,
208 2373 331 2453 quanta
348 2390 525 2453 numquam
543 2372 640 2434 antea
652 2370 719 2434 ulla
737 2369 773 2434 in
791 2390 896 2453 causa,
915 2390 1017 2434 susce-

61 2458 158 2541 pique
172 2456 252 2523 mihi
270 2460 458 2542 perpetuam
476 2457 771 2542 propugnationem
789 2479 848 2543 pro
868 2457 1017 2522 omnibus
1073 2473 1078 2483 ·

61 2546 260 2610 ornamentis
279 2545 343 2611 tuis
361 2546 525 2631 veterique
543 2550 674 2612 nostrae
692 2545 922 2611 necessitudini
940 2545 1018 2607 iam·

62 2632 122 2696 diu·
140 2633 297 2717 debitum,
327 2632 383 2698 sed
408 2635 512 2699 multa
538 2634 693 2699 varietate
715 2638 898 2719 temporum
919 2632 1018 2696 inter-

60 2723 192 2804 ruptum
220 2721 363 2787 officium
390 2724 552 2787 cumulate
579 2721 710 2787 reddidi.
754 2720 868 2805 Neque
895 2720 1053 2785 mehern

62 2810 132 2873 cule
164 2831 317 2893 umquam
352 2809 433 2874 mihi
463 2811 512 2875 tui
547 2813 604 2875 aut
635 2810 761 2875 colendi
792 2813 851 2875 aut
881 2809 1018 2875 ornandi

62 2897 211 2963 voluntas
226 2896 341 2980 defuit3
364 2897 420 2961 sed
438 2897 595 2980 quaedam
613 2901 719 2981 pestes
737 2898 906 2963 hominum
923 2897 1018 2961 laude

63 2983 168 3047 aliena
190 2984 369 3051 dolentium
396 2987 429 3047 ct
454 2988 488 3048 ts
511 3006 756 3068 nonnumquam
783 3008 803 3051 a
825 3007 875 3049 me
899 2985 1018 3049 aliena·

63 3072 139 3132 runt
162 3073 195 3134 et
212 3092 263 3139 me
282 3070 455 3154 aliquando
473 3072 686 3139 immutarunt
705 3072 774 3138 tibi.
810 3071 873 3138 sed
896 3071 1019 3136 exstitit

130 3300 182 3371 Ep.
202 3305 226 3356 8.
256 3298 403 3355 CICERO
421 3299 450 3355 S.
469 3299 507 3354 D.
527 3300 570 3354 M.
589 3298 756 3363 LICINIO
775 3298 849 3368 (W.).
878 3295 952 3352 clc.
972 3296 1018 3351 M.

59 3370 251 3440 crc.vu1g0.
291 3377 313 3425 1.
340 3369 481 3441 Quocum
497 3371 517 3434 †
535 3370 573 3426 od
593 3385 681 3424 mcum
703 3369 777 3438 (Μ).
811 3368 842 3438 Q.
867 3367 1018 3422 absentare

59 3459 147 3498 ccccm
166 3442 231 3511 (W.)
251 3442 301 3495 aut
321 3440 351 3512 Q.
371 3458 397 3496 c.
415 3439 540 3496 d.**m.
560 3440 652 3510 (Klotz
670 3441 699 3494 et
716 3440 841 3506 meuse.)
862 3439 912 3492 aut
931 3435 962 3507 Q.
981 3452 1018 3492 m.

61 3512 231 3640 (ediiiiciriridi’
242 3512 304 3647 eiiii
317 3596 337 3638 1.
801 3589 821 3640 C
