2370 3878
138 212 205 275 574
421 212 458 265 Μ.
478 210 602 265 TULLII
620 208 811 265 CICERONIS

137 356 368 441 provincialem
390 355 492 437 dedit,
519 355 546 418 si
569 376 642 420 mea
663 377 738 439 pars
761 356 884 420 nemini
911 356 1015 442 eadit,
1041 357 1100 443 fae,

94 514 108 525 ,
138 450 173 509 ut
195 450 253 510 tua
276 448 399 508 eeteros
422 446 539 507 vineat.
589 442 691 507 Simul
719 448 752 506 et
778 445 859 509 illud
887 445 1014 530 cogita,
1041 469 1099 511 nos

68 536 79 547 “
136 555 204 599 uon
228 533 266 596 de
289 532 412 615 reliqua
436 537 468 596 et
492 536 619 615 sperata
640 533 775 616 gloria'
766 555 831 597 ram
854 533 1022 618 laborare,
1045 535 1099 599 sed

138 623 176 686 de
198 624 293 704 parta
314 620 475 704 dimicare,
497 642 579 704 quae
598 621 726 704 quidem
744 626 899 686 nontam
918 586 1100 706 expetenda

136 710 231 775 nobis
262 709 339 792 luit,
371 731 468 792 quam
495 709 615 773 tuenda
643 714 701 773 est.
746 710 808 792 Ac,
840 711 868 773 si
896 710 980 774 mihi
1010 712 1098 795 quid·

137 819 234 881 quam
257 802 343 861 esset
365 798 423 862 abs
446 802 478 861 te
497 802 690 881 separatum,
712 797 794 862 nihil
813 799 953 882 amphus
977 800 1098 865 deside·

136 908 241 950 rarem
268 887 331 951 hoe
359 890 460 969 statu,
491 887 546 970 qui
573 886 654 950 mihi
680 886 745 951 iam
773 891 884 971 partus
914 891 978 952 est:
1012 911 1098 953 nune

136 997 212 1039 vero
241 976 286 1039 sie
314 997 365 1039 res
393 996 462 1038 sese
484 975 597 1057 habet,
624 979 674 1057 ut,
700 975 764 1039 uisi
792 976 902 1040 omnia
928 979 989 1040 tua
1012 977 1099 1042 faeta

137 1069 234 1148 atque
263 1064 348 1128 diota
374 1063 495 1128 nostris
522 1063 617 1127 rebus
644 1064 740 1127 istinc
767 1064 1002 1149 respondeant,
1037 1087 1098 1151 ego

136 1175 188 1216 me
215 1152 317 1217 tantis
343 1152 424 1216 meis
450 1152 615 1216 laboribus
641 1153 805 1236 tantisque
828 1153 993 1237 perieulis,
1021 1176 1098 1238 quo·

137 1263 208 1305 rum
231 1248 267 1304 tu
291 1242 435 1305 omnium
458 1241 618 1323 particeps
645 1240 750 1323 fuisti,
776 1239 859 1304 nihil
886 1246 1098 1306 consecutum

134 1336 247 1411 putem.
289 1328 381 1404 Quod
405 1329 441 1412 si,
463 1334 501 1393 ut
523 1329 756 1411 amplissimum
778 1350 897 1393 nomen
921 1351 1098 1414 conseque-

138 1439 258 1499 remur,
289 1439 373 1481 unus
400 1422 527 1500 praeter
554 1420 677 1481 eeteros
700 1417 865 1499 adiuvisti,
892 1422 979 1481 certe
1003 1418 1098 1502 idem,

139 1512 175 1568 ut
197 1507 229 1568 id
252 1507 462 1589 retineamus,
488 1508 616 1589 praeter
638 1509 760 1569 eeteros
783 1505 974 1570 elaborabis.
1020 1504 1098 1571 Non

139 1598 187 1655 est
209 1593 268 1655 tibi
292 1593 341 1655 his
366 1593 442 1656 solis
465 1593 621 1657 utendum
639 1594 930 1659 existimationibus
953 1616 993 1658 ae
1016 1595 1097 1660 iudi-

139 1681 209 1762 1111,
237 1681 291 1763 qui
318 1701 405 1744 nune
433 1685 523 1763 sunt,
548 1681 730 1765 hominum,
757 1682 813 1746 sed
835 1682 875 1745 iis
899 1683 1012 1766 etiam,
1041 1685 1096 1767 qui

138 1769 239 1833 futuri
258 1773 346 1850 sunt,
370 1791 564 1853 quamquam
582 1770 712 1834 illorum
730 1771 791 1834 erit
808 1771 913 1835 verius
932 1771 1097 1854 iudicium,

96 1874 123 1913 ιι
139 1859 372 1922 obtrectatione
401 1863 433 1922 et
464 1858 691 1922 malevolentia
717 1859 897 1922 liberatum.
946 1857 1096 1943 Denique

139 1948 237 2011 etiam
259 1948 338 2010 illud
362 1947 458 2011 debes
477 1947 629 2031 cogitare,
651 1968 718 2011 non
740 1950 773 2010 te
796 1946 856 2010 tibi
876 1946 937 2012 soli
957 1947 1096 2032 gloriam

139 2057 303 2118 quaerere,
326 2035 411 2119 quod
431 2035 457 2099 si
476 2037 569 2116 esset,
586 2038 697 2098 tamen
709 2056 777 2098 non
795 2035 987 2120 negligeres,
1005 2058 1096 2121 prae·

139 2126 249 2189 sertim
281 2145 380 2208 quum
412 2122 617 2207 amplissimis
653 2123 870 2188 monumentis
907 2145 1097 2189 consecrare

138 2214 294 2277 voluisses
326 2212 513 2278 memoriam
545 2210 685 2276 nominis
713 2212 774 2294 tui,
806 2211 862 2276 sed
890 2232 928 2275 ea
957 2215 1009 2276 est
1035 2213 1097 2276 tibi

139 2301 405 2366 communicanda
427 2322 561 2383 meeum,
583 2300 748 2383 prodenda
770 2300 879 2363 liberis
902 2301 1038 2365 nostris:
1060 2301 1096 2364 in

138 2411 202 2472 quo
226 2389 403 2453 cavendum
426 2392 488 2472 est,
514 2409 569 2471 ne,
596 2389 624 2452 si
646 2388 862 2472 negligentior
889 2387 1005 2473 fueris,
1031 2410 1096 2453 ιιοιι

137 2479 237 2542 solum
258 2478 318 2541 tibi
340 2498 455 2561 parum
478 2477 689 2560 consuluisse,
716 2478 772 2541 sed
799 2477 897 2541 etiam
923 2477 989 2541 tuis
1013 2477 1094 2542 inri-

139 2567 222 2633 disse
244 2566 390 2632 ridearis

96 2650 128 2697 ¹⁶
204 2655 310 2740 Atque
333 2656 413 2720 haee
435 2675 503 2719 uon
526 2674 563 2718 eo
587 2653 750 2737 dicuntur,
779 2657 816 2719 ut
837 2658 870 2718 te
894 2652 997 2718 oratio
1021 2674 1095 2717 mea

97 2717 350 2810 ⁴15dormientem
373 2744 543 2827 excitasse,
570 2741 624 2805 sed
647 2741 755 2825 potius
778 2745 814 2806 ut
841 2742 1055 2806 currentem
1045 2763 1094 2806 ιιι-

139 2834 254 2897 citasse
277 2832 384 2898 videat
370 2837 435 2914 tur,
456 2831 556 2896 facies
579 2830 664 2895 enim
687 2832 852 2914 perpetuo,
875 2850 956 2913 quae
978 2828 1095 2915 fecisti,

138 2926 175 2985 ut
199 2942 310 2984 omnes
333 2921 528 3003 aequitatem
546 2921 644 3002 tuam,
664 2918 921 3002 temperantiam,
943 2919 1094 2983 severita-

137 3010 240 3074 tem
231 3031 266 3073 ιιι
266 3009 514 3093 tegritatemque
540 3007 718 3071 laudarent.
767 3004 830 3071 Sed
857 3026 908 3070 me
929 3007 1094 3090 quaedam

137 3102 228 3163 tenet
258 3101 392 3182 propter
429 3096 626 3180 singularem
658 3115 799 3160 amorem
835 3094 1004 3158 infinita
994 3116 1030 3161 ιιι
1061 3097 1095 3159 te

139 3188 238 3253 avidit
224 3191 274 3252 tas
303 3186 438 3271 gloriae,
471 3204 664 3267 quamquam
691 3183 770 3247 illud
800 3181 962 3288 eriistimo,
994 3204 1095 3266 quum

209 3343 260 3413 Ep
281 3350 306 3409 1,
320 3349 362 3397 43.
400 3341 491 3397 Simul
508 3345 533 3394 et
550 3339 622 3395 illud
649 3339 705 3407 (Μ.,
724 3339 772 3393 vul
773 3341 829 3409 go).
875 3338 905 3394 S
924 3338 1044 3394 asama.
1062 3338 1093 3392 Β.

138 3420 180 3469 44
209 3415 291 3469 etiam
308 3413 380 3470 illud
402 3412 471 3481 (Ml,
489 3411 595 3480 vulgo).
648 3412 666 3464 ι’.
686 3413 740 3476 1.(
731 3410 791 3476 (Ma
810 3409 878 3479 (alia
895 3413 1014 3478 manus),
1032 3409 1094 3477 B.)?

139 3487 223 3539 -ia
257 3500 293 3538 uo
312 3500 368 3538 eoo.
389 3481 569 3563 (Faeniolat.)
609 3483 641 3536 ιἰι
658 3496 753 3550 quae.
772 3480 818 3550 M,
837 3480 921 3535 Β.-
888 3494 998 3568 —aoa
1015 3480 1095 3535 modo

127 3551 644 3631 1111(,9)91111Μ.,1ι11ι1.111.

186 3762 246 3837 A
