2370 3878
149 192 212 255 318
430 191 467 245 Μ.
488 189 611 244 TULLII
630 189 820 247 CICERONIS

147 335 255 420 potius
282 335 455 418 periclitari
483 335 583 418 volui,
611 335 638 398 si
665 357 793 418 possem
820 357 892 400 mea
921 340 1105 420 praesentia

148 428 181 488 ct
212 423 369 506 Lepidum
400 423 484 486 tueri
520 427 553 486 ct
584 424 756 486 exercitum
792 423 897 487 facere
929 426 1104 509 mellorem,

148 534 245 595 quam
267 512 363 575 nimis
387 514 499 574 cautus
523 510 635 593 videri,
659 512 877 589 sollicitiorem
896 517 980 576 certe
1001 515 1103 577 homi-

147 622 236 683 nem,
267 621 335 663 non
367 599 433 662 suis
465 599 654 681 contractis,
686 600 847 662 neminem
879 604 958 682 puto
991 602 1103 682 fuisse,

147 709 237 772 nam,
274 709 355 770 quac
387 708 437 750 res
468 688 592 750 nullam
623 686 765 750 habebat
796 687 1043 772 dubitationem,
1076 692 1103 753 si

148 776 304 839 exercitus
331 774 444 857 Lepidi
476 774 615 857 abesset,
647 796 685 838 ea
711 796 797 838 nunc
829 797 981 860 magnam
1010 778 1103 841 affert

148 863 395 928 sollicitudinem
414 883 631 947 magnumque
649 863 749 926 habet
768 884 890 945 casum,
914 865 993 927 mihi
1017 866 1100 928 enirn

149 952 175 1015 si
203 951 404 1035 contigisset,
432 954 468 1014 ut
494 951 583 1034 prior
614 971 812 1015 occurrerem
843 950 1003 1037 Antonio,
1035 975 1102 1017 non

147 1040 344 1104 mehercules
366 1039 480 1103 horam
502 1038 712 1109 constitisset:
735 1042 863 1102 tanturn
883 1061 943 1123 ago
968 1045 1001 1104 et
1023 1042 1102 1104 mihi

63 1180 65 1184 .
148 1128 274 1192 confido
306 1131 338 1191 et
371 1127 416 1191 sic
446 1127 609 1210 perculsas
641 1127 727 1191 illius
755 1127 864 1210 copias
894 1127 1101 1211 Ventidiique

147 1216 298 1280 mulionis
321 1218 427 1278 castra
450 1214 605 1297 despici03
633 1215 778 1278 sednon
801 1236 932 1297 possum
960 1238 1027 1280 non
1051 1239 1101 1280 ex·

146 1304 340 1385 horrescere,
358 1303 385 1366 si
400 1302 475 1385 quid
489 1303 576 1364 intra
595 1306 699 1366 cutem
719 1302 829 1366 subest
846 1303 997 1388 vulneris,
1016 1305 1100 1387 qnod

147 1393 236 1474 prius
263 1412 378 1454 nocere
410 1393 530 1474 potest,
562 1411 658 1473 quam
688 1391 762 1453 sciri
794 1391 960 1473 curarique
990 1393 1101 1474 possit,

148 1478 210 1543 Sed
233 1483 327 1563 certo,
349 1479 412 1542 nisi
435 1487 500 1542 uno
523 1479 594 1542 loco
618 1499 668 1541 me
691 1482 847 1562 tenerem,
870 1500 1024 1564 magnum
1048 1503 1100 1563 pe-

147 1567 283 1631 riculum
310 1568 378 1649 ipse
406 1565 560 1650 LepiduS,
591 1587 746 1650 magnum
777 1588 815 1630 ea
842 1589 917 1650 pars
944 1569 1100 1631 exercitus

147 1656 263 1739 adiret,
295 1677 375 1738 quae
408 1655 489 1718 benc
517 1655 555 1717 de
582 1676 616 1717 re
644 1654 772 1738 publica
802 1656 915 1736 sentit,
947 1676 1099 1738 magnam

147 1745 245 1808 etiam
275 1743 392 1827 perditi
417 1743 527 1807 hostes
555 1743 770 1808 accessionem
793 1742 854 1806 sibi
876 1742 1040 1822 fecissent,
1073 1745 1100 1806 si

147 1854 226 1916 quas
250 1833 358 1916 copias
382 1854 401 1895 a
424 1830 545 1915 Lepido
569 1831 813 1895 abstraxissent:
837 1852 918 1914 quae
938 1831 964 1894 si
984 1831 1100 1894 adven-

145 1924 199 1985 tus
227 1943 317 1985 meus
343 1921 543 2004 represserit,
575 1940 669 2004 agam
698 1920 818 2004 gratias
846 1919 995 1983 fortunae
1026 1940 1099 1983 con·

147 2011 348 2092 stantiaequc
375 2030 478 2093 meae,
510 2029 591 2092 quae
618 2009 660 2072 ad
686 2008 771 2071 hanc
798 2007 1027 2090 experientiam
1054 2029 1100 2070 luc

111 2098 305 2160 4oxcitavit.
353 2096 467 2181 Itaque
496 2118 523 2159 a.
546 2095 576 2159 d.
599 2110 661 2156 ΧΠ.
688 2094 823 2158 Kalend.
852 2094 923 2159 lun.
947 2097 987 2159 ab
1011 2095 1100 2158 Isara

147 2188 252 2247 castra
270 2185 369 2265 movi3
390 2188 524 2267 pontem
542 2187 661 2265 tamen,
679 2204 775 2266 quern
792 2183 827 2245 in
845 2183 935 2246 Isara
953 2184 1100 2264 feceram,

147 2272 286 2337 castellis
310 2272 434 2336 duobus
457 2272 498 2335 ad
521 2272 628 2355 capita
655 2271 768 2353 positis
791 2271 905 2353 reliqui
928 2273 1100 2353 praesidia·

147 2380 207 2442 quc
230 2359 276 2422 ibi
297 2358 390 2422 firma
412 2359 514 2443 posui,
536 2361 574 2423 ut
595 2359 737 2423 venienti
759 2356 862 2421 Bruto
886 2360 1099 2442 exercituique

146 2448 214 2511 eius
242 2447 310 2511 sine
341 2469 432 2511 mora
462 2447 618 2510 transitus
645 2449 730 2510 esset
756 2450 897 2528 paratus.
949 2445 1036 2530 Ipse,
1063 2452 1100 2508 ut

146 2558 249 2619 spero,
272 2535 383 2600 diebus
408 2539 490 2617 octa,
513 2533 628 2616 quibus
651 2534 711 2597 has
733 2533 858 2596 litteras
879 2532 1004 2617 dabam,
1026 2555 1099 2596 cum

146 2623 261 2708 Lepidi
284 2623 384 2708 copiis
406 2643 457 2687 me
481 2621 685 2705 coniungam.

578 2795 666 2860 XIX.

256 2909 312 2965 Sor.
333 2906 438 2966 Romae
457 2909 576 2964 exeunte
593 2923 688 2963 meuse
705 2906 781 2962 Maio
800 2921 825 2961 a.
844 2923 870 2961 u.
890 2921 913 2961 o.
929 2912 989 2960 711.

473 3031 603 3087 CICERO
622 3029 775 3086 PLANCO.

111 3148 126 3195 1
212 3133 414 3218 Quamquam
440 3132 619 3218 gratiarum
641 3131 801 3195 actionem
829 3133 902 3193 ate
925 3150 993 3194 non
1020 3128 1099 3192 desi·

145 3223 306 3308 donabam,
329 3244 428 3306 quum
449 3225 482 3286 te
505 3242 539 3285 rc
562 3221 633 3304 ipsa
656 3223 752 3302 atquc
771 3218 879 3282 animo
899 3217 1012 3281 scirem
1032 3238 1100 3280 esse

214 3379 267 3448 Ep.
288 3383 329 3446 18,
344 3384 368 3432 3.
405 3379 430 3432 si
443 3392 550 3445 possem
564 3374 668 3444 (Crat).
706 3376 731 3428 ci
744 3377 836 3442 posset
848 3373 913 3426 ΜΒ.
933 3402 967 3411 -
985 3371 1101 3426 habebat

196 3451 304 3503 abesset
327 3450 365 3519 (q.
386 3467 411 3505 v,
433 3448 475 3504 cd.
494 3445 635 3516 Lambini,
654 3444 737 3515 Son).
778 3444 893 3498 habebat
973 3443 1044 3497 absr't
1062 3442 1099 3494 M.

114 3513 226 3571 habeat
241 3559 248 3572 ,
262 3559 288 3574 ..
311 3522 389 3578 absit
407 3520 485 3592 Era,
504 3521 538 3578 B.
