2370 3878
254 195 513 250 EPISTOLARUM
526 195 576 248 AD
592 193 622 259 Q.
638 192 815 248 FRATREM
828 193 849 249 1.
866 200 889 248 1.
989 193 1053 257 569

92 343 183 407 ribus
206 342 335 406 tuendis
360 361 492 424 operam
514 361 584 404 esse
606 338 799 422 ponendam.
840 337 955 423 Quare,
978 361 1055 422 quo·

94 432 183 496 niam
211 431 246 493 in
273 430 343 494 istis
367 428 500 492 urbibus
529 449 602 492 cum
630 449 754 493 summo
781 428 916 512 imperio
945 431 977 491 et
999 450 1055 511 po-

94 522 212 584 testate
235 517 382 600 versaris,
404 518 439 580 in
463 517 579 599 quibus
602 519 675 579 tuas
697 517 833 581 virtutes
852 520 1055 580 consecratas

66 642 77 677 -,
95 611 129 672 11
150 608 185 671 in
208 607 341 671 deorum
364 626 499 669 numero
524 605 697 669 collocatas
721 604 824 688 vides,
846 606 881 669 in
905 605 1055 669 omnibus

95 696 201 778 rebus,
224 717 304 778 quas
328 697 460 776 statues,
483 715 563 776 quas
583 692 744 777 decernes,
767 715 846 777 quas
870 714 956 779 ages,
979 692 1056 776 quid

48 782 51 789 '
96 784 196 848 tantis
224 783 392 848 hominum
420 782 642 864 opinionibus,
668 782 769 846 tantis
796 781 835 845 dc
862 785 894 845 te
921 782 1056 864 iudiciis,

95 872 197 936 tantis
224 870 403 936 honoribus
427 870 556 952 debeas,
591 870 762 954 cogitabis3
793 870 827 933 id
855 873 963 935 autem
996 871 1057 934 erit

97 959 264 1043 eiusmodi,
287 962 324 1023 ut
347 959 497 1023 consulas
521 958 685 1041 omnibus,
708 962 744 1022 ut
766 959 912 1023 medeare
935 959 1056 1024 incom-

97 1048 201 1112 modis
223 1048 405 1130 hominum,
431 1046 600 1130 provideas
628 1047 738 1130 saluti,
699 1049 802 1110 tut
828 1050 860 1110 11
888 1050 1056 1131 parentem

97 1136 195 1199 Asiae
220 1139 252 1199 11
275 1135 337 1199 dici
360 1139 393 1199 11
414 1134 527 1199 haberi
549 1135 637 1200 velis.
669 1132 784 1217 'tAqui
806 1134 881 1198 huic
903 1138 1021 1199 tuaev
1001 1157 1055 1199 v-0
1070 1131 1101 1236 ἐξ

96 1224 217 1288 luntati
240 1245 277 1287 ac
301 1223 486 1308 diligentiae
506 1223 676 1287 difficultat
627 1226 728 1287 ttem
746 1244 900 1307 magnam
918 1223 1056 1287 afferunt

98 1312 275 1395 publicani:
299 1312 415 1395 quibus
439 1312 466 1375 si
490 1311 745 1395 adversabimur,
769 1310 913 1375 ordinem
937 1311 976 1375 do
999 1333 1057 1375 no·

99 1400 149 1463 bis
179 1400 299 1482 optime
331 1399 481 1464 meritum
514 1403 546 1463 et
577 1421 634 1482 per
666 1421 726 1464 nos
759 1421 831 1463 cum
864 1421 897 1463 re
927 1400 1057 1482 publica

100 1488 307 1553 coniunctum
330 1491 362 1552 et
386 1511 405 1552 a
427 1488 521 1552 nobis
546 1491 578 1551 et
600 1487 819 1572 erepublica
840 1487 1057 1572 diiungemus3

100 1578 151 1640 sin
174 1579 282 1641 autem
305 1576 454 1641 omnibus
478 1577 512 1640 in
539 1575 635 1640 rebus
658 1576 883 1660 obsequemur,
909 1577 1057 1640 funditus

100 1686 154 1729 eos
177 1664 281 1748 perire
303 1665 476 1748 patiemur,
500 1686 636 1746 quorum
658 1687 726 1728 non
748 1665 844 1729 modo
868 1666 978 1748 saluti,
1002 1666 1057 1728 sed

100 1753 197 1817 etiarn
221 1753 397 1817 commodis
421 1753 587 1816 consulere
610 1753 771 1816 debemus.
807 1751 897 1816 Haec
916 1757 966 1816 est
983 1775 1058 1836 una,

101 1841 128 1904 si
151 1862 224 1904 vere
247 1841 391 1927 cogitare
413 1841 571 1922 volumno,
593 1840 629 1903 in
647 1844 717 1904 toto
735 1841 870 1923 imperio
893 1844 950 1904 tuo
975 1840 1057 1903 diffi-

101 1930 217 1993 cultas:
240 1951 317 1993 narn
341 1950 410 1994 esse
434 1928 659 2011 abstinentem,
683 1929 847 1993 continere
871 1950 982 1992 omnes
1005 1950 1057 1993 cu-

100 2017 266 2101 piditates,
304 2039 379 2081 suos
411 2021 570 2100 codroere,
606 2017 685 2081 iuris
717 2017 917 2100 aequabilem
947 2021 1057 2081 tenere

101 2105 269 2190 rationem,
291 2104 420 2169 facilem
443 2126 477 2169 se
499 2106 535 2168 in
557 2105 653 2169 rebus
677 2105 921 2190 cognoscendis
943 2106 978 2169 in
1001 2107 1057 2170 ho·

99 2193 241 2257 minibus
273 2193 443 2257 audiendis
478 2193 594 2258 admitt
580 2193 748 2276 tendisque
783 2193 936 2276 praebere
968 2216 1058 2278 prae·

101 2283 223 2345 clarum
230 2282 349 2382 ,magis
373 2284 423 2345 111
445 2303 542 2364 quam
566 2282 708 2383 difficile3
731 2303 798 2347 non
821 2286 870 2347 est
893 2283 979 2346 enim
1002 2305 1057 2366 po·

102 2369 236 2433 situm'
227 2390 263 2432 111
288 2369 399 2433 labore
422 2370 543 2453 aliquo,
571 2371 657 2434 sed
648 2393 684 2434 rn
707 2370 844 2453 quadam
872 2370 1057 2436 inductione

57 2468 60 2473 '
100 2457 202 2521 animi
225 2460 258 2520 et
279 2457 446 2522 voluntate
448 2457 552 2522 Illa
575 2480 671 2523 causa
688 2458 935 2542 publicanorum
958 2481 1057 2561 quan·
1072 2486 1098 2525 11

101 2550 169 2608 tam
193 2544 314 2609 acerbit
300 2548 402 2609 tatem
419 2545 533 2610 afferat
558 2547 662 2631 sociiS,
684 2548 899 2611 intelleximus
923 2569 962 2610 ex
984 2548 1057 2612 civi-

101 2633 175 2717 bus,
207 2633 262 2717 qui
294 2655 398 2718 nuper
428 2634 464 2698 in
492 2636 698 2719 portoriist
667 2635 780 2699 Italiae
811 2635 962 2698 tollendis
990 2656 1059 2699 non

100 2724 168 2786 tam
191 2721 230 2786 de
249 2723 393 2806 portorio
412 2744 510 2806 quam
528 2723 567 2787 de
585 2724 750 2788 nonnullis
773 2723 900 2787 iniuriis
923 2724 1058 2807 portito-

101 2831 173 2873 rum
205 2810 436 2894 querebantur3
468 2832 567 2893 quare
598 2832 666 2874 non
692 2813 822 2897 ignom,
854 2811 930 2896 quid
963 2813 1058 2877 sociis

102 2898 226 2962 accidat
248 2899 284 2962 in
305 2898 429 2963 ultimis
456 2898 565 2981 terris,
592 2921 691 2981 quum
718 2900 873 2964 audierim
900 2901 936 2965 in
962 2900 1059 2965 Italia

102 2987 247 3087 querelas
275 2987 402 3052 civium
451 2984 555 3049 Hict
541 2987 647 3051 teita
675 2989 809 3072 versari,
835 2992 872 3052 ut
899 2993 932 3053 et
954 2991 1058 3072 publi·

101 3074 190 3139 canis
210 3075 399 3157 satisfacias,
417 3075 605 3176 praesertim
619 3075 756 3159 publicis
775 3039 858 3153 niala
860 3076 1059 3178 redemptis,

52 3162 56 3169 '
101 3163 261 3228 11100101
289 3164 393 3246 perire
421 3184 489 3228 non
510 3162 612 3245 sinas,
644 3163 771 3228 divinas
804 3150 969 3232 cuiusdam
997 3165 1058 3229 vir-

100 3251 161 3314 tut
153 3272 180 3314 rs
204 3272 273 3315 esse
296 3251 383 3315 videt
369 3254 435 3332 tur,
461 3251 495 3314 id
518 3255 567 3316 est
593 3214 772 3316 11111.Αο
799 3253 939 3336 primum
962 3252 1059 3319 Grae·

101 3338 147 3402 cis
165 3339 208 3422 id,
232 3339 317 3423 quod
337 3338 577 3404 acerbissimum
596 3343 654 3423 est,
677 3340 763 3425 quod
782 3345 858 3405 sunt
876 3343 1058 3428 vectigales,

99 3389 238 3491 nonita
261 3427 411 3491 acerbum
434 3426 535 3491 videri
558 3428 663 3530 debet,
685 3430 782 3511 propt
784 3449 856 3493 crea
879 3432 1014 3514 quod
989 3455 1058 3496 sine

100 3514 235 3597 imperio
258 3515 374 3598 populi
400 3514 543 3582 Romani
571 3516 640 3583 suis
664 3516 832 3583 institutis
855 3541 919 3604 qer
945 3541 985 3583 11
1007 3520 1087 3599 'ussi
