2370 3878
236 188 494 245 EPISTOLARUM
507 189 558 243 AD
572 188 603 255 Q.
618 188 796 245 FRATREM
810 191 830 245 1.
846 196 871 245 3.
886 197 912 246 4.
984 191 1049 256 589

92 337 170 402 dere
196 339 328 421 propter
359 335 469 400 nescio
497 356 576 418 quos
608 338 716 400 motus
748 339 909 420 vetarent,
940 358 1052 403 verum

95 446 157 510 ego
180 426 283 509 magis
310 424 430 488 exitum
461 423 591 488 illorum
617 424 733 488 litteris
757 446 853 508 quam
881 445 937 509 spe
965 430 1052 490 certa

95 513 334 597 exspectabam,
365 532 442 576 nam
475 511 550 595 quid
583 533 708 594 sperem
739 513 964 596 potentissimo
992 515 1051 578 ini·

96 602 187 683 mico,
206 600 425 666 dominatione
445 599 707 683 obtrectatorum,
728 600 911 665 infidelibus
932 602 1052 685 amicis,

94 689 241 773 plurimis
265 687 405 752 invidis?
450 686 499 751 De
521 688 613 752 novis
638 691 746 751 autem
768 689 909 753 tribunis
936 689 979 773 pl.
1002 693 1078 754 esca

95 779 149 841 ille
173 777 302 860 quidem
325 776 359 840 in
382 797 434 840 me
457 775 710 840 officiosissimus
734 774 856 840 Sestius
880 781 926 860 et,
950 799 1053 861 spero,

93 863 226 947 Curius,
253 863 346 947 Milo,
374 862 507 946 Fadius,
529 862 710 948 Fabricius,
739 864 795 928 sed
822 864 914 929 valde
943 865 1051 930 adver-

96 956 189 1017 sante
213 951 340 1036 Glodio,
367 952 422 1036 qui
445 952 542 1015 etiam
564 953 709 1036 privatus
737 952 848 1017 eadem
875 974 974 1017 manu
996 977 1051 1037 po·

96 1041 174 1104 terit
196 1041 366 1104 conciones
395 1041 570 1122 concitare,
597 1040 711 1103 deinde
740 1041 837 1104 etiam
859 1041 1053 1106 intercessor

95 1129 272 1212 parabitur.
317 1127 406 1192 Haec
437 1127 516 1192 mihi
549 1128 765 1212 proficiscenti
796 1150 864 1193 non
895 1147 1081 1214 propone-4
1145 1178 1148 1182 r

97 1217 225 1299 bantur,
248 1215 304 1280 sed
327 1237 422 1299 saepe
440 1216 548 1281 triduo
567 1238 692 1281 summa
710 1237 783 1280 cum
803 1217 907 1302 gloria
925 1217 1054 1282 dicebar

97 1324 167 1369 esse
190 1304 360 1368 rediturus.
404 1303 506 1388 „Quid
532 1308 569 1368 tu
596 1302 741 1388 igitur‘?“
767 1304 903 1387 inquies.
947 1304 1053 1381 Quid?

96 1394 200 1456 multa
214 1395 441 1477 convenerunt,
459 1414 540 1477 quae
554 1396 696 1456 mentem
710 1393 919 1457 exturbarent
936 1415 1053 1458 meam:

98 1480 207 1544 subita
229 1479 366 1545 defectio
389 1479 546 1565 Pompeii,
570 1481 722 1546 alienatio
746 1481 928 1564 consulum,
957 1482 1053 1546 ctiam

98 1571 298 1653 praetorum,
324 1570 421 1633 timor
447 1570 707 1653 publicanorum,
739 1591 837 1634 arma.
888 1569 1053 1634 Lacrimae

96 1679 242 1722 meorum
273 1679 324 1722 mc
356 1656 396 1721 ad
429 1661 565 1722 mortem
600 1659 647 1722 ire
683 1658 931 1742 prohibuerunt3
968 1658 1053 1743 quod

96 1749 183 1810 certe
206 1749 239 1809 et
262 1746 303 1809 ad
325 1746 529 1810 honestatem
558 1749 591 1809 et
617 1746 658 1810 ad
681 1746 880 1830 effugiendos
902 1747 1054 1810 intolera-

97 1833 180 1897 biles
204 1833 330 1897 dolores
352 1833 416 1896 fuit
438 1833 650 1916 aptissimum.
695 1831 757 1897 Sed
784 1833 823 1897 dc
850 1833 913 1898 hoc
941 1834 1054 1917 scripsi

98 1920 139 1983 ad
162 1925 195 1983 te
218 1921 253 1983 in
276 1941 315 1984 ea
337 1920 483 2003 epistola,
506 1942 603 2003 quam
624 1919 822 1986 Phaethonti
840 1921 922 1985 dedi.
958 1920 1054 1986 Nunc

97 2010 145 2091 tu,
168 2009 320 2090 quoniam
339 2008 373 2071 in
392 2011 520 2072 tantum
537 2010 660 2073 luctum
678 2009 884 2094 laboremque
905 2009 1054 2074 detrusus

97 2117 143 2179 es,
166 2099 324 2178 quantum
347 2118 442 2160 nemo
470 2119 635 2180 umquam,
662 2097 688 2161 si
716 2097 823 2162 levare
849 2100 942 2180 potes
970 2119 1054 2162 com·

98 2205 230 2248 munem
253 2202 362 2248 casum
380 2183 598 2249 misericordia
615 2185 792 2267 hominum,
814 2184 936 2249 scilicet
953 2186 1054 2249 incre·

99 2272 196 2336 dibile
220 2271 372 2355 quiddam
386 2273 587 2356 assequeris3
617 2272 669 2336 sin
694 2272 791 2355 plane
815 2273 988 2339 occidimus
1012 2309 1054 2322 --

98 2382 150 2424 me
182 2361 346 2425 miserum!
371 2397 412 2407 -
441 2381 501 2445 ego
535 2359 684 2424 omnibus
715 2360 795 2424 meis
825 2361 921 2426 exitio
953 2362 1055 2446 fuer0,

98 2449 216 2531 quibus
239 2452 314 2512 ante
338 2448 484 2513 dedecori
511 2469 578 2512 non
607 2469 704 2512 eram.
748 2446 811 2513 Sed
837 2452 887 2533 tu,
914 2454 953 2514 ut
979 2456 1082 2514 antes

98 2537 140 2601 ad
162 2540 194 2601 te
219 2538 345 2621 scripsi,
371 2538 517 2621 perspice
540 2557 607 2600 rem
630 2539 664 2600 ct
690 2540 839 2621 pertenta
867 2542 900 2601 et
927 2538 967 2601 ad
995 2560 1055 2621 me,

95 2629 135 2688 ut
160 2629 309 2709 tempora
334 2628 459 2708 nostra,
491 2646 558 2689 non
585 2627 623 2689 ut
650 2646 741 2689 amor
767 2627 842 2688 tuus
871 2624 949 2706 fert,
981 2647 1055 2689 vere

96 2715 271 2796 perscribe:
299 2734 359 2798 ego
387 2714 503 2795 vitam,
530 2712 637 2796 quoad
664 2713 785 2795 putabo
813 2716 871 2776 tua
899 2713 1055 2778 interesse

95 2801 217 2864 autad
240 2822 331 2885 spem
358 2801 550 2865 servandam
573 2821 656 2882 esse,
683 2800 837 2864 retinebo.
884 2799 933 2866 Tu
961 2802 1054 2866 nobis

98 2887 328 2951 amicissimum
355 2887 495 2952 Sestium
528 2906 717 2972 cognoscem
744 2888 838 2952 credo
870 2891 928 2954 tua
958 2911 1055 2954 causa

96 2974 178 3037 velle
206 2974 393 3057 Lentulum,
425 2976 565 3058 quierit
594 2974 719 3038 consul:
751 2996 947 3060 quamquam
979 2981 1056 3040 sunt

95 3062 184 3127 facta
213 3062 319 3143 verbis
351 3062 540 3127 difficiliora.
586 3061 636 3126 Tu
668 3065 702 3126 et
732 3062 809 3147 quid
842 3084 923 3147 opus
951 3063 994 3127 sit
1023 3068 1056 3128 et

167 3236 218 3306 Ep.
238 3242 263 3304 4,
278 3242 303 3291 3.
331 3250 420 3303 coac,
439 3237 535 3292 dando
554 3235 629 3305 (Ν).
667 3251 698 3303 c,
716 3236 742 3291 d.
762 3237 856 3307 vulgo.
893 3242 919 3291 4.
947 3241 1054 3292 contar·

95 3307 192 3360 horeat
210 3307 316 3374 (ΕΜ
344 3337 377 3346 -
406 3323 486 3362 arma
509 3306 608 3361 Clodii.
645 3305 791 3361 memmae
817 3306 1002 3377 (Blicheler.)l
1021 3338 1055 3350 ·-

95 3379 199 3431 luctum
217 3378 386 3446 laboremque
440 3380 466 3445 .).
503 3377 547 3430 An
562 3379 589 3442 l„
607 3381 716 3432 tantum
729 3377 845 3431 laborem
861 3376 946 3447 (W.)?
982 3378 1000 3433 l.
1015 3380 1055 3434 la-

95 3449 184 3502 borem
202 3448 258 3501 MI.
296 3448 314 3502 l.
333 3452 358 3501 et
375 3447 393 3501 l.
431 3463 515 3514 aera,
530 3447 624 3517 vulgo.
643 3478 677 3487 -
696 3448 940 3519 lecarcpotcs(1.).
976 3448 994 3504 l.
1009 3465 1055 3518 po·

94 3523 144 3573 test
162 3536 195 3591 a,
213 3517 290 3587 MR,
308 3517 339 3571 B.
376 3522 400 3571 6.
428 3532 493 3572 ocra
505 3518 645 3586 perscribe
663 3519 726 3589 (chr
