2370 3878
313 169 570 224 ueisnomuuu
589 170 636 224 ui.
658 178 698 225 13.
720 179 760 227 14.
949 174 1014 237 213

491 420 579 485 XIV.

146 530 202 587 Sor.
222 532 251 585 in
270 531 440 602 Pompeiano
459 532 505 586 IV.
525 534 596 587 Non.
616 533 705 588 Maias
725 550 749 587 a.
768 553 794 587 u.
815 551 837 587 c.
859 541 918 589 710.

186 654 315 710 CICERO
334 655 575 711 DOLABELLAE
595 655 752 713 CONSULI
771 657 839 714 SUO
860 656 886 711 S.

124 753 197 819 Etsi
220 759 391 820 contentus
419 777 520 839 eram,
547 758 591 820 mi
618 757 801 840 Dolabella,
827 762 885 823 tua
912 759 1049 843 gloria1

53 843 200 927 satisque
233 865 272 907 ex
303 865 341 906 ea
377 865 529 929 magnam
564 845 721 909 laetitiam
752 847 1015 930 voluptatemque

55 932 238 1016 capiebam,
266 935 377 995 tamen
399 955 467 996 non
489 955 621 1017 possum
648 956 716 997 non
739 934 885 998 confiteri
908 957 1015 998 eumu-

55 1020 119 1084 lari
141 1042 192 1083 me
215 1020 356 1084 maximo
380 1021 508 1106 gaudio,
532 1022 617 1104 quod
641 1023 738 1105 vulgo
757 1022 925 1085 hominum
949 1026 1015 1106 opi-

56 1109 114 1172 nio
147 1108 270 1173 socium
297 1130 347 1172 me
376 1110 516 1173 ascribat
547 1111 611 1173 tuis
638 1110 796 1174 laudibus.
846 1109 1015 1174 Neminem

57 1197 196 1260 conveni
209 1198 425 1261 -convenio
449 1201 556 1262 autem
580 1199 722 1280 quotidie
745 1198 913 1282 plurimos3
942 1206 1017 1262 sunt

57 1284 147 1348 enim
177 1285 330 1368 permulti
363 1286 476 1368 optimi
508 1287 582 1370 viri,
614 1288 669 1370 qui
701 1287 893 1351 valetudinis
921 1309 1015 1351 causa

57 1372 95 1436 in
117 1372 197 1436 haec
219 1373 291 1438 loca
314 1375 460 1457 ueniant,
486 1380 652 1459 praeterea
680 1397 718 1439 ex
745 1376 928 1459 municipiis
955 1377 1017 1439 fre-

58 1464 196 1544 quentes
218 1463 391 1526 necessarii
414 1464 490 1546 mei,
519 1465 573 1547 qui
602 1485 727 1547 omneS,
755 1486 853 1547 quum
876 1468 908 1527 te
933 1486 1015 1527 sum-

59 1549 123 1612 mis
144 1548 293 1614 laudibus
324 1551 364 1615 ad
388 1553 511 1615 caelum
534 1553 731 1635 extulerunt,
760 1552 840 1616 mihi
863 1553 1017 1617 continuo

60 1636 217 1700 maximas
245 1639 367 1723 gratias
395 1643 510 1724 agunt3
537 1645 661 1726 negant
687 1641 772 1704 enim
801 1663 834 1704 se
862 1641 1018 1723 dubitare,

60 1725 141 1809 quin
168 1728 204 1789 tu
236 1727 315 1790 meis
342 1729 521 1812 praeceptis
553 1734 586 1793 et
618 1729 759 1793 consiliis
792 1729 1017 1812 obtemperans

61 1815 376 1897 praestantissimum
397 1821 430 1881 te
453 1818 555 1880 civem
578 1821 611 1880 et
634 1817 831 1899 singularem
854 1817 1018 1880 consulem

60 1902 230 1987 praebeas:
258 1905 374 1987 quibus
398 1926 458 1988 ego
482 1925 677 1986 quamquam
700 1902 864 1966 verissime
887 1925 1019 1985 possum
1038 1925 1052 1970 a

60 1991 256 2074 respondere
274 1995 316 2076 te,
335 2014 416 2075 quae
435 1992 545 2073 facias,
562 1994 619 2054 tuo
638 1990 756 2054 iudicio
776 1994 809 2053 et
826 1994 883 2053 tua
904 1996 1018 2074 sponte

61 2079 169 2144 facere
192 2101 251 2145 nec
279 2081 468 2162 cuiusquam
491 2099 588 2162 egere
611 2079 761 2161 consilio,
783 2081 894 2143 tamen
916 2100 1019 2163 neque

62 2169 160 2252 plane
179 2169 346 2251 assentior,
368 2190 409 2230 ne
428 2168 616 2232 imminuam
634 2170 725 2231 tuam
743 2168 880 2250 laudem,
903 2168 930 2231 si
954 2190 1019 2232 om-

62 2257 115 2321 nis
139 2279 158 2320 a
180 2258 259 2320 meis
283 2256 426 2319 consiliis
450 2256 595 2338 profecta
618 2257 777 2339 videatur,
800 2278 904 2339 neque
927 2258 1019 2320 valde

63 2365 163 2430 nego,
186 2366 257 2407 sum
280 2343 366 2406 enim
385 2343 508 2406 avidior
530 2344 636 2427 etiam,
659 2366 757 2428 quam
775 2345 853 2409 satis
872 2349 929 2429 est,
952 2346 1019 2430 glo-

62 2434 130 2496 riae
164 2435 197 2493 et
218 2436 327 2493 tamen
351 2452 418 2495 non
437 2432 577 2496 alienum
596 2436 646 2497 est
664 2433 822 2518 dignitate
845 2437 911 2515 tua,
935 2435 1020 2516 quod

62 2521 127 2604 ipsi
150 2517 402 2603 Agamemnoni,
432 2541 544 2603 regum
566 2521 649 2604 regi,
671 2521 734 2584 fuit
755 2521 942 2604 honestum,
964 2521 1020 2584 ha-

63 2608 140 2673 bere
164 2607 302 2690 aliquem
325 2608 360 2671 in
383 2609 525 2673 consiliis
548 2609 711 2692 capiendis
733 2608 919 2691 Nestorem,
941 2608 1021 2672 mihi

63 2718 141 2761 vero
164 2695 340 2780 gloriosum
363 2701 395 2760 te
418 2699 566 2762 iuvenem
597 2697 762 2762 consulem
783 2697 897 2761 florere
919 2696 1020 2760 laudi-

64 2785 125 2849 bus
153 2785 244 2866 quasi
272 2786 438 2849 alumnum
465 2785 652 2869 disciplinae
680 2807 779 2849 meae.
829 2784 865 2848 L.
893 2785 1056 2868 quidem3

65 2870 197 2956 Caesar,
228 2895 326 2955 quum
354 2875 395 2938 ad
422 2896 496 2937 eum
524 2878 692 2957 aegrotum
718 2872 891 2958 Neapolim
917 2875 1020 2938 uenis·

64 2981 146 3044 sem,
169 2982 364 3045 quamquam
388 2966 458 3025 erat
481 2983 652 3046 oppressus
675 2962 776 3027 totius
799 2963 942 3046 corporis
966 2963 1020 3027 do-

64 3048 200 3132 loribus,
222 3053 333 3114 tamen
356 3054 444 3133 ante,
473 3072 570 3133 quam
597 3072 647 3114 me
671 3050 766 3134 plane
791 3051 955 3133 salutavit,
983 3072 1020 3129 „o

64 3137 110 3201 mi
124 3135 262 3223 Cicero“,
280 3139 395 3222 inquit,
409 3140 572 3224 „gratulor
589 3139 658 3223 tibi,
679 3161 778 3222 quum
791 3142 919 3202 tantum
933 3137 1020 3200 vales

135 3292 187 3365 Ep.
208 3300 250 3362 14,
271 3302 294 3348 1.
330 3297 397 3360 mei;
421 3297 471 3365 qai
494 3295 540 3363 (M.
565 3298 594 3350 et
612 3296 648 3349 M.
673 3295 710 3348 ad
727 3295 785 3349 Att.
805 3293 883 3359 XIV,
904 3298 949 3358 17,
968 3291 1020 3357 Α).

63 3364 117 3420 mci
136 3393 182 3432 -,
210 3366 278 3433 quia
300 3365 348 3432 N.,
367 3366 397 3419 B.
427 3398 460 3406 —-
493 3373 580 3436 aquai
606 3367 651 3432 (M.
672 3365 709 3417 ad
726 3365 805 3432 Ait).
846 3367 931 3431 apaat
953 3361 1020 3414 ΜΒ.

63 3440 89 3488 2.
117 3451 200 3504 aepm
217 3452 277 3489 suar
356 3438 469 3504 pieriae,
491 3442 623 3503 ciramea
642 3435 717 3501 (W).
762 3449 829 3503 aeqo
847 3463 883 3472 -
901 3447 963 3486 sum

61 3506 169 3575 pieriae
187 3526 235 3568 -;
253 3512 279 3558 et
295 3511 312 3558 t.
332 3506 362 3558 Β.
400 3512 425 3560 3.
450 3506 510 3575 tihi,
529 3508 603 3578 qaod
621 3511 734 3562 tualeam
753 3504 798 3574 (W
807 3509 840 3575 ,ΥΞ

110 3591 223 3631 &aaronis
236 3594 300 3638 epist.
313 3594 331 3631 I.
795 3604 834 3652 m
