2370 3878
193 198 256 262 518
474 196 511 250 M.
531 194 654 250 TULLII
672 192 867 248 CICERONIS

632 460 706 527 XII.

193 577 249 632 Ser.
275 576 303 630 in
327 575 425 630 eastris
449 576 485 629 ad
509 574 639 701 Cybiqtra
662 573 855 698 eappangiae
887 575 997 630 eodem
1022 577 1083 646 die,
1109 578 1176 645 quu¹

518 663 561 716 ep.
598 662 738 715 ,aaa
793 681 817 698 ..

229 770 264 824 M.
281 769 408 825 CICERO
427 769 574 825 Paucos
595 770 621 824 S.
640 769 674 823 D.
692 768 723 822 L.
742 767 888 822 PAULLO
908 768 990 825 COS.
1007 771 1123 826 DESIG.

159 886 173 932 1
259 867 331 933 Etsi
358 870 437 933 mihi
460 892 636 953 numquam
662 869 725 933 luit
752 868 899 950 dubium,
928 871 1017 953 quin
1045 876 1079 936 te
1104 891 1148 955 po·

193 959 287 1042 pulus
310 957 476 1022 Romanus
503 981 562 1041 pro
585 959 649 1021 tuis
674 957 804 1020 summis
832 956 867 1019 in
890 979 963 1021 rem
993 961 1148 1042 publicam

194 1047 315 1110 merItis
339 1050 372 1109 et
393 1068 451 1130 pro
471 1047 667 1130 amplissima
685 1045 825 1109 familiae
845 1045 1011 1129 dignitate
1032 1068 1146 1113 summo

194 1135 313 1217 studio,
346 1136 469 1198 eunetis
502 1135 661 1219 suffragiis
690 1133 854 1197 consulem
881 1133 1035 1201 facturus
1066 1138 1146 1219 esset,
1176 1169 1178 1172 >

194 1228 303 1286 tamen
334 1223 513 1286 incredibili
544 1223 668 1287 laeIItia
700 1243 770 1286 sum
802 1221 948 1304 affectus,
989 1226 1093 1308 quum
1119 1222 1144 1286 id
1175 1227 1176 1230 ’

193 1311 273 1373 mihi
297 1312 481 1374 nuntiatum
500 1315 558 1394 est,
581 1332 715 1394 eumque
736 1310 893 1374 honorem
911 1310 974 1374 tibi
994 1313 1074 1376 deos
1091 1313 1145 1376 for·
1166 1358 1181 1386 ·;

193 1403 307 1461 tuuare
341 1400 413 1462 volo
446 1403 582 1482 ateque
615 1420 653 1462 ex
684 1402 742 1462 tua
768 1398 993 1481 malorumque
1024 1404 1145 1465 tuorum
1180 1431 1181 1442 κ

160 1486 352 1569 adignitate
367 1486 593 1550 administrari.
629 1486 737 1570 Atque
751 1486 876 1549 utinam
890 1508 1048 1568 praesens
1063 1489 1144 1552 illum
1180 1484 1185 1550 ἶ

195 1574 279 1636 diem
305 1573 384 1636 mihi
412 1576 649 1657 optatissimum
680 1575 786 1638 videre
817 1575 998 1657 potuissem
1031 1597 1145 1660 proque

195 1662 258 1723 tuis
286 1661 490 1744 amplissimis
522 1683 599 1747 erga
630 1685 681 1727 me
711 1661 824 1727 studiis
857 1665 953 1746 atque
987 1664 1145 1729 benefieiis
1173 1716 1181 1741 ,

194 1749 254 1813 tibi
278 1771 408 1832 operam
431 1772 536 1814 meam
559 1751 762 1834 studiumque
784 1752 916 1814 navare!
946 1773 1046 1834 quam
1073 1751 1145 1816 mihi
1171 1778 1184 1833 '·.

195 1839 382 1902 facultatem
406 1840 559 1922 quoniam
581 1839 633 1903 hie
660 1839 871 1922 necopinatus
894 1842 927 1901 et
956 1840 1144 1924 Improvisus

196 1927 378 2009 provinciae
398 1948 490 1991 casus
510 1928 634 2011 eripuIt,
656 1931 775 2009 tamen,
792 1930 829 1989 ut
846 1929 878 1990 te
898 1928 1067 1992 consulem
1085 1949 1145 1992 rem

195 2015 356 2098 publicam
379 2037 438 2098 pro
456 2018 514 2079 tua
532 2015 689 2100 dignitate
708 2017 872 2099 gerentem
891 2014 1000 2078 videre
1022 2017 1146 2101 possim,

195 2123 314 2186 magno
339 2124 433 2186 opere
461 2125 481 2166 a
502 2107 534 2166 te
557 2106 646 2186 peto,
665 2105 713 2188 ¹ut
739 2123 869 2186 operam
896 2102 953 2166 des
975 2104 997 2182 †
1022 2104 1146 2185 efficias,

195 2211 237 2252 ne
265 2191 341 2272 quId
364 2191 444 2254 mihi
470 2191 527 2255 fiat
553 2191 688 2255 iniuriae
715 2211 795 2254 neve
822 2191 899 2273 quid
925 2193 1084 2275 temporis
1111 2191 1146 2256 ad

196 2297 303 2340 meum
322 2300 464 2343 annuum
483 2302 599 2344 munus
618 2278 760 2360 aeeedalq
784 2278 869 2360 quod
888 2278 915 2342 si
937 2279 1064 2364 feceris,
1086 2301 1146 2344 ma·

197 2385 280 2449 gnus
295 2366 335 2429 ad
354 2370 411 2430 tua
424 2368 561 2452 pristina
575 2388 652 2452 erga
665 2388 716 2431 me
731 2366 837 2430 studia
851 2368 998 2431 cumulus
1014 2369 1147 2434 accedet.

627 2577 717 2642 XIII.

215 2687 273 2742 Ser.
292 2688 322 2743 in
341 2688 440 2743 Cilicia
458 2689 556 2743 eodem
574 2691 708 2758 tempore,
727 2707 783 2758 quo
801 2690 852 2759 Ep.
873 2696 915 2758 10,
934 2707 960 2744 a.
978 2708 1006 2744 u.
1027 2707 1051 2745 o.
1072 2696 1129 2744 704.

330 2812 367 2865 M.
387 2811 515 2866 CICERO
535 2812 607 2867 ΙΜΡ.
628 2813 654 2867 S.
674 2813 707 2867 D.
726 2812 758 2866 L.
776 2812 919 2868 PAULLO
939 2812 1014 2869 008.

164 2923 178 2973 1
264 2908 403 2975 Maxime
430 2911 510 2976 mihi
536 2912 599 2977 fult
626 2916 773 2997 optatum
799 2912 922 2977 Romae
952 2918 1151 2979 essetecum

198 2999 316 3063 multas
339 2999 380 3063 ob
405 3021 526 3084 causas,
548 3001 604 3064 sed
626 3002 809 3084 praecipue,
836 3004 872 3064 ut
900 3003 932 3064 et
954 3002 990 3065 in
1011 3002 1151 3085 petendo

199 3091 231 3152 et
249 3089 284 3150 in
303 3087 443 3172 gerendo
463 3089 631 3195 consulatu
650 3111 756 3155 meum
774 3089 834 3152 tibi
852 3088 996 3155 debitum
1011 3091 1152 3156 studium

269 3315 320 3386 Ep.
341 3322 381 3370 12.
420 3314 582 3369 PAVLLO
600 3316 668 3385 (m).
705 3316 841 3370 PAVLO
859 3316 889 3370 B.
928 3322 951 3370 1.
979 3317 1153 3386 dignitates.

200 3386 274 3455 (W.).
316 3387 357 3452 ut,
380 3402 401 3440 e.
420 3385 513 3455 vulgo.
560 3392 584 3439 2.
612 3388 657 3441 dee
674 3391 692 3451 †
711 3387 815 3454 efficias
838 3387 913 3455 (W.).
959 3387 1018 3452 des,
1039 3390 1156 3452 eadere,

199 3473 213 3510 e
236 3498 242 3510 .
261 3456 327 3524 (W.)
346 3459 396 3510 aut
412 3457 458 3510 des
475 3456 629 3525 efficiasque
647 3454 725 3524 (Erl.)
744 3460 794 3511 aut
812 3458 858 3512 dea
875 3463 901 3511 et
917 3457 961 3524 eff.
982 3457 1037 3525 (W.
1059 3462 1089 3513 et
1103 3458 1155 3528 Β.),

191 3526 244 3601 Ep.
266 3533 309 3584 13.
348 3527 514 3587 PAVLLO
535 3526 682 3598 lindllq.
719 3526 854 3580 PAVLo
865 3527 939 3579 nu.

122 3708 183 3799 l
