2370 3878
132 155 194 219 142
411 154 448 209 M.
469 152 592 208 TULLII
611 152 801 208 CICERONIS

128 301 293 384 valetudo,
320 302 365 381 et,
393 299 420 362 si
447 319 517 362 esse
544 318 610 361 una
637 297 743 361 minus
770 297 962 383 poterimus,
990 321 1086 383 quam

128 389 286 470 volemus,
314 387 494 450 animorum
516 389 626 450 tamen
654 385 880 450 coniunctione
909 386 1089 471 iisdemque

129 475 242 627 stqdiis
273 475 320 539 ita
350 474 508 558 fruemur,
543 477 580 538 ut
611 495 787 557 numquam
817 495 885 538 non
918 496 985 539 una
1018 497 1089 541 esse

129 585 161 627 ur
185 583 303 627 camur.

562 752 652 819 XIV.

302 866 358 921 Sor.
378 866 483 920 Romae
501 881 596 920 mense
615 865 694 919 Iunio
714 881 739 919 a.
758 884 784 919 u.
803 882 826 919 a.
847 872 906 921 709.

235 989 266 1044 1..
284 989 459 1045 LUCOEIUS
479 988 510 1054 Q.
529 988 561 1043 F.
581 989 608 1043 S.
626 988 659 1043 Ι).
678 989 716 1043 Μ.
736 987 868 1043 rutulo
887 989 925 1043 M.
946 989 977 1043 F.

94 1101 108 1149 1
195 1088 225 1156 S.
240 1089 280 1155 V.
294 1089 331 1155 B.
345 1088 383 1154 Ε.
397 1087 447 1173 V,
470 1089 553 1155 sicut
572 1090 670 1173 soleo,
691 1089 835 1172 paullulo
858 1091 969 1152 tamen
987 1089 1086 1154 etiam

128 1179 277 1262 deterius,
299 1199 396 1261 quam
415 1178 511 1241 soleo.
548 1176 594 1241 Te
613 1177 765 1260 requisivi
784 1177 919 1260 saepius,
942 1179 979 1240 ut
999 1177 1086 1241 vide·

127 1288 208 1330 rem:
239 1264 361 1330 Romae
390 1265 464 1346 quia
491 1268 605 1347 postea
631 1286 699 1328 non
725 1264 831 1348 fuisti,
862 1285 958 1347 quam
987 1286 1007 1328 a
1034 1287 1084 1328 me

128 1355 332 1436 discesseras,
358 1352 492 1415 miratus
521 1373 605 1434 sum3
638 1350 723 1434 quod
750 1351 836 1415 idem
862 1373 949 1415 nunc
977 1352 1086 1417 miror.

127 1439 204 1505 Non
230 1440 335 1504 habeo
363 1442 498 1523 certum,
526 1459 608 1522 quae
634 1442 667 1502 te
694 1460 745 1503 res
772 1439 849 1503 hinc
875 1439 1013 1504 maxime
1036 1462 1084 1504 re·

127 1528 248 1592 trahat:
271 1528 300 1591 si
322 1527 494 1591 solitudine
518 1526 683 1610 delectare,
706 1549 804 1611 quum
827 1527 948 1592 scribas
972 1531 1005 1592 et
1027 1528 1086 1592 ali·

129 1616 204 1699 quid
229 1637 307 1700 agas
332 1637 451 1696 eorum,
474 1636 610 1699 quorum
634 1615 809 1698 consuesti,
832 1614 956 1700 gaudeo
980 1636 1085 1699 neque

116 1703 326 1787 *reprehendo
349 1707 442 1767 tuum
469 1703 652 1786 consilium,
678 1725 755 1767 nam
781 1686 863 1766 ndril
890 1703 953 1768 isto
976 1706 1085 1786 potest

128 1814 196 1858 esse
219 1791 387 1858 iucundius
410 1813 478 1856 non
500 1792 596 1856 modo
618 1791 742 1855 miseris
762 1791 813 1855 his
833 1790 1033 1875 temporibus
1052 1795 1085 1856 et

127 1882 294 1966 luctuosis,
323 1881 378 1946 sed
405 1881 502 1945 etiam
524 1880 706 1964 tranquillis
730 1884 762 1943 et
785 1878 918 1963 optatis,
941 1900 1084 1962 pracser-

126 1971 186 2033 tim
213 1971 264 2034 vel
296 1971 404 2034 animo
433 1968 608 2054 defetigato
636 1972 708 2050 tuo,
740 1967 795 2050 qui
826 1988 913 2030 nuno
940 1967 1084 2050 requiem

127 2060 261 2140 quaerat
284 2078 322 2121 ex
344 2058 472 2142 magnis
496 2055 773 2140 occupationibus,
796 2055 846 2118 vel
870 2054 1006 2139 erudito,
1028 2056 1086 2139 qui

128 2165 253 2227 semper
275 2144 396 2226 aliquid
423 2165 461 2207 ex
488 2165 522 2208 se
548 2147 690 2227 promat,
716 2142 802 2226 quod
830 2143 911 2206 alios
938 2143 1086 2227 delectet,

92 2239 154 2300 ate
180 2232 287 2315 ipsum
313 2230 463 2295 laudibus
489 2231 642 2312 illustret;
672 2231 723 2294 sin
750 2234 870 2313 autem,
898 2230 980 2295 sicut
1006 2230 1083 2294 hinc

128 2320 328 2403 discesseras,
349 2318 489 2383 lacrimis
513 2339 550 2382 ac
567 2318 718 2382 tristitiae
736 2322 769 2382 te
787 2317 958 2402 tradidisti,
980 2318 1086 2401 doleo,

127 2409 203 2490 quia
226 2407 314 2471 doles
338 2410 370 2471 et
393 2426 521 2491 angere,
542 2426 602 2470 nec
619 2426 751 2490 possum
769 2410 802 2470 te
820 2426 888 2470 non
902 2441 944 2453 -
960 2405 987 2470 si
1009 2427 1084 2470 oon-

128 2495 222 2580 cedis,
245 2494 331 2580 quod
355 2495 523 2578 sentimus,
545 2497 583 2558 ut
604 2494 735 2559 liberius
760 2495 902 2558 dicamus
925 2529 967 2540 -
991 2514 1084 2558 accu-

128 2607 210 2649 sare:
239 2583 316 2668 quid
339 2582 447 2647 enim?
473 2586 511 2646 tu
534 2583 621 2647 solus
645 2585 757 2666 aperta
778 2603 846 2647 non
868 2581 1005 2665 videbis,
1027 2583 1085 2665 qui

126 2676 259 2756 propter
282 2692 417 2737 acumen
440 2671 656 2735 occultissima
677 2669 854 2754 perspicis?
880 2673 917 2734 tu
939 2690 1007 2734 nan
1034 2669 1083 2733 in·

126 2761 253 2844 telliges
275 2764 308 2824 te
332 2759 468 2843 querelis
491 2757 687 2842 quotidianis
710 2759 792 2823 nihil
814 2756 992 2841 proficere?
1015 2778 1085 2821 non

127 2848 288 2932 intelliges
312 2847 468 2932 duplicari
495 2846 739 2931 sollicitudineS,
767 2867 846 2930 quas
874 2847 997 2910 elevare
1025 2849 1085 2909 tua

91 2940 159 3004 ste
191 2934 363 3019 prudentia
398 2934 563 3020 postulat?
620 2932 712 3010 Quod
749 2936 777 2998 si
807 2955 876 2998 non
911 2953 1085 3017 possumus

128 3023 248 3108 aliquid
280 3022 443 3108 proficere·
462 3022 639 3107 suadendo,
667 3023 773 3108 gratia
800 3021 1023 3087 contendimus
1049 3024 1088 3093 et

197 3197 250 3268 Ep.
271 3203 316 3265 14,
337 3203 361 3251 1.
401 3212 484 3266 qaam
506 3214 524 3251 a
546 3213 586 3251 rae
608 3196 768 3251 discesseras
790 3194 855 3264 (M).
899 3210 980 3264 qaam
1003 3211 1021 3247 a
1043 3210 1086 3248 me

128 3270 285 3324 discesserat
302 3267 362 3322 Ma
416 3284 482 3323 uam
499 3268 657 3322 discesserat
673 3267 734 3321 Ml.
769 3281 793 3337 p.
813 3266 960 3320 decascrat
977 3264 1032 3331 Or,
1050 3263 1084 3317 Β.

128 3347 152 3393 2.
177 3353 353 3410 asperarum
372 3285 435 3406 (Vq).
481 3355 522 3404 a.;
539 3353 597 3393 aaa
617 3338 655 3391 M.
678 3337 773 3408 vulgo.
801 3365 835 3379 -
860 3351 917 3390 aaa
935 3363 968 3375 —
987 3335 1013 3389 sr‘
1031 3372 1038 3387 .
1054 3374 1084 3387 ..

128 3411 252 3465 dicamas
269 3440 304 3450 -
322 3424 378 3464 acc.
398 3408 473 3478 (W).
517 3423 587 3474 aaa,
604 3409 630 3462 sd
709 3408 746 3475 d,
765 3421 819 3462 acc.
838 3406 933 3473 vulpe.
974 3410 1000 3460 3.
1027 3419 1086 3459 aare

121 3495 270 3548 passarus
288 3479 360 3548 (edd.
378 3480 468 3550 vett).
500 3480 637 3549 pessimas
654 3477 721 3532 ΜΒ.
831 3515 833 3519 -
