<?xml version="1.0" encoding="UTF-8"?>
<!DOCTYPE html PUBLIC "-//W3C//DTD XHTML 1.0 Transitional//EN"
    "http://www.w3.org/TR/xhtml1/DTD/xhtml1-transitional.dtd">
<html xmlns="http://www.w3.org/1999/xhtml" xml:lang="en" lang="en">
 <head>
  <title>
</title>
<meta http-equiv="Content-Type" content="text/html;charset=utf-8" />
  <meta name='ocr-system' content='tesseract 3.04.00' />
  <meta name='ocr-capabilities' content='ocr_page ocr_carea ocr_par ocr_line ocrx_word'/>
</head>
<body>
  <div class='ocr_page' id='page_1' title='image "./epistolae00cicegoog_0110.png"; bbox 0 0 2370 3878; ppageno 0'>
   <div class='ocr_carea' id='block_1_1' title="bbox 364 155 1048 219">
    <p class='ocr_par' dir='ltr' id='par_1_1' title="bbox 364 155 1048 219">
     <span class='ocr_line' id='line_1_1' title="bbox 364 155 1048 219; baseline 0.006 -5"><span class='ocrx_word' id='word_1_1' title='bbox 364 159 624 216; x_wconf 82' lang='lat' dir='ltr'><strong>EPISTOLARUM</strong></span> <span class='ocrx_word' id='word_1_2' title='bbox 642 159 690 214; x_wconf 85' lang='lat' dir='ltr'>lv.</span> <span class='ocrx_word' id='word_1_3' title='bbox 709 164 733 212; x_wconf 75' lang='lat'>4.</span> <span class='ocrx_word' id='word_1_4' title='bbox 754 164 779 212; x_wconf 83' lang='lat'>5.</span> <span class='ocrx_word' id='word_1_5' title='bbox 1005 155 1048 219; x_wconf 83' lang='lat'>99</span> 
     </span>
    </p>
   </div>
   <div class='ocr_carea' id='block_1_2' title="bbox 257 409 886 590">
    <p class='ocr_par' dir='ltr' id='par_1_2' title="bbox 257 409 886 590">
     <span class='ocr_line' id='line_1_2' title="bbox 474 409 594 474; baseline 0 0"><span class='ocrx_word' id='word_1_6' title='bbox 474 432 482 439; x_wconf 70' lang='grc'><strong><em>’</em></strong></span> <span class='ocrx_word' id='word_1_7' title='bbox 553 409 594 474; x_wconf 89' lang='lat' dir='ltr'>V.</span> 
     </span>
     <span class='ocr_line' id='line_1_3' title="bbox 257 521 886 590; baseline -0.003 -14"><span class='ocrx_word' id='word_1_8' title='bbox 257 522 314 577; x_wconf 80' lang='lat' dir='ltr'>Sor.</span> <span class='ocrx_word' id='word_1_9' title='bbox 334 523 451 578; x_wconf 80' lang='lat' dir='ltr'><strong>Athenis</strong></span> <span class='ocrx_word' id='word_1_10' title='bbox 468 539 564 576; x_wconf 87' lang='lat' dir='ltr'>mense</span> <span class='ocrx_word' id='word_1_11' title='bbox 582 521 675 590; x_wconf 81' lang='lat' dir='ltr'>Aprili</span> <span class='ocrx_word' id='word_1_12' title='bbox 693 537 718 574; x_wconf 83' lang='lat' dir='ltr'>a.</span> <span class='ocrx_word' id='word_1_13' title='bbox 736 538 763 574; x_wconf 88' lang='lat' dir='ltr'>u.</span> <span class='ocrx_word' id='word_1_14' title='bbox 783 537 805 575; x_wconf 87' lang='lat' dir='ltr'>c.</span> <span class='ocrx_word' id='word_1_15' title='bbox 826 525 886 575; x_wconf 77' lang='grc'>709.</span> 
     </span>
    </p>
   </div>
   <div class='ocr_carea' id='block_1_3' title="bbox 379 643 767 700">
    <p class='ocr_par' dir='ltr' id='par_1_3' title="bbox 379 643 767 700">
     <span class='ocr_line' id='line_1_4' title="bbox 379 643 767 700; baseline -0.008 0"><span class='ocrx_word' id='word_1_16' title='bbox 379 645 533 700; x_wconf 85' lang='lat' dir='ltr'><strong>SERVIUS</strong></span> <span class='ocrx_word' id='word_1_17' title='bbox 552 643 767 699; x_wconf 84' lang='lat' dir='ltr'>CICERONIS.</span> 
     </span>
    </p>
   </div>
   <div class='ocr_carea' id='block_1_4' title="bbox 93 740 1085 1536">
    <p class='ocr_par' dir='ltr' id='par_1_4' title="bbox 93 740 1085 1536">
     <span class='ocr_line' id='line_1_5' title="bbox 160 740 1085 830; baseline -0.005 -21"><span class='ocrx_word' id='word_1_18' title='bbox 160 745 377 830; x_wconf 70' lang='lat' dir='ltr'><strong>Posteaquam</strong></span> <span class='ocrx_word' id='word_1_19' title='bbox 399 746 480 809; x_wconf 86' lang='lat' dir='ltr'>mihi</span> <span class='ocrx_word' id='word_1_20' title='bbox 497 745 718 810; x_wconf 73' lang='lat' dir='ltr'>renuntiatum</span> <span class='ocrx_word' id='word_1_21' title='bbox 737 748 787 808; x_wconf 78' lang='lat' dir='ltr'>esi</span> <span class='ocrx_word' id='word_1_22' title='bbox 809 743 848 809; x_wconf 92' lang='lat' dir='ltr'>de</span> <span class='ocrx_word' id='word_1_23' title='bbox 867 743 957 809; x_wconf 77' lang='lat' dir='ltr'>obiiu</span> <span class='ocrx_word' id='word_1_24' title='bbox 977 740 1051 806; x_wconf 88' lang='lat' dir='ltr'>Tul-</span> <span class='ocrx_word' id='word_1_25' title='bbox 1072 757 1085 804; x_wconf 93' lang='lat'>1</span> 
     </span>
     <span class='ocr_line' id='line_1_6' title="bbox 93 832 1051 918; baseline -0.004 -20"><span class='ocrx_word' id='word_1_26' title='bbox 93 835 165 918; x_wconf 85' lang='lat' dir='ltr'>liae,</span> <span class='ocrx_word' id='word_1_27' title='bbox 187 835 272 898; x_wconf 85' lang='lat' dir='ltr'>filiae</span> <span class='ocrx_word' id='word_1_28' title='bbox 295 840 384 918; x_wconf 86' lang='lat' dir='ltr'>tuae,</span> <span class='ocrx_word' id='word_1_29' title='bbox 413 855 490 898; x_wconf 84' lang='lat' dir='ltr'>sane</span> <span class='ocrx_word' id='word_1_30' title='bbox 514 855 611 917; x_wconf 86' lang='lat' dir='ltr'>quam</span> <span class='ocrx_word' id='word_1_31' title='bbox 633 856 692 917; x_wconf 88' lang='lat' dir='ltr'>pro</span> <span class='ocrx_word' id='word_1_32' title='bbox 717 855 765 917; x_wconf 90' lang='lat' dir='ltr'>eo,</span> <span class='ocrx_word' id='word_1_33' title='bbox 787 854 825 897; x_wconf 84' lang='lat' dir='ltr'>oo</span> <span class='ocrx_word' id='word_1_34' title='bbox 848 832 957 914; x_wconf 90' lang='lat' dir='ltr'>debui,</span> <span class='ocrx_word' id='word_1_35' title='bbox 979 852 1051 916; x_wconf 84' lang='lat' dir='ltr'>gra·</span> 
     </span>
     <span class='ocr_line' id='line_1_7' title="bbox 94 920 1051 1006; baseline -0.002 -22"><span class='ocrx_word' id='word_1_36' title='bbox 94 923 177 985; x_wconf 72' lang='lat' dir='ltr'>viter</span> <span class='ocrx_word' id='word_1_37' title='bbox 199 923 397 1006; x_wconf 70' lang='lat' dir='ltr'>molesteque</span> <span class='ocrx_word' id='word_1_38' title='bbox 419 923 481 986; x_wconf 80' lang='lat' dir='ltr'>tuli</span> <span class='ocrx_word' id='word_1_39' title='bbox 504 943 770 1005; x_wconf 85' lang='lat' dir='ltr'>communemque</span> <span class='ocrx_word' id='word_1_40' title='bbox 793 943 865 985; x_wconf 83' lang='lat' dir='ltr'>eum</span> <span class='ocrx_word' id='word_1_41' title='bbox 888 920 1051 984; x_wconf 78' lang='lat' dir='ltr'>calamito-</span> 
     </span>
     <span class='ocr_line' id='line_1_8' title="bbox 94 1008 1052 1095; baseline -0.002 -22"><span class='ocrx_word' id='word_1_42' title='bbox 94 1016 161 1074; x_wconf 77' lang='lat' dir='ltr'>tem</span> <span class='ocrx_word' id='word_1_43' title='bbox 184 1012 378 1095; x_wconf 82' lang='lat' dir='ltr'>existimavi,</span> <span class='ocrx_word' id='word_1_44' title='bbox 405 1011 474 1094; x_wconf 94' lang='lat' dir='ltr'>qui,</span> <span class='ocrx_word' id='word_1_45' title='bbox 501 1010 529 1074; x_wconf 87' lang='lat' dir='ltr'>si</span> <span class='ocrx_word' id='word_1_46' title='bbox 556 1010 629 1074; x_wconf 80' lang='lat' dir='ltr'>istic</span> <span class='ocrx_word' id='word_1_47' title='bbox 657 1011 835 1093; x_wconf 79' lang='lat' dir='ltr'>affinissem,</span> <span class='ocrx_word' id='word_1_48' title='bbox 861 1030 965 1092; x_wconf 89' lang='lat' dir='ltr'>neque</span> <span class='ocrx_word' id='word_1_49' title='bbox 991 1008 1052 1072; x_wconf 79' lang='lat' dir='ltr'>tibi</span> 
     </span>
     <span class='ocr_line' id='line_1_9' title="bbox 95 1098 1051 1182; baseline -0.003 -20"><span class='ocrx_word' id='word_1_50' title='bbox 95 1098 268 1163; x_wconf 83' lang='lat' dir='ltr'>defuissem</span> <span class='ocrx_word' id='word_1_51' title='bbox 283 1120 455 1182; x_wconf 81' lang='lat' dir='ltr'>coramque</span> <span class='ocrx_word' id='word_1_52' title='bbox 468 1119 577 1162; x_wconf 89' lang='lat' dir='ltr'>meum</span> <span class='ocrx_word' id='word_1_53' title='bbox 591 1099 736 1163; x_wconf 89' lang='lat' dir='ltr'>dolorem</span> <span class='ocrx_word' id='word_1_54' title='bbox 753 1098 814 1161; x_wconf 83' lang='lat' dir='ltr'>tibi</span> <span class='ocrx_word' id='word_1_55' title='bbox 831 1098 1051 1161; x_wconf 83' lang='lat' dir='ltr'>declarassem.</span> 
     </span>
     <span class='ocr_line' id='line_1_10' title="bbox 95 1185 1051 1273; baseline -0.004 -23"><span class='ocrx_word' id='word_1_56' title='bbox 95 1185 168 1250; x_wconf 80' lang='lat' dir='ltr'>Etsi</span> <span class='ocrx_word' id='word_1_57' title='bbox 192 1208 295 1273; x_wconf 89' lang='lat' dir='ltr'>genus</span> <span class='ocrx_word' id='word_1_58' title='bbox 321 1188 384 1252; x_wconf 88' lang='lat' dir='ltr'>hoo</span> <span class='ocrx_word' id='word_1_59' title='bbox 407 1187 638 1251; x_wconf 77' lang='lat' dir='ltr'><strong>consolationis</strong></span> <span class='ocrx_word' id='word_1_60' title='bbox 665 1188 819 1251; x_wconf 89' lang='lat' dir='ltr'>miserum</span> <span class='ocrx_word' id='word_1_61' title='bbox 848 1189 944 1269; x_wconf 80' lang='lat' dir='ltr'>atque</span> <span class='ocrx_word' id='word_1_62' title='bbox 967 1206 1051 1248; x_wconf 83' lang='lat' dir='ltr'>acer·</span> 
     </span>
     <span class='ocr_line' id='line_1_11' title="bbox 95 1273 1054 1360; baseline -0.002 -22"><span class='ocrx_word' id='word_1_63' title='bbox 95 1275 173 1338; x_wconf 91' lang='lat' dir='ltr'>bum</span> <span class='ocrx_word' id='word_1_64' title='bbox 196 1280 254 1360; x_wconf 85' lang='lat' dir='ltr'>est,</span> <span class='ocrx_word' id='word_1_65' title='bbox 276 1281 448 1360; x_wconf 80' lang='lat' dir='ltr'>propterea</span> <span class='ocrx_word' id='word_1_66' title='bbox 470 1276 555 1360; x_wconf 86' lang='lat' dir='ltr'>quia,</span> <span class='ocrx_word' id='word_1_67' title='bbox 576 1297 634 1359; x_wconf 88' lang='lat' dir='ltr'>per</span> <span class='ocrx_word' id='word_1_68' title='bbox 653 1297 733 1359; x_wconf 90' lang='lat' dir='ltr'>quos</span> <span class='ocrx_word' id='word_1_69' title='bbox 752 1296 791 1339; x_wconf 84' lang='lat' dir='ltr'>ea</span> <span class='ocrx_word' id='word_1_70' title='bbox 809 1273 940 1339; x_wconf 89' lang='lat' dir='ltr'>confieri</span> <span class='ocrx_word' id='word_1_71' title='bbox 957 1273 1054 1337; x_wconf 81' lang='lat' dir='ltr'>debet</span> 
     </span>
     <span class='ocr_line' id='line_1_12' title="bbox 95 1361 1052 1448; baseline -0.001 -23"><span class='ocrx_word' id='word_1_72' title='bbox 95 1364 296 1446; x_wconf 89' lang='lat' dir='ltr'>propinquos</span> <span class='ocrx_word' id='word_1_73' title='bbox 320 1386 356 1428; x_wconf 86' lang='lat' dir='ltr'>ac</span> <span class='ocrx_word' id='word_1_74' title='bbox 379 1364 595 1447; x_wconf 51' lang='lat' dir='ltr'>familiarcss</span> <span class='ocrx_word' id='word_1_75' title='bbox 585 1365 609 1428; x_wconf 92' lang='lat' dir='ltr'>1i</span> <span class='ocrx_word' id='word_1_76' title='bbox 631 1364 695 1448; x_wconf 89' lang='lat' dir='ltr'>ipsi</span> <span class='ocrx_word' id='word_1_77' title='bbox 717 1364 788 1448; x_wconf 86' lang='lat' dir='ltr'>pari</span> <span class='ocrx_word' id='word_1_78' title='bbox 811 1363 961 1428; x_wconf 73' lang='lat' dir='ltr'>molestia</span> <span class='ocrx_word' id='word_1_79' title='bbox 983 1361 1052 1425; x_wconf 77' lang='lat' dir='ltr'><strong>affi-</strong></span> 
     </span>
     <span class='ocr_line' id='line_1_13' title="bbox 96 1451 1053 1536; baseline 0 -23"><span class='ocrx_word' id='word_1_80' title='bbox 96 1451 226 1514; x_wconf 78' lang='lat' dir='ltr'>ciuntur</span> <span class='ocrx_word' id='word_1_81' title='bbox 247 1473 351 1536; x_wconf 90' lang='lat' dir='ltr'>neque</span> <span class='ocrx_word' id='word_1_82' title='bbox 379 1454 448 1518; x_wconf 89' lang='lat' dir='ltr'>sine</span> <span class='ocrx_word' id='word_1_83' title='bbox 475 1453 617 1517; x_wconf 73' lang='lat' dir='ltr'>lacrimis</span> <span class='ocrx_word' id='word_1_84' title='bbox 643 1454 754 1518; x_wconf 85' lang='lat' dir='ltr'>multis</span> <span class='ocrx_word' id='word_1_85' title='bbox 782 1453 815 1517; x_wconf 90' lang='lat' dir='ltr'>id</span> <span class='ocrx_word' id='word_1_86' title='bbox 842 1452 953 1517; x_wconf 87' lang='lat' dir='ltr'>conari</span> <span class='ocrx_word' id='word_1_87' title='bbox 979 1473 1053 1534; x_wconf 85' lang='lat' dir='ltr'>pos-</span> 
     </span>
    </p>
   </div>
   <div class='ocr_carea' id='block_1_5' title="bbox 96 1627 1089 3219">
    <p class='ocr_par' dir='ltr' id='par_1_5' title="bbox 96 1627 1089 3219">
     <span class='ocr_line' id='line_1_14' title="bbox 96 1627 1053 1714; baseline 0 -24"><span class='ocrx_word' id='word_1_88' title='bbox 96 1627 240 1712; x_wconf 84' lang='lat' dir='ltr'>indigere</span> <span class='ocrx_word' id='word_1_89' title='bbox 263 1651 360 1713; x_wconf 83' lang='lat' dir='ltr'>quam</span> <span class='ocrx_word' id='word_1_90' title='bbox 384 1631 455 1695; x_wconf 88' lang='lat' dir='ltr'>aliis</span> <span class='ocrx_word' id='word_1_91' title='bbox 478 1652 573 1714; x_wconf 89' lang='lat' dir='ltr'>posse</span> <span class='ocrx_word' id='word_1_92' title='bbox 597 1653 690 1695; x_wconf 91' lang='lat' dir='ltr'>suum</span> <span class='ocrx_word' id='word_1_93' title='bbox 714 1631 857 1696; x_wconf 86' lang='lat' dir='ltr'>officium</span> <span class='ocrx_word' id='word_1_94' title='bbox 879 1633 1053 1713; x_wconf 76' lang='lat' dir='ltr'>praestare,</span> 
     </span>
     <span class='ocr_line' id='line_1_15' title="bbox 96 1718 1053 1803; baseline 0.002 -25"><span class='ocrx_word' id='word_1_95' title='bbox 96 1719 220 1800; x_wconf 78' lang='lat' dir='ltr'>tamen,</span> <span class='ocrx_word' id='word_1_96' title='bbox 247 1739 329 1800; x_wconf 88' lang='lat' dir='ltr'>quae</span> <span class='ocrx_word' id='word_1_97' title='bbox 356 1720 392 1782; x_wconf 92' lang='lat' dir='ltr'>in</span> <span class='ocrx_word' id='word_1_98' title='bbox 417 1720 637 1803; x_wconf 75' lang='lat' dir='ltr'>praesentio</span> <span class='ocrx_word' id='word_1_99' title='bbox 627 1741 663 1782; x_wconf 91' lang='lat' dir='ltr'>m</span> <span class='ocrx_word' id='word_1_100' title='bbox 685 1723 828 1784; x_wconf 80' lang='lat' dir='ltr'>mentem</span> <span class='ocrx_word' id='word_1_101' title='bbox 856 1718 937 1782; x_wconf 89' lang='lat' dir='ltr'>mihi</span> <span class='ocrx_word' id='word_1_102' title='bbox 959 1736 1053 1782; x_wconf 86' lang='lat' dir='ltr'>rene·</span> 
     </span>
     <span class='ocr_line' id='line_1_16' title="bbox 96 1806 1054 1891; baseline 0 -23"><span class='ocrx_word' id='word_1_103' title='bbox 96 1809 187 1888; x_wconf 77' lang='lat' dir='ltr'>runt,</span> <span class='ocrx_word' id='word_1_104' title='bbox 215 1806 340 1871; x_wconf 82' lang='lat' dir='ltr'>decrevi</span> <span class='ocrx_word' id='word_1_105' title='bbox 365 1807 457 1871; x_wconf 84' lang='lat' dir='ltr'>brevi</span> <span class='ocrx_word' id='word_1_106' title='bbox 480 1808 521 1870; x_wconf 83' lang='lat' dir='ltr'>ad</span> <span class='ocrx_word' id='word_1_107' title='bbox 542 1811 577 1871; x_wconf 78' lang='lat' dir='ltr'>te</span> <span class='ocrx_word' id='word_1_108' title='bbox 598 1809 810 1891; x_wconf 82' lang='lat' dir='ltr'>perscribere,</span> <span class='ocrx_word' id='word_1_109' title='bbox 836 1829 905 1871; x_wconf 91' lang='lat' dir='ltr'>non</span> <span class='ocrx_word' id='word_1_110' title='bbox 928 1828 991 1888; x_wconf 92' lang='lat' dir='ltr'>quo</span> <span class='ocrx_word' id='word_1_111' title='bbox 1015 1827 1054 1868; x_wconf 85' lang='lat' dir='ltr'>eo</span> 
     </span>
     <span class='ocr_line' id='line_1_17' title="bbox 96 1893 1053 1977; baseline 0.001 -22"><span class='ocrx_word' id='word_1_112' title='bbox 96 1896 129 1955; x_wconf 82' lang='lat' dir='ltr'>te</span> <span class='ocrx_word' id='word_1_113' title='bbox 151 1894 264 1977; x_wconf 84' lang='lat' dir='ltr'>fugere</span> <span class='ocrx_word' id='word_1_114' title='bbox 287 1895 481 1977; x_wconf 76' lang='lat' dir='ltr'>existimem,</span> <span class='ocrx_word' id='word_1_115' title='bbox 509 1895 565 1958; x_wconf 89' lang='lat' dir='ltr'>sed</span> <span class='ocrx_word' id='word_1_116' title='bbox 587 1896 674 1977; x_wconf 86' lang='lat' dir='ltr'>quod</span> <span class='ocrx_word' id='word_1_117' title='bbox 696 1895 835 1960; x_wconf 82' lang='lat' dir='ltr'>forsitan</span> <span class='ocrx_word' id='word_1_118' title='bbox 862 1894 973 1958; x_wconf 91' lang='lat' dir='ltr'>dolore</span> <span class='ocrx_word' id='word_1_119' title='bbox 995 1893 1053 1956; x_wconf 92' lang='lat' dir='ltr'>im·</span> 
     </span>
     <span class='ocr_line' id='line_1_18' title="bbox 97 1981 1088 2065; baseline 0.009 -22"><span class='ocrx_word' id='word_1_120' title='bbox 97 1981 225 2063; x_wconf 70' lang='lat' dir='ltr'>peditus</span> <span class='ocrx_word' id='word_1_121' title='bbox 247 1983 355 2046; x_wconf 90' lang='lat' dir='ltr'>minus</span> <span class='ocrx_word' id='word_1_122' title='bbox 378 2004 417 2046; x_wconf 86' lang='lat' dir='ltr'>ea</span> <span class='ocrx_word' id='word_1_123' title='bbox 439 1983 623 2065; x_wconf 82' lang='lat' dir='ltr'>perspicius.</span> <span class='ocrx_word' id='word_1_124' title='bbox 664 1981 747 2057; x_wconf 84' lang='lat' dir='ltr'>Quid</span> <span class='ocrx_word' id='word_1_125' title='bbox 770 1987 829 2065; x_wconf 70' lang='lat' dir='ltr'>esi,</span> <span class='ocrx_word' id='word_1_126' title='bbox 851 1981 938 2065; x_wconf 88' lang='lat' dir='ltr'>quod</span> <span class='ocrx_word' id='word_1_127' title='bbox 960 1984 1088 2052; x_wconf 68' lang='lat' dir='ltr'>tanton</span> 
     </span>
     <span class='ocr_line' id='line_1_19' title="bbox 98 2068 1054 2155; baseline 0.005 -25"><span class='ocrx_word' id='word_1_128' title='bbox 98 2089 195 2150; x_wconf 88' lang='lat' dir='ltr'>opere</span> <span class='ocrx_word' id='word_1_129' title='bbox 216 2074 249 2132; x_wconf 80' lang='lat' dir='ltr'>te</span> <span class='ocrx_word' id='word_1_130' title='bbox 273 2072 475 2135; x_wconf 76' lang='lat' dir='ltr'>commoveat</span> <span class='ocrx_word' id='word_1_131' title='bbox 496 2074 573 2134; x_wconf 82' lang='lat' dir='ltr'>tuus</span> <span class='ocrx_word' id='word_1_132' title='bbox 591 2070 683 2135; x_wconf 87' lang='lat' dir='ltr'>dolor</span> <span class='ocrx_word' id='word_1_133' title='bbox 700 2070 897 2135; x_wconf 81' lang='lat' dir='ltr'>intestinus?</span> <span class='ocrx_word' id='word_1_134' title='bbox 929 2068 1054 2155; x_wconf 77' lang='lat' dir='ltr'>Cogito,</span> 
     </span>
     <span class='ocr_line' id='line_1_20' title="bbox 98 2156 1055 2245; baseline 0.003 -26"><span class='ocrx_word' id='word_1_135' title='bbox 98 2156 368 2238; x_wconf 82' lang='lat' dir='ltr'>quemadmodum</span> <span class='ocrx_word' id='word_1_136' title='bbox 396 2157 501 2222; x_wconf 86' lang='lat' dir='ltr'>adhue</span> <span class='ocrx_word' id='word_1_137' title='bbox 527 2157 660 2223; x_wconf 78' lang='lat' dir='ltr'>fortuna</span> <span class='ocrx_word' id='word_1_138' title='bbox 682 2159 851 2224; x_wconf 85' lang='lat' dir='ltr'>nobiscnm</span> <span class='ocrx_word' id='word_1_139' title='bbox 873 2159 988 2245; x_wconf 76' lang='lat' dir='ltr'>egerit:</span> <span class='ocrx_word' id='word_1_140' title='bbox 1016 2180 1055 2222; x_wconf 81' lang='lat' dir='ltr'>ea</span> 
     </span>
     <span class='ocr_line' id='line_1_21' title="bbox 97 2245 1054 2331; baseline 0.004 -24"><span class='ocrx_word' id='word_1_141' title='bbox 97 2245 192 2308; x_wconf 90' lang='lat' dir='ltr'>nobis</span> <span class='ocrx_word' id='word_1_142' title='bbox 211 2251 322 2330; x_wconf 76' lang='lat' dir='ltr'>crepta</span> <span class='ocrx_word' id='word_1_143' title='bbox 340 2268 418 2331; x_wconf 90' lang='lat' dir='ltr'>esse,</span> <span class='ocrx_word' id='word_1_144' title='bbox 441 2268 522 2330; x_wconf 84' lang='lat' dir='ltr'>quae</span> <span class='ocrx_word' id='word_1_145' title='bbox 540 2247 727 2313; x_wconf 89' lang='lat' dir='ltr'>hominibus</span> <span class='ocrx_word' id='word_1_146' title='bbox 744 2270 813 2314; x_wconf 89' lang='lat' dir='ltr'>non</span> <span class='ocrx_word' id='word_1_147' title='bbox 829 2249 938 2313; x_wconf 86' lang='lat' dir='ltr'>minus</span> <span class='ocrx_word' id='word_1_148' title='bbox 956 2269 1054 2331; x_wconf 83' lang='lat' dir='ltr'>quam</span> 
     </span>
     <span class='ocr_line' id='line_1_22' title="bbox 96 2334 1053 2421; baseline 0.006 -25"><span class='ocrx_word' id='word_1_149' title='bbox 96 2334 189 2397; x_wconf 91' lang='lat' dir='ltr'>liberi</span> <span class='ocrx_word' id='word_1_150' title='bbox 212 2356 287 2398; x_wconf 84' lang='lat' dir='ltr'>cara</span> <span class='ocrx_word' id='word_1_151' title='bbox 309 2357 379 2400; x_wconf 89' lang='lat' dir='ltr'>esse</span> <span class='ocrx_word' id='word_1_152' title='bbox 397 2336 525 2420; x_wconf 79' lang='lat' dir='ltr'>debent,</span> <span class='ocrx_word' id='word_1_153' title='bbox 546 2337 696 2421; x_wconf 78' lang='lat' dir='ltr'>patriam,</span> <span class='ocrx_word' id='word_1_154' title='bbox 717 2337 932 2421; x_wconf 66' lang='lat' dir='ltr'>honestatem,</span> <span class='ocrx_word' id='word_1_155' title='bbox 949 2337 1053 2421; x_wconf 89' lang='lat' dir='ltr'>digni·</span> 
     </span>
     <span class='ocr_line' id='line_1_23' title="bbox 96 2424 1053 2506; baseline 0.004 -22"><span class='ocrx_word' id='word_1_156' title='bbox 96 2426 211 2506; x_wconf 71' lang='lat' dir='ltr'>tatem,</span> <span class='ocrx_word' id='word_1_157' title='bbox 237 2424 378 2490; x_wconf 89' lang='lat' dir='ltr'>honores</span> <span class='ocrx_word' id='word_1_158' title='bbox 407 2447 529 2490; x_wconf 90' lang='lat' dir='ltr'>omnes.</span> <span class='ocrx_word' id='word_1_159' title='bbox 573 2424 646 2490; x_wconf 86' lang='lat' dir='ltr'>Hoc</span> <span class='ocrx_word' id='word_1_160' title='bbox 672 2448 738 2491; x_wconf 90' lang='lat' dir='ltr'>uno</span> <span class='ocrx_word' id='word_1_161' title='bbox 765 2425 971 2492; x_wconf 86' lang='lat' dir='ltr'>incommodo</span> <span class='ocrx_word' id='word_1_162' title='bbox 999 2425 1053 2489; x_wconf 81' lang='lat' dir='ltr'>od-</span> 
     </span>
     <span class='ocr_line' id='line_1_24' title="bbox 98 2511 1054 2599; baseline 0.005 -26"><span class='ocrx_word' id='word_1_163' title='bbox 98 2511 165 2574; x_wconf 82' lang='lat' dir='ltr'>dito</span> <span class='ocrx_word' id='word_1_164' title='bbox 189 2512 265 2593; x_wconf 92' lang='lat' dir='ltr'>quid</span> <span class='ocrx_word' id='word_1_165' title='bbox 288 2513 329 2576; x_wconf 79' lang='lat' dir='ltr'>od</span> <span class='ocrx_word' id='word_1_166' title='bbox 352 2513 496 2579; x_wconf 89' lang='lat' dir='ltr'>dolorem</span> <span class='ocrx_word' id='word_1_167' title='bbox 519 2513 653 2599; x_wconf 87' lang='lat' dir='ltr'>adiungi</span> <span class='ocrx_word' id='word_1_168' title='bbox 674 2515 805 2598; x_wconf 78' lang='lat' dir='ltr'>potuit?</span> <span class='ocrx_word' id='word_1_169' title='bbox 828 2518 886 2579; x_wconf 80' lang='lat' dir='ltr'>aui</span> <span class='ocrx_word' id='word_1_170' title='bbox 907 2515 963 2597; x_wconf 91' lang='lat' dir='ltr'>qui</span> <span class='ocrx_word' id='word_1_171' title='bbox 985 2535 1054 2579; x_wconf 89' lang='lat' dir='ltr'>non</span> 
     </span>
     <span class='ocr_line' id='line_1_25' title="bbox 97 2599 1055 2668; baseline 0.003 -7"><span class='ocrx_word' id='word_1_172' title='bbox 97 2599 132 2661; x_wconf 92' lang='lat' dir='ltr'>in</span> <span class='ocrx_word' id='word_1_173' title='bbox 155 2599 218 2663; x_wconf 85' lang='lat' dir='ltr'>iilis</span> <span class='ocrx_word' id='word_1_174' title='bbox 241 2601 337 2665; x_wconf 87' lang='lat' dir='ltr'>rebus</span> <span class='ocrx_word' id='word_1_175' title='bbox 365 2603 558 2667; x_wconf 77' lang='lat' dir='ltr'>exercitatus</span> <span class='ocrx_word' id='word_1_176' title='bbox 581 2603 709 2667; x_wconf 86' lang='lat' dir='ltr'>animus</span> <span class='ocrx_word' id='word_1_177' title='bbox 731 2604 846 2668; x_wconf 76' lang='lat' dir='ltr'>callere</span> <span class='ocrx_word' id='word_1_178' title='bbox 869 2604 935 2667; x_wconf 82' lang='lat' dir='ltr'>ium</span> <span class='ocrx_word' id='word_1_179' title='bbox 959 2602 1055 2666; x_wconf 77' lang='lat' dir='ltr'>debet</span> 
     </span>
     <span class='ocr_line' id='line_1_26' title="bbox 98 2690 1089 2775; baseline 0.006 -27"><span class='ocrx_word' id='word_1_180' title='bbox 98 2692 193 2770; x_wconf 72' lang='lat' dir='ltr'>atque</span> <span class='ocrx_word' id='word_1_181' title='bbox 217 2690 326 2753; x_wconf 86' lang='lat' dir='ltr'>omnia</span> <span class='ocrx_word' id='word_1_182' title='bbox 348 2691 483 2756; x_wconf 90' lang='lat' dir='ltr'>minoris</span> <span class='ocrx_word' id='word_1_183' title='bbox 506 2691 710 2756; x_wconf 80' lang='lat' dir='ltr'>existimare?</span> <span class='ocrx_word' id='word_1_184' title='bbox 755 2691 811 2756; x_wconf 89' lang='lat' dir='ltr'>An</span> <span class='ocrx_word' id='word_1_185' title='bbox 832 2692 920 2756; x_wconf 87' lang='lat' dir='ltr'>iliius</span> <span class='ocrx_word' id='word_1_186' title='bbox 942 2690 1089 2775; x_wconf 79' lang='lat' dir='ltr'>vicem,3</span> 
     </span>
     <span class='ocr_line' id='line_1_27' title="bbox 97 2776 1053 2880; baseline 0.006 -42"><span class='ocrx_word' id='word_1_187' title='bbox 97 2776 200 2860; x_wconf 87' lang='lat' dir='ltr'>oredo,</span> <span class='ocrx_word' id='word_1_188' title='bbox 223 2777 334 2842; x_wconf 87' lang='lat' dir='ltr'>doles?</span> <span class='ocrx_word' id='word_1_189' title='bbox 371 2779 504 2880; x_wconf 77' lang='lat' dir='ltr'>Quoties</span> <span class='ocrx_word' id='word_1_190' title='bbox 525 2780 561 2843; x_wconf 91' lang='lat' dir='ltr'>in</span> <span class='ocrx_word' id='word_1_191' title='bbox 584 2802 655 2844; x_wconf 84' lang='lat' dir='ltr'>eam</span> <span class='ocrx_word' id='word_1_192' title='bbox 673 2781 906 2866; x_wconf 79' lang='lat' dir='ltr'>cogitationem</span> <span class='ocrx_word' id='word_1_193' title='bbox 922 2800 1053 2844; x_wconf 86' lang='lat' dir='ltr'>necesse</span> 
     </span>
     <span class='ocr_line' id='line_1_28' title="bbox 97 2828 1053 2954; baseline 0.007 -27"><span class='ocrx_word' id='word_1_194' title='bbox 97 2869 147 2928; x_wconf 77' lang='lat' dir='ltr'>est</span> <span class='ocrx_word' id='word_1_195' title='bbox 164 2828 200 2928; x_wconf 71' lang='lat' dir='ltr'>ed</span> <span class='ocrx_word' id='word_1_196' title='bbox 214 2870 251 2930; x_wconf 76' lang='lat' dir='ltr'>iu</span> <span class='ocrx_word' id='word_1_197' title='bbox 269 2869 396 2932; x_wconf 83' lang='lat' dir='ltr'>veneris</span> <span class='ocrx_word' id='word_1_198' title='bbox 415 2873 449 2932; x_wconf 76' lang='lat' dir='ltr'>ei</span> <span class='ocrx_word' id='word_1_199' title='bbox 465 2889 526 2932; x_wconf 89' lang='lat' dir='ltr'>nos</span> <span class='ocrx_word' id='word_1_200' title='bbox 545 2890 641 2952; x_wconf 79' lang='lat' dir='ltr'>saepe</span> <span class='ocrx_word' id='word_1_201' title='bbox 658 2869 841 2954; x_wconf 84' lang='lat' dir='ltr'>incidimus,</span> <span class='ocrx_word' id='word_1_202' title='bbox 862 2869 951 2934; x_wconf 89' lang='lat' dir='ltr'>hisce</span> <span class='ocrx_word' id='word_1_203' title='bbox 974 2873 1053 2933; x_wconf 75' lang='lat' dir='ltr'>tem-</span> 
     </span>
     <span class='ocr_line' id='line_1_29' title="bbox 96 2954 1053 3053; baseline 0.005 -36"><span class='ocrx_word' id='word_1_204' title='bbox 96 2954 229 3053; x_wconf 81' lang='lat' dir='ltr'>poribus</span> <span class='ocrx_word' id='word_1_205' title='bbox 256 2978 324 3020; x_wconf 92' lang='lat' dir='ltr'>non</span> <span class='ocrx_word' id='word_1_206' title='bbox 350 2957 489 3039; x_wconf 87' lang='lat' dir='ltr'>pessime</span> <span class='ocrx_word' id='word_1_207' title='bbox 517 2978 591 3021; x_wconf 88' lang='lat' dir='ltr'>cnm</span> <span class='ocrx_word' id='word_1_208' title='bbox 617 2957 658 3021; x_wconf 86' lang='lat' dir='ltr'>iis</span> <span class='ocrx_word' id='word_1_209' title='bbox 686 2979 756 3022; x_wconf 85' lang='lat' dir='ltr'>esse</span> <span class='ocrx_word' id='word_1_210' title='bbox 783 2961 905 3042; x_wconf 75' lang='lat' dir='ltr'>cotom,</span> <span class='ocrx_word' id='word_1_211' title='bbox 937 2958 1053 3041; x_wconf 87' lang='lat' dir='ltr'>quibus</span> 
     </span>
     <span class='ocr_line' id='line_1_30' title="bbox 97 3041 1053 3112; baseline 0.007 -10"><span class='ocrx_word' id='word_1_212' title='bbox 97 3041 167 3103; x_wconf 88' lang='lat' dir='ltr'>sine</span> <span class='ocrx_word' id='word_1_213' title='bbox 190 3041 299 3107; x_wconf 86' lang='lat' dir='ltr'>dolore</span> <span class='ocrx_word' id='word_1_214' title='bbox 327 3044 452 3108; x_wconf 75' lang='lat' dir='ltr'>licitum</span> <span class='ocrx_word' id='word_1_215' title='bbox 479 3048 689 3110; x_wconf 76' lang='lat' dir='ltr'>estmortem</span> <span class='ocrx_word' id='word_1_216' title='bbox 717 3068 791 3110; x_wconf 91' lang='lat' dir='ltr'>cum</span> <span class='ocrx_word' id='word_1_217' title='bbox 816 3047 885 3109; x_wconf 80' lang='lat' dir='ltr'>rita</span> <span class='ocrx_word' id='word_1_218' title='bbox 912 3068 1053 3112; x_wconf 90' lang='lat' dir='ltr'>commu·</span> 
     </span>
     <span class='ocr_line' id='line_1_31' title="bbox 96 3128 1053 3219; baseline 0.008 -28"><span class='ocrx_word' id='word_1_219' title='bbox 96 3128 188 3193; x_wconf 78' lang='lat' dir='ltr'>tare?</span> <span class='ocrx_word' id='word_1_220' title='bbox 234 3130 318 3205; x_wconf 90' lang='lat' dir='ltr'>Quid</span> <span class='ocrx_word' id='word_1_221' title='bbox 350 3136 457 3219; x_wconf 81' lang='lat' dir='ltr'>autem</span> <span class='ocrx_word' id='word_1_222' title='bbox 488 3133 566 3217; x_wconf 79' lang='lat' dir='ltr'>fuit,</span> <span class='ocrx_word' id='word_1_223' title='bbox 593 3134 680 3217; x_wconf 89' lang='lat' dir='ltr'>quod</span> <span class='ocrx_word' id='word_1_224' title='bbox 706 3134 797 3198; x_wconf 81' lang='lat' dir='ltr'>illam</span> <span class='ocrx_word' id='word_1_225' title='bbox 818 3135 881 3199; x_wconf 89' lang='lat' dir='ltr'>hoo</span> <span class='ocrx_word' id='word_1_226' title='bbox 907 3140 1053 3219; x_wconf 69' lang='lat' dir='ltr'>temporo</span> 
     </span>
    </p>
   </div>
   <div class='ocr_carea' id='block_1_6' title="bbox 97 3217 1054 3307">
    <p class='ocr_par' dir='ltr' id='par_1_6' title="bbox 97 3217 1054 3307">
     <span class='ocr_line' id='line_1_32' title="bbox 97 3217 1054 3307; baseline 0.008 -27"><span class='ocrx_word' id='word_1_227' title='bbox 97 3217 138 3281; x_wconf 89' lang='lat' dir='ltr'>ad</span> <span class='ocrx_word' id='word_1_228' title='bbox 166 3217 338 3283; x_wconf 84' lang='lat' dir='ltr'>vivendum</span> <span class='ocrx_word' id='word_1_229' title='bbox 370 3242 491 3307; x_wconf 81' lang='lat' dir='ltr'>magno</span> <span class='ocrx_word' id='word_1_230' title='bbox 518 3243 615 3306; x_wconf 87' lang='lat' dir='ltr'>opere</span> <span class='ocrx_word' id='word_1_231' title='bbox 641 3222 779 3288; x_wconf 74' lang='lat' dir='ltr'>inritare</span> <span class='ocrx_word' id='word_1_232' title='bbox 807 3223 940 3306; x_wconf 80' lang='lat' dir='ltr'>posset?</span> <span class='ocrx_word' id='word_1_233' title='bbox 972 3245 1054 3307; x_wconf 84' lang='lat' dir='ltr'>quae</span> 
     </span>
    </p>
   </div>
   <div class='ocr_carea' id='block_1_7' title="bbox 94 3428 1053 3570">
    <p class='ocr_par' dir='ltr' id='par_1_7' title="bbox 94 3428 1053 3570">
     <span class='ocr_line' id='line_1_33' title="bbox 94 3428 1053 3570; baseline 0.004 -87"><span class='ocrx_word' id='word_1_234' title='bbox 94 3428 262 3570; x_wconf 45' lang='grc' dir='ltr'>ωωΕιΙιίὀ,</span> <span class='ocrx_word' id='word_1_235' title='bbox 278 3435 302 3485; x_wconf 88' lang='lat'>1.</span> <span class='ocrx_word' id='word_1_236' title='bbox 341 3445 425 3502; x_wconf 70' lang='lat' dir='ltr'>prop.</span> <span class='ocrx_word' id='word_1_237' title='bbox 444 3447 478 3487; x_wconf 84' lang='lat' dir='ltr'>oc</span> <span class='ocrx_word' id='word_1_238' title='bbox 493 3431 648 3499; x_wconf 64' lang='lat' dir='ltr'>samariam</span> <span class='ocrx_word' id='word_1_239' title='bbox 665 3432 733 3500; x_wconf 90' lang='grc' dir='ltr'>(Μ).</span> <span class='ocrx_word' id='word_1_240' title='bbox 714 3431 836 3505; x_wconf 71' lang='grc' dir='ltr'>).[ρι</span> <span class='ocrx_word' id='word_1_241' title='bbox 855 3447 889 3486; x_wconf 83' lang='lat' dir='ltr'>uc</span> <span class='ocrx_word' id='word_1_242' title='bbox 905 3432 939 3503; x_wconf 67' lang='lat' dir='ltr'>fi]</span> <span class='ocrx_word' id='word_1_243' title='bbox 953 3433 1053 3502; x_wconf 74' lang='lat' dir='ltr'>Kleyn</span> 
     </span>
    </p>
   </div>
   <div class='ocr_carea' id='block_1_8' title="bbox 814 3593 857 3648">
    <p class='ocr_par' dir='ltr' id='par_1_8' title="bbox 814 3593 857 3648">
     <span class='ocr_line' id='line_1_34' title="bbox 814 3593 857 3648; baseline 0 -20"><span class='ocrx_word' id='word_1_244' title='bbox 814 3593 857 3648; x_wconf 55' lang='grc' dir='ltr'>Ἰ*</span> 
     </span>
    </p>
   </div>
   <div class='ocr_carea' id='block_1_9' title="bbox 0 0 1196 3878">
    <p class='ocr_par' dir='ltr' id='par_1_9' title="bbox 0 0 1196 3878">
     <span class='ocr_line' id='line_1_35' title="bbox 0 0 1196 3878; baseline 0 0"><span class='ocrx_word' id='word_1_245' title='bbox 0 0 1196 3878; x_wconf 95' lang='lat' dir='ltr'> </span> 
     </span>
    </p>
   </div>
  </div>
 </body>
</html>
