2370 3878
95 173 132 226 M.
152 171 276 228 TULLII
293 171 482 227 CICERONIS
501 171 758 228 EPISTULARUM
777 174 828 227 etc.
851 171 899 227 III.
920 178 942 227 1.
981 170 1044 236 619

95 317 286 381 enimsatis
312 317 375 382 loci
406 317 574 382 videbatur
601 338 669 382 esse
696 317 824 400 atriolo,
855 337 949 398 neque
979 317 1046 381 fere

96 405 179 468 solet
200 405 263 468 nisi
285 405 319 468 in
341 405 380 469 iis
400 405 551 469 aedIficiis
570 405 647 488 fieri,
669 405 837 489 inquibus
861 410 911 470 est
929 405 1047 468 atrium

96 493 207 576 maine,
225 513 284 556 nec
302 492 420 556 habere
440 496 568 576 poterat
582 493 731 556 adiuncta
751 493 896 557 cubicula
915 497 947 556 et
966 493 1046 556 eius·

95 580 182 644 modi
204 580 359 644 membra:
382 601 469 645 nunc
491 581 512 659 t
532 581 594 645 hoc
618 581 667 644 vel
684 581 853 645 honestate
875 580 1047 645 testudinis
1137 640 1140 645 .

95 668 146 730 vel
169 668 261 732 valde
284 667 363 732 boui
385 668 542 733 aestivum
559 669 666 733 locum
686 668 857 751 obtinebit3
878 672 915 732 tu
937 672 1047 731 tamen

95 755 123 818 si
151 756 244 819 allter
275 756 389 840 sentis,
421 755 558 820 rescribe
590 777 686 839 quam
713 756 860 839 primum.
913 755 953 819 In
979 755 1047 819 bal·

94 843 214 906 neariis
243 865 316 907 assa
346 844 381 907 in
412 844 548 908 alterum
580 843 758 927 apodyterii
789 844 944 928 angulum
974 865 1046 926 pro-

96 931 195 1013 movi,
222 935 392 1015 propterea
420 932 505 1014 quod
532 932 579 994 ita
606 935 698 996 erant
724 932 843 1014 posiba,
874 934 911 994 ut
937 951 1047 994 eorum

96 1019 301 1101 vaporarium
328 1023 413 1083 esset
440 1020 619 1083 subiectum
651 1018 812 1083 cubiculis.
858 1015 1047 1102 subgrande

96 1105 279 1170 cubiculum
302 1109 410 1171 autem
432 1111 465 1170 et
482 1107 653 1171 hibernum
672 1107 773 1170 altum
790 1106 883 1170 valde
905 1105 1048 1190 probavi,

97 1193 183 1275 quod
206 1197 239 1256 et
266 1195 373 1278 ampla
400 1199 493 1259 erant
520 1198 552 1258 et
577 1195 648 1259 loco
675 1194 794 1277 posita,
820 1193 1048 1258 ambulationis

96 1302 163 1344 uno
186 1280 295 1364 latere,
318 1302 365 1365 eo,
389 1282 474 1365 quod
497 1286 547 1346 est
568 1282 749 1365 proximum
771 1282 951 1346 balneariis.
988 1278 1048 1345 Oo-

95 1368 225 1431 lumnas
247 1390 351 1451 neque
374 1373 477 1434 rectas
500 1391 604 1452 neque
627 1369 793 1454 eregione
812 1369 962 1453 Diphilus
985 1368 1049 1432 col·

97 1456 233 1520 locarat:
261 1478 314 1520 eas
338 1457 459 1521 scilicet
486 1457 687 1540 demolietur3
714 1457 886 1540 aliquando
914 1476 1048 1540 perpen-

97 1543 203 1608 diculo
232 1548 264 1607 et
290 1545 376 1608 linea
407 1545 507 1608 discet
539 1545 595 1609 uti.
645 1543 785 1609 Omnino
813 1567 906 1630 spero
938 1545 1048 1628 paucis

97 1632 262 1696 mensibus
286 1654 366 1716 opus
389 1632 514 1716 Diphili
540 1632 718 1716 perlectum
739 1633 822 1716 fore3
850 1634 941 1697 curat
963 1632 1049 1695 enim

96 1718 341 1804 diligentissime
365 1717 506 1805 Caesius,
529 1721 584 1803 qui
606 1724 677 1784 tum
699 1741 824 1784 mecum
845 1721 917 1784 fuit.

164 1813 211 1870 Ex
238 1829 276 1871 eo
302 1809 374 1872 loco
396 1811 485 1872 recta
507 1807 668 1872 Vitularia
696 1808 749 1871 via
775 1808 913 1891 profecti
940 1789 1085 1896 sumus}

96 1894 132 1957 iu
155 1892 360 1958 Fufidianum
381 1895 531 1978 fundum,
560 1916 654 1978 quem
676 1895 737 1958 tibi
759 1896 912 1979 proximis
935 1894 1050 1958 nundi·

98 1982 149 2045 nis
172 1981 289 2065 Arpini
316 1983 355 2047 de
382 1980 507 2047 Fufidio
536 1981 600 2046 HS.
623 1999 834 2048 cccmoocm.
863 2003 1050 2046 emeramus.

98 2068 170 2154 Ego
202 2069 309 2135 locum
341 2074 461 2135 aestate
497 2070 730 2134 umbrosiorem
761 2071 826 2134 vidi
862 2090 1050 2152 numquam

98 2158 266 2241 permultis
288 2159 367 2223 locis
386 2180 503 2242 aquam
520 2158 742 2241 profluentem,
764 2161 798 2221 et
819 2179 891 2221 eam
908 2158 1049 2221 uberem:

99 2245 176 2328 quid
200 2246 349 2328 quaeris?
380 2246 492 2331 iugera
518 2263 549 2311 L.
576 2246 661 2329 prati
684 2244 815 2310 Caesius
842 2245 1051 2330 irrigaturum

98 2333 193 2397 facile
219 2338 252 2397 te
280 2334 510 2415 arbitrabatur3
542 2333 688 2416 equidem
714 2332 789 2417 hoc,
821 2332 906 2416 quod
937 2333 1050 2397 melius

99 2421 256 2505 intelligo,
278 2422 418 2506 affirmo,
446 2421 580 2485 mirifica
604 2421 760 2486 suavitate
787 2421 897 2485 villam
923 2420 1051 2485 habitu-

99 2530 184 2593 rum,
211 2509 334 2592 piscina
357 2513 389 2573 et
417 2508 606 2573 salientibus
634 2507 764 2592 additis,
791 2510 953 2592 palaestra
974 2509 995 2587 †
1019 2511 1051 2571 et

98 2596 180 2661 silva
203 2597 366 2661 virdicata.
401 2596 550 2662 Fundum
574 2596 668 2661 audio
691 2600 723 2660 te
741 2596 828 2660 hunc
846 2595 1051 2660 Bovillanum

99 2687 179 2749 velle
202 2685 353 2749 retmere:
376 2686 415 2749 de
438 2706 476 2749 eo
500 2683 576 2768 quid
595 2684 751 2767 videatur,
773 2684 842 2766 ipse
865 2683 1051 2763 constitues.

97 2774 119 2851 †
143 2771 274 2837 (talibus
301 2774 409 2838 aiebat
436 2793 520 2856 aqua
547 2772 677 2856 dempta
704 2775 737 2834 et
763 2771 831 2836 eius
859 2791 960 2853 aquae
982 2770 1052 2834 iure

169 2995 221 3067 Ep.
242 3003 266 3064 1,
281 3002 305 3051 2.
342 3015 417 3052 itanc
434 2998 498 3053 haec
520 2997 561 3052 ael
578 2995 604 3050 b.
622 2999 641 3049 t.
660 2995 738 3051 calm
756 2995 821 3050 boui
843 2996 940 3051 aestivi
962 2995 980 3049 l.
999 2994 1051 3048 obt.

99 3066 193 3136 (Son).
230 3071 337 3134 manc
354 3070 403 3123 hoc
420 3070 461 3123 acl
478 3070 504 3122 b.
519 3073 537 3122 t.
552 3067 594 3122 cel
605 3081 630 3120 v.
645 3066 670 3120 b.
689 3067 820 3122 aestiuum
838 3067 855 3119 l.
870 3082 893 3120 o.
907 3063 1002 3119 MRB.
1017 3093 1053 3105 --

98 3138 421 3265 caussatus·
457 3137 621 3263 tottott
638 3136 712 3260 apa
730 3135 857 3261 Ἥ
874 3140 942 3259 Im
959 3134 989 3188 B·
1026 3139 1052 3188 3‘

98 3282 182 3335 vitute
198 3251 294 3335 villam
312 3211 379 3347 (Mi).
398 3213 444 3333 'ia
464 3284 489 3333 te
506 3295 530 3333 a.
550 3208 810 3347 (a1.,iu1{(i)i-
831 3207 975 3344 patticam—cr
989 3220 1054 3341 {suit

97 3353 170 3406 siloa
186 3352 325 3406 oa'rdicatu
342 3349 416 3419 (W.).
455 3365 484 3417 p.
503 3365 524 3403 a.
543 3354 568 3403 et
585 3347 721 3403 atridibus
739 3350 821 3401 auno
838 3343 942 3414 (Sch.)?
973 3361 1005 3412 p.
1028 3348 1053 3398 ct

97 3439 119 3477 a.
138 3425 156 3487 †
173 3423 311 3476 circlicata
329 3420 360 3474 B.
384 3450 417 3461 —
440 3423 459 3486 †
478 3417 591 3474 Cal-rbus
609 3417 711 3488 (ΜΗ,
731 3423 745 3471 1
762 3416 820 3484 Ox„
838 3414 904 3483 W.).
941 3414 1054 3470 Caesius

98 3492 214 3562 (Man.)?
251 3491 352 3546 Caluus
371 3491 455 3558 Orat,
472 3488 503 3542 B.
