2370 3878
128 153 170 216 48
420 151 457 204 M.
477 149 601 203 TULLII
619 147 809 204 CICERONIS

126 300 246 380 teoum,
270 298 347 359 sunt
365 294 452 358 enim
469 295 581 378 multa,
600 295 656 359 sed
675 317 712 359 ea
730 316 798 359 non
817 295 918 359 audeo
938 294 1087 362 seribere.

126 384 211 449 Illud
242 383 375 447 moleste
402 382 487 466 fero,
514 383 596 447 nihil
627 404 678 446 me
707 382 812 447 adhue
838 382 890 447 his
919 383 957 447 de
990 385 1085 450 rebus

126 473 245 537 habere
263 475 393 536 tuarum
410 472 605 555 litterarum
627 493 726 554 quare
745 472 814 555 etsi,
833 493 933 555 quum
951 476 989 537 tu
1006 472 1086 541 haec

126 562 227 645 leges,
260 581 320 646 ego
352 561 418 624 iam
445 582 590 624 annuum
617 581 734 624 munus
762 560 944 645 confecero,
975 555 1087 627 tamen

127 650 239 715 obviae
262 649 342 712 mihi
364 649 462 713 velim
485 650 551 713 sint
572 653 648 713 tuae
670 649 811 733 litterae,
835 670 916 733 quae
940 671 992 714 me
1015 671 1085 715 eru·

127 739 218 802 diant
240 737 279 801 de
303 737 391 802 omni
413 759 448 801 re
466 738 605 822 publiea,
627 759 668 801 ne
686 737 804 821 hospes
822 738 919 820 plane
942 739 1083 803 reniam:

92 827 188 892 ‘ehoe
211 826 326 891 melius
349 848 447 910 quam
468 828 505 890 tu
527 826 633 891 faeere
651 846 747 891 nemo
767 830 884 909 potest.
920 824 1084 912 Diogenes

126 920 215 998 tuus,
246 915 344 980 homo
377 914 555 999 modestus,
588 937 608 981 a
634 936 685 979 me
718 936 791 980 oum
817 913 954 979 Philone
981 915 1084 981 Pessi»

126 1007 228 1068 nunte
267 1003 427 1069 discessit:
471 1004 534 1068 iter
569 1003 734 1068 habebant
775 1003 817 1068 ad
852 1002 1085 1089 Adiatongem,

127 1114 322 1177 quamquam
346 1093 455 1157 omnia
476 1114 536 1157 neo
559 1093 701 1177 benigna
724 1114 783 1157 neo
811 1092 942 1175 eopiosa
966 1114 1083 1178 eogno-

126 1185 210 1246 rant.
246 1181 378 1265 Urbem,
401 1182 522 1264 urbem,
545 1183 589 1245 mi
607 1181 701 1264 Rufe,
724 1182 793 1246 oole
816 1181 906 1245 etin
928 1181 1083 1246 istaluoe

126 1271 211 1334 vive:
227 1269 332 1333 omnis
345 1269 562 1353 peregrinatio
578 1306 620 1316 -
636 1269 722 1352 quod
736 1290 796 1354 ego
812 1269 853 1333 ab
868 1269 1084 1334 adolescentia

126 1356 265 1421 iudicavi
284 1391 326 1403 -
346 1357 483 1421 obseura
511 1360 543 1420 et
566 1357 695 1421 sordida
717 1360 766 1422 est
792 1357 845 1442 iis,
873 1380 1011 1441 quorum
1036 1358 1082 1423 in·

126 1445 250 1510 dustria
280 1444 403 1510 Romae
436 1448 544 1529 potest
579 1446 714 1509 illustris
748 1467 830 1529 esse3
867 1447 953 1530 quod
985 1469 1084 1531 quum

125 1533 226 1617 probe
259 1533 388 1617 scirem,
419 1534 544 1598 utinam
571 1534 607 1597 in
634 1535 794 1599 sententia
822 1535 1083 1618 permansisseml

127 1643 201 1686 oum
222 1644 289 1686 una
311 1621 491 1686 mehercule
515 1623 791 1687 ambulatiuncula
814 1626 910 1708 atque
929 1645 995 1689 uno
1020 1647 1083 1689 ser-

126 1731 222 1775 mone
253 1713 366 1775 nostro
399 1732 510 1775 omnes
541 1712 666 1776 fruetus
697 1711 881 1795 provinciae
912 1735 980 1777 non
1009 1734 1083 1777 eon-

92 1799 205 1864 3fero.
260 1797 359 1883 Spero
391 1820 442 1863 me
474 1799 670 1884 integritatis
702 1800 831 1864 laudem
863 1803 1084 1865 consecutum:

127 1909 196 1953 non
219 1893 289 1953 erat
311 1889 417 1953 minor
439 1910 478 1953 ex
496 1888 741 1972 contemnenda,
763 1911 860 1973 quarn
883 1891 934 1953 est
951 1911 989 1952 ex
1008 1911 1084 1955 oon·

128 1981 255 2040 servata
272 1978 447 2062 provincia.
483 1975 624 2067 †„Spem
643 1976 839 2061 tnumphi?“
860 1977 981 2060 inquis:
1005 1979 1084 2042 satis

128 2064 266 2148 gloriose
293 2066 541 2150 triumpharam3
572 2089 640 2132 non
674 2087 776 2131 essem
805 2066 932 2149 quidem
959 2066 1085 2132 tamdiu

127 2152 162 2216 in
176 2151 333 2217 desiderio
347 2175 454 2217 rerum
467 2155 546 2219 mihi
561 2155 806 2218 rarissimarum.
844 2152 912 2232 Sed,
930 2157 967 2216 ut
981 2175 1086 2239 spero,

127 2240 313 2324 propediem
336 2243 368 2303 te
391 2241 518 2306 videbo:
541 2245 578 2305 tu
601 2228 681 2304 milri
704 2240 833 2305 obviam
850 2237 942 2302 mitte
966 2241 1086 2323 episto·

22 2368 27 2377 ·
127 2329 178 2392 las
198 2330 230 2391 te
255 2328 378 2407 dignas.

199 2590 250 2660 Ep.
263 2597 303 2658 12,
317 2598 339 2644 1.
367 2591 404 2644 iis
413 2592 445 2644 de
454 2591 533 2644 rebus
544 2587 630 2657 (W.)?
665 2594 695 2663 2.v
711 2589 899 2644 Pessinuntem
907 2590 1041 2657 Mart-L,
1052 2592 1085 2648 B.

129 2693 162 2701 -
182 2663 220 2716 ad
237 2662 426 2729 Adiutoripem
441 2660 617 2728 (Taurellus).
655 2661 836 2729 adlatorepem
848 2660 884 2714 M.
922 2661 956 2714 ab
972 2662 1085 2732 Iorippe

37 2770 39 2775 -
129 2732 177 2786 alt.
197 2732 233 2785 M.
253 2749 294 2785 ex.
314 2733 349 2786 ab
368 2732 531 2799 Adlatom'pe
549 2730 684 2798 Mart—Ia,
704 2731 734 2784 B.
753 2761 788 2769 -
807 2747 970 2800 quamquam
992 2734 1088 2788 omnia

127 2819 176 2856 nee
195 2803 313 2870 benique
330 2818 379 2854 aec
396 2803 506 2870 copioso
525 2801 591 2869 (n).
629 2818 684 2869 qno
700 2817 749 2855 neo
768 2802 913 2870 beaipaom
930 2817 978 2855 neo
996 2805 1087 2870 copio-

127 2888 186 2926 sam
204 2872 253 2925 alt.
272 2871 308 2925 M.
328 2888 369 2925 ex.
393 2889 470 2940 quem
487 2887 535 2926 neo
553 2872 698 2940 benipaum
719 2888 768 2926 neo
790 2874 927 2942 copiosum
949 2871 1086 2942 Mart-L„

127 2943 158 2996 B.
210 2949 234 2996 3.
264 2943 419 3010 provincio.
456 2943 582 3012 †‚‚Spem
604 2944 768 3012 triumpti“,
796 2944 890 3013 inquis
917 2942 991 3012 (W.).
1037 2958 1087 3011 pr.

127 3013 186 3080 „At
203 3029 276 3082 spem
294 3020 328 3067 tr.
348 3018 417 3080 -“,
441 3015 459 3068 ι’.
480 3016 530 3068 aut
543 3031 589 3083 pr.
613 3015 671 3081 „At
688 3030 761 3083 spem
784 3019 818 3069 tr.
837 3028 894 3068 noa
911 3014 1047 3080 haberem,
1065 3016 1087 3068 i.

129 3088 184 3211 au}
188 3103 234 3154 pr.
254 3084 354 3211 »ἔρωτι
367 3089 430 3154 tr.“,
443 3087 473 3153 a,
486 3084 694 3154 ‚,eontemaie?“
713 3085 789 3155 (W).
820 3084 976 3156 provincio.
995 3099 1088 3155 ,spem

129 3161 163 3211 tr.
189 3161 208 3187 “
224 3158 244 3213 ι’.
288 3197 295 3213 .
