2370 3878
370 152 629 216 EPISTOLARUM
645 155 693 209 lx.
713 161 755 208 24.
775 161 818 210 as.
1006 156 1072 220 293

116 296 231 382 Pyrrhi
253 301 285 362 te
308 299 408 363 libros
432 301 464 362 et
487 296 604 363 Cineae
627 299 719 364 video
742 300 913 365 lectitasse.
958 300 1071 385 Itaque

118 388 338 470 obtemperare
370 388 477 472 cogito
509 388 688 472 praeceptis
720 389 798 472 tuis,
829 389 892 453 hoc
925 391 1072 474 ampliuS,

116 475 336 540 navicularum
356 475 476 539 habere
494 475 614 559 aliquid
632 475 667 540 in
686 498 743 540 ora
760 477 935 541 maritima:
959 482 1073 542 contra

116 563 256 646 equitem
278 563 435 628 Parthum
462 567 586 648 negant
612 564 711 628 ullam
738 569 934 629 armaturam
962 566 1071 631 melio·

115 672 183 714 rem
206 652 344 716 inveniri
367 674 471 735 posse.
507 651 569 716 sed
593 652 669 735 quid
687 653 850 717 ludimus?
872 654 987 736 nescis,
1008 676 1071 737 quo

116 760 189 803 curn
206 740 401 824 imperatore
419 741 479 805 tibi
497 740 664 825 negotium
683 741 738 804 sit:
761 738 918 802 παιδείαν
940 739 1069 821 Κύρου,

117 848 213 910 quam
245 830 438 893 contrieram
469 829 620 913 legendo,
651 832 755 893 totam
786 829 821 891 in
847 828 909 893 hoc
936 829 1070 912 imperio

116 917 281 998 explicavi.
336 915 398 981 Sed
430 917 608 981 iocabimur
640 917 719 980 alias
752 937 873 1000 coram,
904 921 942 981 ut
969 933 1105 1002 sperae

116 1004 204 1067 brevi
227 1007 386 1087 tempore:
418 1026 505 1069 nunc
533 1005 608 1068 ades
637 1004 677 1068 ad
706 1004 930 1087 imperandum
957 1007 1008 1069 vel
1031 1005 1071 1068 ad

116 1092 294 1174 parendum
326 1092 447 1176 potius,
483 1093 529 1156 sic
565 1092 652 1155 enim
688 1091 814 1175 antiqui
848 1092 1071 1175 loquebantur.

117 1178 198 1244 Cum
220 1180 264 1244 M.
287 1180 402 1265 Fadio,
430 1180 515 1264 quod
544 1180 623 1244 scire
646 1183 678 1244 te
701 1180 853 1265 arbitror,
880 1180 960 1244 mihi
988 1202 1072 1244 sum-

116 1290 187 1331 mus
211 1279 288 1333 usus
313 1272 375 1352 est,
401 1268 556 1353 valdeque
584 1289 658 1333 eum
685 1269 784 1354 diligo
815 1291 914 1353 quum
940 1272 1073 1352 propter

117 1378 276 1420 summam
298 1358 492 1440 probitatem
515 1358 583 1422 eius
602 1379 639 1422 ac
657 1357 854 1442 singularem
872 1358 1073 1442 modestiam,

116 1446 186 1531 tum
210 1445 295 1527 quod
318 1447 353 1509 in
374 1446 415 1509 iis
436 1446 672 1531 controversiis,
694 1468 774 1530 quas
792 1447 897 1511 habeo
916 1468 989 1510 cum
1007 1447 1072 1510 tuis

117 1533 362 1598 combibonibus
376 1533 545 1620 Epicuriis,
564 1536 686 1619 optima
705 1524 803 1619 opera
820 1536 889 1599 eius
907 1536 956 1599 uti
975 1536 1071 1599 soleo.

116 1619 155 1683 Is.
172 1643 271 1704 quum
295 1623 335 1687 ad
357 1645 408 1687 me
427 1623 619 1688 Laodiceam
638 1624 780 1696 venisset
799 1645 986 1706 mecumque
1010 1645 1070 1708 ego
1090 1638 1106 1685 3

117 1730 189 1772 eum
212 1731 282 1774 esse
304 1712 433 1795 vellem,
454 1716 586 1796 repente
604 1734 775 1796 percussus
794 1715 844 1776 est
862 1712 1071 1776 atrocissimis

116 1796 245 1882 litteris,
272 1800 307 1862 in
334 1800 450 1883 quibus
479 1801 634 1883 scripturn
660 1804 730 1864 erat
758 1800 896 1863 fundum
917 1799 1071 1863 Hercula-

116 1907 250 1949 nensem
281 1909 301 1950 a
328 1887 364 1963 Q.
386 1886 488 1951 Fadio
520 1888 621 1950 fratre
654 1888 870 1971 proscriptum
901 1908 984 1969 esse,
1017 1888 1072 1969 qui

116 1973 237 2036 fundus
261 1995 334 2038 cum
356 1997 394 2039 eo
419 1976 598 2038 communis
617 1979 710 2039 esset.
745 1974 783 2038 Id
801 1973 845 2038 M.
863 1973 983 2038 Fadius
1001 1995 1071 2057 per·

117 2061 259 2144 graviter
284 2062 361 2126 tulit
387 2063 642 2146 existimavitque
669 2063 803 2127 fratrem
832 2084 939 2146 suum,
969 2062 1071 2126 homi·

117 2170 192 2211 nem
219 2170 287 2213 non
318 2150 508 2234 sapientem,
536 2151 677 2234 impulsu
708 2151 911 2215 inimicorum
941 2172 1072 2215 suorum

117 2257 154 2300 eo
177 2257 385 2322 progressum
408 2259 486 2303 esse.
526 2238 630 2324 Nunc,
653 2240 680 2304 si
703 2260 754 2303 me
777 2261 875 2322 amas,
898 2239 943 2303 mi
964 2237 1072 2324 Paete,

116 2326 1071 2500 ittititillata.titulabit.tta

117 2501 234 2586 gratia:
257 2505 326 2568 noli
347 2504 416 2587 pati
438 2504 566 2589 litigare
589 2505 706 2569 fratres
727 2508 761 2568 et
778 2504 903 2568 iudiciis
922 2503 1071 2585 turpibus

116 2589 307 2674 conflictari3
337 2591 503 2656 Matonem
531 2598 564 2657 et
585 2592 765 2658 Pollionem
796 2592 943 2656 inimicos
972 2590 1072 2654 habet

116 2677 244 2744 Fadius.
290 2679 373 2756 Quid
395 2680 519 2745 multa?
548 2702 615 2747 non
642 2681 823 2746 mehercule
846 2683 914 2744 tarn
936 2678 1070 2762 perscri-

116 2767 190 2831 bere
214 2789 355 2852 possum,
377 2791 474 2852 quam
492 2769 572 2833 mihi
590 2773 719 2854 gratum
737 2769 861 2846 feceris,
884 2767 912 2832 si
931 2767 1071 2831 otiosum

115 2853 252 2920 Fadium
274 2856 462 2921 reddideris:
484 2857 518 2921 id
540 2857 594 2921 ille
616 2858 652 2921 in
673 2861 705 2921 te
724 2859 866 2940 positum
885 2877 954 2920 esse
976 2859 1072 2940 putat

116 2943 258 3028 mihique
280 2944 460 3029 persuadet.

186 3171 238 3242 Ep.
258 3177 300 3240 25,
317 3177 339 3226 1.
377 3171 540 3227 contrieram
559 3169 625 3246 (n).
663 3171 842 3227 contriverant
860 3170 953 3240 vulgo.
