2370 3878
153 189 218 252 276
436 187 472 240 M.
493 187 617 241 TULLII
635 185 825 242 CICERONIS

153 337 185 397 te
208 331 390 415 iucundior,
412 352 498 414 nam,
521 332 606 415 quod
629 354 680 396 me
704 354 802 416 amas,
825 332 911 415 quod
929 331 962 395 id
982 335 1015 396 et
1032 333 1110 394 iam-

153 421 278 506 pridem
302 424 335 484 et
357 423 544 484 constanter
565 420 654 503 facis,
677 421 781 485 estid
805 420 934 504 quidem
957 441 1113 504 magnum

155 514 251 592 atque
273 509 360 573 haud
393 508 459 573 scio
492 530 534 572 an
556 508 743 592 maximum,
776 508 831 573 sed
858 509 919 573 tibi
941 530 1112 573 commune
1160 578 1163 583 ,

155 621 228 662 eum
250 598 370 680 multis,
393 597 478 681 quod
501 597 629 680 tuipse
652 600 720 660 tam
743 596 900 661 amandus
924 619 958 660 es
981 601 1112 681 tamque

156 687 257 751 dulcis
280 690 411 770 tamque
433 686 469 748 in
488 685 576 750 omni
595 706 711 770 genere
730 685 897 768 iucundus,
919 685 953 749 id
972 689 1021 749 est
1039 709 1112 770 pro-

120 791 136 837 2
156 775 223 859 prie
242 778 348 856 tuum3
371 774 528 838 accedunt
544 795 613 838 non
630 771 741 856 Attici,
760 773 815 836 sed
834 773 992 857 salsiores,
1015 796 1113 857 quam

156 864 203 927 illi
226 861 422 946 Atticorum,
444 862 584 928 Romani
606 865 729 926 veteres
758 865 853 944 atque
881 862 998 927 urbani
1021 864 1114 946 sales,

157 973 218 1037 ego
245 955 354 1016 autem
376 951 604 1015 -existimes
632 950 708 1013 licet
735 950 891 1032 quidlibet
914 987 956 996 -
980 951 1113 1015 mirifice

158 1040 267 1124 capior
280 1040 414 1122 facetiis,
432 1039 569 1124 maxime
583 1038 792 1121 nostratibus,
810 1039 1000 1122 praesertim
1014 1061 1114 1122 quum

144 1140 212 1192 'eas
239 1129 364 1193 videam
396 1128 536 1211 primum
563 1127 680 1192 oblitas
708 1125 802 1191 Latio
832 1131 916 1211 tum,
948 1149 1048 1210 quum
1080 1129 1115 1191 in

157 1218 270 1281 urbem
297 1219 443 1281 nostram
471 1219 520 1279 est
541 1215 650 1279 infusa
672 1215 898 1300 peregrinitas,
928 1236 1015 1279 nunc
1037 1238 1114 1302 vero

159 1306 257 1369 etiam
278 1303 418 1368 bracatis
446 1307 478 1367 et
501 1302 723 1386 Transalpinis
752 1304 953 1384 nationibus,
979 1306 1017 1366 ut
1044 1307 1115 1368 nul·

59 1448 65 1463 ,
158 1395 227 1458 lum
249 1393 365 1457 veteris
386 1391 505 1475 leporis
528 1391 700 1476 vestigium
725 1396 886 1474 appareat.
931 1392 1060 1475 Itaque,
1083 1397 1115 1456 te

160 1504 259 1564 quum
281 1480 388 1564 uideo,
415 1500 526 1544 omnes
549 1480 628 1543 mihi
651 1477 802 1563 Granios,
830 1501 942 1546 omnes
965 1479 1116 1564 Lucilios,

160 1606 202 1615 —
226 1591 299 1634 vere
322 1573 359 1633 ut
382 1569 486 1633 dicam
499 1605 543 1614 -
557 1565 691 1632 Crassos
713 1589 840 1663 quoque
864 1572 897 1633 et
882 1568 1045 1634 tLaelios
1070 1572 1114 1632 vi-

161 1659 235 1721 dere
258 1657 380 1722 videor:
403 1657 535 1740 moriar,
563 1657 591 1720 si
613 1660 741 1757 praeter
767 1657 815 1719 te
828 1678 1020 1742 quemquam
1043 1659 1116 1721 reli-

162 1768 261 1828 quum
282 1745 432 1828 habeos
423 1767 458 1807 m
482 1766 544 1828 quo
566 1745 687 1828 possim
710 1745 885 1829 imaginem
908 1747 1060 1832 antiquae
1084 1751 1117 1810 et

161 1835 351 1899 vernaculae
377 1833 563 1899 festivitatis
590 1854 773 1918 agnoscere.
822 1831 875 1897 Ad
901 1834 963 1901 hos
991 1837 1116 1921 lepores

163 1945 261 2008 quum
289 1945 378 1988 amor
410 1943 488 2008 erga
515 1943 566 1986 me
598 1925 709 1986 tantus
738 1921 882 2005 accedat,
913 1924 1039 1989 miraris
1067 1949 1117 1989 me

63 2040 69 2049 ·
152 2016 255 2075 ¹tanta
281 2013 523 2097 perturbatione
554 2010 794 2075 valetudinist
779 2013 854 2074 tuae
880 2014 950 2076 tam
977 2015 1119 2098 graviter

15 2118 23 2129 ¹
128 2101 380 2165 sexanimatum
411 2099 533 2164 fuisse?
587 2098 680 2174 Quod
711 2101 819 2163 autem
851 2100 953 2164 altera
982 2104 1119 2186 epistola

164 2207 283 2272 purgas
305 2191 337 2252 te
360 2209 429 2254 non
451 2188 664 2252 dissuasorem
686 2187 766 2251 mihi
796 2187 968 2271 emptionis
990 2189 1118 2273 Neapo-

163 2277 283 2340 litanae
305 2277 418 2360 fuisse,
447 2277 502 2340 sed
530 2279 693 2341 auctorem
715 2275 958 2360 moderationis,
987 2278 1119 2360 urbane,

163 2386 268 2448 neque
292 2385 352 2449 ego
372 2365 464 2429 aliter
482 2365 604 2448 accepi,
626 2364 770 2428 intellexi
788 2367 897 2443 tamen
914 2364 1009 2447 idem,
1032 2368 1119 2449 quod

44 2472 47 2477 ·
164 2453 216 2517 his
239 2453 385 2537 intelligo
408 2452 534 2535 litteris,
556 2474 623 2518 non
646 2453 844 2517 existimasse
866 2455 899 2516 te
921 2452 1002 2516 mihi
1023 2454 1119 2519 licere

165 2542 207 2626 id,
231 2541 316 2627 quod
339 2562 399 2627 ego
423 2541 617 2625 arbitrabar,
643 2563 695 2605 res
717 2540 777 2605 has
799 2562 867 2607 non
895 2542 1027 2606 omnino
1052 2545 1120 2625 qui·

166 2630 247 2714 dem,
266 2631 322 2696 sed
340 2651 492 2716 magnam
506 2633 631 2713 partem
650 2630 839 2713 relinquere.
875 2627 1027 2694 Catulum
1040 2631 1121 2694 mihi

165 2739 279 2783 narras
302 2723 335 2783 et
356 2719 413 2783 illa
434 2722 593 2803 tempora:
621 2717 697 2801 quid
724 2717 850 2783 simile?
881 2739 922 2781 ne
950 2719 1029 2782 mihi
1053 2720 1121 2802 qui-

167 2807 239 2870 dem
261 2808 324 2891 ipsi
346 2810 424 2871 tune
446 2807 596 2891 placebat
618 2806 737 2870 diutius
761 2807 873 2870 abesse
893 2807 934 2871 ab
952 2807 999 2871 rei
1017 2807 1121 2890 publi·

168 2915 223 2959 cae
246 2895 405 2978 custodia,
433 2896 621 2960 sedebamus
645 2894 788 2959 enimin
810 2894 912 2979 puppi
941 2899 974 2959 et
996 2895 1122 2958 clavum

167 2983 370 3067 tenebamus,
397 3005 484 3049 nunc
511 2988 619 3048 autem
645 2983 699 3046 vix
731 2984 841 3048 estin
869 2983 997 3047 sentina
1024 2984 1122 3047 locus.

132 3071 222 3138 4An
245 3072 352 3136 minus
375 3074 478 3138 multa
501 3076 640 3138 senatus
655 3072 803 3137 consulta
829 3071 881 3136 fut
866 3075 940 3136 tura
962 3094 1006 3156 pu
1008 3075 1073 3154 tas,
1097 3072 1124 3134 si

238 3247 289 3318 Ep
310 3253 391 3315 15‚.a
428 3248 489 3302 licet
506 3246 664 3317 quidlibet(
654 3245 721 3314 M)
757 3247 785 3312 t,
803 3247 875 3316 qaod
889 3246 953 3302 lebet
965 3244 1027 3300 edd
1046 3246 1124 3310 vett,

169 3323 199 3376 Β.
242 3327 266 3375 3
294 3290 501 3384 moderationis,
523 3319 641 3383 cambone
713 3333 747 3373 ce
764 3332 811 3399 epo
836 3317 917 3372 aliter
935 3314 1068 3384 (Madvig
1088 3286 1126 3368 ad

164 3391 228 3447 Fin
249 3392 291 3446 ed
302 3390 357 3446 alt
345 3393 456 3461 t.erap
476 3396 541 3458 806,
565 3391 594 3444 et
616 3333 724 3456 effic,
747 3387 802 3441 nisi
825 3387 1124 3456 quadamtenus).

152 3464 384 3521 cmnrrorata'omb
401 3462 456 3536 (L.)
474 3432 611 3530 urbicae,
628 3476 662 3516 ae
675 3474 721 3531 opo
734 3458 841 3529 quidem
854 3459 935 3514 aliter
948 3456 993 3513 W
1008 3455 1084 3524 olim,
1095 3456 1124 3511 Β.

140 3557 177 3570 -
197 3534 287 3591 licere
303 3535 345 3605 e'd
365 3538 446 3612 quod
462 3536 541 3610 (W.)
579 3535 611 3605 b,
627 3533 660 3592 ld
678 3550 703 3606 q
719 3530 819 3603 witti·
