2370 3878
373 166 632 232 EPISTOLARUM
650 168 723 221 xiil.
744 175 784 222 ao.
989 168 1054 231 447

94 333 202 395 neque
225 333 358 396 possum
380 332 500 396 negare
519 312 657 396 affuisse,
679 313 734 376 sed
753 334 821 377 non
839 315 911 397 plus
930 314 1055 378 duobus

96 403 156 464 aut
178 400 281 464 trihus
305 400 479 464 mensibus.
523 399 648 463 Deinde
671 401 755 464 afuit
777 423 796 464 a
819 402 947 465 eastris:
969 402 1056 486 fugit

97 509 193 552 omne
216 488 392 572 negotium.
437 486 510 552 Hoc
536 488 617 551 mihi
642 492 680 552 ut
706 490 782 552 testi
809 490 904 553 velim
932 491 1055 573 credas3

96 598 204 640 meam
231 577 317 640 enim
343 576 397 639 ille
428 576 623 639 maestitiam
650 576 686 639 in
712 577 768 641 illo
799 578 885 642 bello
917 578 1055 661 videbat,

97 684 225 728 mecum
249 664 358 729 omnia
380 664 647 728 communicabat.
683 663 797 747 Itaque
818 666 941 731 abdidit
964 689 997 730 se
1021 668 1056 730 in

96 752 247 816 intimam
257 751 490 834 Macedoniam,
501 774 564 835 quo
579 752 686 835 potuit
699 753 885 837 longissime
901 777 920 817 a
934 756 1056 839 castris,

97 862 167 905 non
188 840 286 904 modo
310 843 346 903 ut
369 862 436 904 non
458 843 622 923 praeesset
645 841 703 904 ulli
720 843 862 925 negotio,
885 843 1056 906 sedetiam

97 931 137 993 ut
163 950 204 992 ne
232 929 402 993 interesset
430 928 566 1011 quidem.
611 927 644 992 Is
672 932 747 1012 post
773 931 931 1012 proelium
958 953 992 995 se
1015 933 1055 995 ad

97 1017 263 1081 hominem
286 1017 515 1099 necessarium,
542 1015 581 1079 A.
604 1016 781 1100 Plautium,
811 1018 845 1080 in
868 1018 1056 1102 Bithyniam

99 1105 250 1168 contulit:
272 1104 405 1168 ibicum
421 1102 539 1168 Caesar
558 1126 656 1187 quum
675 1105 816 1188 vidisset,
834 1105 916 1169 nihil
935 1128 1056 1190 aspere,

98 1192 181 1256 nihil
209 1193 322 1256 acerbe
355 1192 447 1276 dixit,
478 1192 615 1256 Romam
647 1193 741 1256 iussit
768 1194 886 1257 venire.
935 1192 994 1257 Ille
1022 1197 1057 1259 in

99 1280 250 1345 morbum
282 1281 436 1344 continuo
468 1280 594 1365 incidit,
626 1303 665 1344 ex
692 1304 755 1365 quo
783 1303 851 1346 non
881 1283 1056 1347 convaluit:

100 1389 197 1453 aeger
211 1367 384 1452 Corcyram
398 1369 499 1451 venit3
522 1369 567 1431 ibi
586 1373 635 1433 est
648 1373 803 1434 mortuus.
840 1370 1057 1456 Testamento,

100 1457 187 1540 quod
210 1457 331 1521 Romae
355 1456 468 1520 Paullo
488 1460 521 1520 et
542 1456 696 1523 Marcello
720 1460 905 1524 consulibus
928 1459 1057 1544 fecerat,

100 1545 194 1609 heres
218 1566 256 1608 ex
278 1548 370 1629 parte
394 1545 525 1609 dimidia
548 1549 581 1609 et
602 1548 698 1610 tertia
721 1546 914 1631 estCapit03
937 1548 972 1610 in
991 1570 1057 1611 sex-

99 1636 192 1697 tante
224 1637 301 1697 sunt
331 1633 369 1716 ii,
400 1656 537 1717 quorum
568 1657 643 1718 pars
672 1636 740 1699 sine
770 1637 837 1700 ulla
869 1636 1057 1720 cuiusquam

100 1721 231 1803 querela
248 1722 378 1805 publica
395 1725 586 1805 potestesse
601 1759 643 1770 —
658 1744 697 1787 ea
710 1727 760 1787 est
778 1724 819 1787 ad
832 1722 897 1787 HS.
914 1742 986 1787 xxx
1000 1748 1057 1806 -3

100 1809 158 1872 sed
181 1810 219 1872 de
243 1810 305 1874 hoc
328 1807 446 1873 Caesar
468 1810 593 1874 viderit.
629 1809 684 1893 Te,
706 1811 750 1873 mi
768 1811 896 1893 Plance,
918 1833 977 1894 pro
1000 1828 1091 1894 pao

99 1901 195 1961 terna
217 1897 468 1981 necessitudine,
494 1919 553 1980 pro
577 1902 688 1962 nostro
713 1919 833 1981 amore,
860 1919 918 1980 pro
943 1899 1057 1962 studiis

101 1989 135 2048 et
162 1986 251 2050 omni
279 2007 374 2049 cursu
401 1988 513 2050 nostro
541 1986 641 2049 totius
670 1986 754 2049 vitae
783 1986 944 2050 simillimo
976 2006 1056 2069 rogo

101 2076 135 2136 et
162 2095 182 2136 a
208 2077 240 2137 te
267 2074 314 2136 ita
340 2078 430 2157 peto,
460 2078 498 2137 ut
529 2074 649 2138 maiore
681 2095 770 2156 cura,
802 2074 922 2138 maiore
950 2073 1055 2138 studio

100 2161 225 2225 nullam
248 2162 266 2200 *
284 2163 414 2245 possim,
436 2165 474 2225 ut
495 2161 580 2225 hanc
603 2183 670 2225 rem
690 2161 854 2245 suscipias,
876 2183 981 2225 meam
999 2185 1056 2245 pu-

100 2253 151 2313 tes
175 2271 258 2332 esse,
280 2250 416 2332 enitare,
444 2249 634 2332 contendas,
657 2249 792 2332 efficiaS,
818 2253 856 2313 ut
878 2272 949 2314 mea
972 2272 1056 2315 com-

101 2336 320 2421 mendatione,
350 2343 407 2401 tuo
436 2338 556 2421 studi0,
579 2335 725 2401 Caesaris
752 2338 906 2402 beneficio
934 2339 1056 2402 heredi-

100 2428 203 2489 tatem
234 2426 407 2509 propinqui
440 2426 489 2489 sui
516 2423 550 2489 Ο.
581 2423 695 2509 Capito
724 2426 877 2491 obtineat.
932 2425 1057 2509 Omnia,

102 2535 184 2596 quae
211 2515 303 2597 potui
329 2514 365 2577 in
391 2513 452 2577 hac
480 2536 606 2578 summa
632 2518 689 2578 tua
717 2516 822 2599 gratia
851 2536 888 2578 ac
911 2515 1057 2597 potentia

102 2604 177 2664 ate
198 2601 380 2686 impetrare,
403 2602 430 2665 si
453 2603 648 2703 petivissem,
669 2603 754 2668 ultro
778 2607 811 2666 te
831 2603 871 2665 ad
893 2624 944 2665 me
968 2602 1043 2665 detu
1045 2639 1056 2647 -

101 2689 176 2752 lisse
199 2694 259 2773 put
245 2690 335 2773 t,abo
365 2691 392 2754 si
414 2689 499 2754 hanc
521 2713 590 2755 rem
594 2692 697 2792 impe
699 2694 835 2755 t.ravero
879 2689 964 2753 Illud
987 2691 1056 2754 fore
1076 2708 1092 2755 o

100 2777 161 2840 tibi
194 2741 379 2842 adiumeirto
360 2800 519 2862 ospero,
551 2779 641 2843 ouius
673 2779 742 2863 ipse
770 2777 888 2842 Caesar
916 2781 973 2861 opt
974 2779 1057 2843 imus

101 2886 171 2930 esse
185 2853 294 2929 iudex
320 2869 440 2950 potest:
469 2888 594 2950 semper
622 2864 792 2931 Caesarem
814 2865 929 2950 Capito
958 2867 1058 2931 coluit

101 2958 134 3017 et
166 2954 284 3017 dilexit.
339 2952 447 3018 Sed
437 2975 507 3038 1pse
542 2954 637 3018 huius
673 2955 720 3018 rei
755 2955 846 3019 testis
883 2960 945 3036 est,
981 2955 1058 3019 novi
1153 3004 1157 3015 .

172 3145 223 3214 Ep.
244 3151 325 3213 29,.4
363 3145 469 3199 duobus
491 3150 541 3198 out
563 3146 734 3215 tribusffl..)
772 3147 798 3200 d.
825 3150 914 3200 autc.
938 3145 1002 3197 ΜΒ.
1021 3156 1058 3183 -·-

100 3216 182 3280 dixit,
200 3216 317 3271 Romam
332 3216 405 3284 (W)
443 3217 485 3280 d.,·
503 3215 538 3269 R
557 3216 587 3269 B.
607 3247 641 3256 -
660 3232 764 3270 esse—
784 3232 858 3270 ea.
868 3214 991 3268 .XXX
1008 3244 1055 3278 -‚

99 3288 146 3340 sed
163 3258 237 3354 (W).
275 3304 310 3341 a:
329 3303 404 3340 eo.
417 3257 546 3339 X.XX
584 3287 639 3341 Sed
656 3288 749 3357 vulgo
788 3291 811 3338 5.
840 3257 979 3338 uallum*
993 3299 1057 3352 pos

96 3363 155 3416 sim
176 3364 250 3432 (W.)
268 3381 342 3434 up
362 3365 393 3419 Β
417 3381 445 3419 a.
464 3380 563 3433 remp
583 3364 762 3434 (W..)auta
780 3355 985 3432 sempetercp.
1006 3363 1062 3430 (vel

95 3439 231 3559 pnpcpppp
239 3451 339 3569 rpmettp
341 3436 440 3561 )B(W.
414 3439 440 3504 .)
453 3436 653 3505 -peta'cissem
667 3435 729 3504 (V)
756 3434 952 3504 potuissemM.
976 3435 1061 3504 petis·
