2370 3878
313 166 571 242 uersromauu
590 167 649 221 xv.
667 174 744 222 o-o.
942 168 1007 232 515

47 310 201 378 secundis
225 316 257 376 et
284 334 354 376 sum
376 315 465 376 totus
488 314 594 376 vester
617 315 649 375 et
676 333 745 376 esse
769 311 883 397 debe0,
910 334 1009 396 quum

47 401 243 486 pracsertim
265 400 377 464 matris
400 404 488 483 tuae,
516 400 725 484 gravissimae
749 403 844 483 atque
868 401 1008 484 optimae

48 489 203 574 feminae,
224 489 346 553 maiora
369 509 447 573 erga
470 489 606 552 salutem
628 489 1009 574 dignitatemquemeam

53 577 174 661 studia,
203 599 299 660 quam
326 580 419 641 erant
447 599 465 640 a
488 577 620 640 muliere
648 577 856 661 postulanda,
881 599 1008 662 perspe-

52 666 163 730 xerim.
209 665 412 749 Quapropter
434 687 454 728 a
480 668 513 729 te
536 669 611 749 peto
628 665 670 729 in
692 666 846 730 maiorem
869 667 1009 750 modum,

51 758 92 818 ut
114 776 164 817 me
188 754 354 817 absentem
378 753 493 838 diligas
517 757 612 836 atque
636 753 798 818 defendas.

488 946 579 1012 VIII.

83 1059 140 1112 Sor.
159 1058 264 1112 ibidem
283 1058 380 1113 eodem
398 1075 493 1114 meuse
512 1075 545 1112 ac
563 1058 682 1112 fortasse
701 1058 746 1113 die
767 1060 889 1114 eiusdem
909 1060 982 1113 anni.

55 1183 93 1235 M.
114 1181 241 1236 CICERO
266 1180 412 1237 PROCOS.
437 1181 463 1235 S.
486 1181 520 1235 D.
544 1181 572 1236 C.
591 1181 788 1237 MARCELLO
812 1183 1010 1238 COLLECAE.

123 1281 311 1346 Marcellum
334 1285 426 1346 tuum
449 1282 613 1348 consulem
634 1282 756 1346 factum
778 1286 873 1367 teque
893 1305 930 1346 ea
948 1284 1010 1346 lac·

56 1370 131 1433 titia
159 1370 309 1434 affectum
337 1392 419 1455 esse,
446 1392 542 1454 quam
569 1371 705 1434 maxime
734 1372 867 1454 optasti,
893 1372 998 1434 mirari

58 1458 192 1521 durnin
215 1459 346 1522 modum
369 1460 507 1543 gaudee,
533 1459 628 1541 idque
657 1481 755 1542 quum
781 1460 882 1543 ipsius
907 1480 1012 1542 causa,

57 1550 128 1610 tum
158 1547 243 1629 quod
270 1550 302 1610 te
330 1549 478 1612 omnibus
506 1547 742 1612 secundissimis
769 1549 864 1612 rebus
893 1548 1011 1632 dignis-

59 1635 176 1698 simum
202 1635 322 1720 iudico,
352 1637 440 1700 cuius
469 1656 545 1720 erga
572 1658 623 1700 me
651 1637 847 1721 singularem
875 1637 1012 1700 benero-

58 1723 192 1787 lentiam
214 1724 264 1787 vel
288 1724 323 1788 in
345 1725 455 1788 labore
478 1745 549 1788 meo
577 1725 627 1788 vel
654 1725 689 1787 in
710 1726 833 1788 honore
856 1725 1013 1807 perspexi,

59 1814 162 1875 totam
181 1812 318 1894 denique
337 1812 468 1875 domum
486 1815 626 1875 vestram
643 1813 694 1874 vel
713 1813 824 1874 salutis
839 1813 888 1876 vel
909 1811 1012 1894 digni-

59 1899 135 1963 tatis
154 1921 243 1963 meae
263 1899 530 1963 studiosissimam
549 1899 848 1981 cupidissimamque
868 1899 1013 1981 cognovi.

60 1985 164 2061 Quare
193 1991 322 2072 gratum
354 1987 434 2050 mihi
460 1987 586 2070 feceris,
615 1987 642 2050 si
671 1987 763 2050 uxori
790 1990 864 2049 tuae
892 1985 1014 2068 Iuniae,
1071 2064 1075 2077 Ι

45 2075 269 2159 ¹gravissimae
288 2079 384 2159 atque
403 2075 543 2159 optimae
562 2075 710 2157 feminae,
730 2075 808 2138 meis
828 2073 932 2137 verbis
952 2072 1013 2136 eris

60 2164 251 2248 gratulatus.
297 2163 328 2227 A
350 2167 382 2228 te
405 2164 452 2248 id,
475 2163 560 2246 quod
583 2163 751 2246 consuesti,
773 2165 862 2246 peto,
885 2182 935 2226 mc
960 2161 1013 2224 ab·

10 2268 12 2276 '
61 2253 185 2316 sentem
208 2252 324 2336 diligas
348 2255 443 2335 atquc
468 2251 631 2315 defendas.

510 2443 567 2509 IX.

33 2573 37 2578 ’
86 2556 144 2610 Ser.
163 2557 268 2612 ibidem
287 2558 384 2613 eodem
403 2574 498 2612 mense
517 2572 549 2611 ao
567 2556 686 2611 fortasse
705 2556 750 2610 dIe
769 2555 891 2609 eiusdem
910 2553 984 2608 anni.

131 2679 168 2733 M.
189 2679 318 2735 CICERO
337 2680 483 2736 PROCOS.
505 2681 531 2736 S.
550 2681 584 2736 D.
602 2681 640 2734 M.
654 2677 850 2734 MARCELLO
870 2677 944 2732 COS.

129 2780 174 2845 Τε
198 2785 230 2845 et
252 2781 382 2865 pietatis
409 2782 444 2845 in
470 2785 545 2846 tuos
574 2785 606 2845 et
629 2780 728 2844 animi
756 2779 791 2842 in
817 2800 885 2842 rem
913 2777 1049 2860 publi-1

62 2891 134 2933 carn
157 2872 190 2932 et
212 2868 381 2932 clarissimi
403 2872 499 2950 atque
523 2867 636 2950 optimi
666 2868 850 2930 consulatus
874 2864 908 2930 C.
931 2865 1015 2929 Mar-

63 2956 143 3021 cello
162 2956 294 3020 consule
312 2955 398 3019 facto
417 2954 559 3019 fructum
577 2954 697 3036 cepisse
715 2953 920 3018 vehementer
939 2973 1015 3038 gau-

63 3043 132 3107 deo.
177 3041 254 3107 Non
286 3042 411 3126 dubito,
443 3041 519 3126 quid
550 3044 736 3126 praesentes
768 3043 923 3123 sentiant3
956 3063 1015 3104 nos

63 3130 192 3214 quidem
223 3130 393 3216 longinqui
425 3134 457 3195 et
489 3152 509 3193 a
535 3133 567 3195 te
598 3131 669 3213 ipso
698 3129 789 3194 missi
820 3131 855 3193 in
885 3129 1015 3192 ultimas

63 3223 176 3305 gentes
200 3219 240 3282 ad
264 3220 387 3283 caelum
409 3218 590 3283 mehercule
613 3218 755 3282 tollimus
782 3215 956 3282 verissimis
980 3235 1015 3278 ac

79 3501 99 3555 Γ
132 3428 230 3567 ΒΨ
250 3436 273 3483 1.
310 3429 429 3485 tollimus
453 3428 514 3498 (m,
533 3427 638 3498 vulgo).
682 3431 707 3482 te
728 3425 784 3480 toll.
811 3424 950 3492 (Kayser,
969 3421 1014 3475 W.

63 3517 138 3568 orm,
183 3543 188 3554 ,
514 3543 521 3556 .

757 3587 813 3641 dt*
