2370 3878
330 197 589 272 EPISTOLARUM
607 198 641 251 Il.
661 202 738 251 3-5.
973 199 1014 263 37

52 348 152 429 esset,
175 345 260 429 quod
275 365 329 408 eos
354 343 434 407 scire
457 345 515 407 aut
537 346 649 407 nostra
672 345 730 406 aut
751 343 896 426 ipsorum
917 343 1015 408 inter·

55 437 154 500 essett
181 436 218 497 tu
240 433 337 497 huius
360 431 488 516 generis
510 431 635 494 litteras
658 452 678 494 a
700 453 751 494 me
779 432 925 516 profecto
948 455 1015 497 non

55 525 235 606 exspectas3
257 524 387 585 tucrum
410 521 496 584 enim
518 541 625 584 rerum
644 520 836 585 domesticos
859 521 959 585 habes
984 526 1016 586 et

55 613 228 695 scriptores
252 613 284 674 et
306 610 449 693 nuntior,
471 609 506 673 in
524 609 603 672 meis
622 611 730 673 autem
748 609 843 673 rebus
862 609 945 673 nihil
967 615 1017 675 est

55 721 133 765 sane
156 699 242 765 novi.
288 698 426 782 Reliqua
453 701 529 761 sunt
559 698 768 782 epistolarum
796 718 916 783 genera
943 699 1017 785 duo,

55 810 138 873 quae
161 810 212 852 me
234 808 354 872 magno
374 807 470 871 opere
490 785 660 870 delectant,
682 808 784 850 unum
802 787 960 851 familiare
984 790 1017 853 et

55 878 209 960 iocosum,
232 878 370 940 alterum
397 896 542 941 severum
570 877 603 938 et
625 895 732 960 grave.
777 874 860 940 Utro
884 897 934 939 me
958 876 1016 939 mi·

55 989 118 1030 nus
142 965 253 1030 deceat
279 965 342 1048 uti,
368 985 437 1028 non
464 964 620 1047 intelligo.
665 963 798 1027 loceme
825 969 932 1028 tecum
959 987 1017 1048 per

55 1054 203 1119 litteras?
232 1055 335 1118 civem
357 1052 538 1116 mehercule
561 1073 629 1116 non
651 1056 731 1135 puto
755 1073 837 1136 esse,
860 1053 916 1136 qui
938 1056 1017 1116 tem·

56 1143 191 1227 poribus
212 1143 264 1207 his
286 1142 390 1206 ridere
414 1141 525 1225 possit.
570 1138 625 1202 An
641 1140 778 1224 -gravius
798 1141 919 1224 aliquid
943 1143 1016 1205 scri-

56 1231 155 1296 bam?
189 1231 265 1314 quid
295 1233 357 1314 est,
389 1229 476 1313 quod
507 1229 611 1313 possit
642 1229 784 1313 graviter
815 1252 835 1292 a
865 1226 1017 1294 Cicerone

57 1319 156 1384 scribi
183 1320 225 1382 ad
254 1317 439 1402 Curionem,
468 1318 531 1382 nisi
559 1318 598 1381 de
620 1339 655 1381 re
681 1317 833 1401 publiea?
866 1317 956 1401 atqui
982 1319 1018 1383 in

56 1409 121 1472 hoc
145 1427 262 1492 genere
283 1407 364 1471 haec
385 1429 458 1471 mea
486 1428 583 1472 eausa
605 1409 667 1490 est,
694 1410 848 1488 uiaeque
868 1427 917 1484 ca,
940 1428 1018 1488 quoe

56 1497 163 1579 ceratia,
182 1497 313 1561 audeam
325 1517 429 1580 neque
443 1517 490 1580 ea,
513 1516 594 1580 quae
608 1516 676 1559 non
691 1496 805 1579 sentio,
827 1495 923 1559 velim
942 1497 1017 1559 scri-

58 1585 143 1649 bere.
188 1583 413 1669 Quamobrem,
435 1584 589 1668 quoniam
611 1584 691 1647 mihi
713 1585 839 1647 nullum
858 1585 1017 1671 scribendi
1036 1597 1052 1644 2

58 1677 302 1759 argumentpm„
317 1674 465 1759 relictum
497 1677 560 1757 est,
592 1675 666 1735 utar
698 1694 735 1736 ea
765 1660 930 1757 clausula]
954 1696 1018 1757 qua

58 1764 156 1846 soleo,
178 1765 273 1845 teque
296 1754 338 1825 eid
361 1761 504 1826 studium
525 1783 668 1825 summae
686 1761 791 1825 laudis
811 1762 1017 1846 cohortabor3

58 1853 109 1913 est
131 1851 217 1915 enim
241 1850 301 1914 tibi
320 1850 428 1935 gravis
448 1849 631 1913 adversaria
649 1850 826 1913 constituta
845 1854 877 1912 et
895 1854 1018 1933 parata,

56 1938 255 2002 incredibilis
283 1938 441 2020 quaedam
468 1938 678 2021 exspectatio,
708 1959 804 2019 quam
831 1941 868 2000 tu
895 1959 961 2000 una
983 1960 1017 2001 re

56 2026 210 2089 facillime
237 2025 361 2107 vinces,
391 2025 418 2087 si
445 2025 508 2088 hoc
532 2025 696 2107 statueris,
724 2046 859 2108 quarum
885 2025 1017 2090 laudum

57 2113 198 2198 gloriam
221 2112 394 2196 adamaris,
424 2111 540 2195 quibus
567 2112 690 2176 artibus
714 2134 769 2177 eae
798 2114 909 2178 laudes
932 2136 1017 2179 com·

56 2204 229 2286 parantur,
256 2201 291 2264 in
318 2200 358 2264 iis
384 2221 454 2265 esse
483 2200 722 2266 elaborandum.
766 2201 807 2266 In
832 2203 917 2267 hanc
947 2226 1016 2268 sen-

57 2290 196 2353 tentiam
222 2289 396 2354 scriberem
421 2290 528 2374 plura,
559 2290 624 2355 nisi
650 2293 684 2354 te
710 2295 768 2355 tua
795 2296 910 2375 sponte
939 2293 1017 2356 satis

57 2378 230 2443 incitatum
253 2400 322 2443 esse
345 2379 553 2463 confiderem,
576 2383 609 2444 et
631 2379 706 2464 hoc,
736 2379 890 2463 quidquid
914 2381 1017 2464 attigi,

57 2487 127 2530 non
157 2467 219 2531 feci
256 2467 477 2532 inflammandi
509 2468 558 2532 tui
590 2489 700 2553 causa,
737 2467 793 2532 sed
823 2469 1016 2533 testificandi

59 2576 178 2620 amorra
200 2577 273 2620 mer.

516 2748 557 2816 V.

337 2860 395 2917 Ser.
414 2860 520 2918 Romae
540 2880 564 2917 a.
584 2880 610 2917 u.
630 2878 653 2916 c.
675 2868 733 2916 701.

276 2985 319 3039 M.
341 2984 469 3041 CICERO
487 2986 516 3047 S.
535 2985 568 3040 D.
589 2985 617 3040 C.
637 2985 795 3040 CURIONI.
834 3045 838 3050 A

125 3080 216 3149 Haec
237 3087 369 3170 negotia
392 3086 553 3169 quomodo
582 3108 615 3150 se
638 3087 794 3169 habeant,
816 3106 857 3150 ne
881 3083 1017 3169 epistola
1037 3105 1051 3154 1

58 3170 189 3256 quidem
215 3193 346 3251 narrare
373 3175 485 3240 audeo.
536 3175 622 3261 Tibi,
652 3177 725 3259 etsi,
751 3174 944 3257 ubicumque
974 3192 1017 3255 es,

57 3264 95 3324 ut
124 3260 238 3344 scripsi
265 3263 306 3327 ad
332 3267 365 3327 te
393 3267 482 3347 ante,
513 3265 549 3328 in
577 3264 687 3357 eadem
717 3284 750 3327 es
777 3264 867 3346 navi,
898 3264 1017 3344 tamen,

1061 2940 1084 2971 0·

128 3468 180 3539 Ep.
201 3475 266 3537 4,1.
302 3474 397 3538 seatio,
416 3472 541 3536 audeam,
555 3487 643 3540 aeque
663 3471 809 3543 (Madvig,
820 3471 890 3540 Ἣ.
925 3471 1029 3534 seatio,

55 3554 141 3609 neque
158 3540 189 3593 B.
227 3556 312 3608 neque
328 3557 367 3611 ea,
385 3543 570 3612 paersentia,
590 3544 711 3601 audeam
730 3560 788 3601 cm.
802 3544 847 3599 ll.
