2370 3878
127 176 192 241 57⁶.)
410 176 448 230 ll.
469 175 592 230 TULLII
610 174 800 230 CICERONIS

127 321 280 406 quoniam
307 321 343 385 in
370 341 441 384 eam
468 321 628 385 rationem
650 320 735 384 vitae
763 342 823 385 uos
851 341 921 385 non
945 325 1018 385 tam
1041 343 1091 386 eu·

126 410 245 494 piditas
268 409 425 493 quaedam
448 409 570 492 gloriae
594 430 691 492 quam
719 429 770 472 res
794 409 866 492 ipsa
893 430 934 474 ae
957 410 1090 475 fortuna

127 498 271 580 deduxit,
298 502 335 561 ιιι
358 497 572 580 sempiternus
600 518 704 562 sermo
731 497 902 562 hominum
932 497 973 561 de
997 498 1090 562 nobis

127 582 254 649 futurus
278 586 329 669 sit,
352 606 530 669 caveamus,
553 589 710 668 quantum
729 585 853 649 efficere
878 587 911 648 et
936 586 1090 670 consequi

127 694 307 757 possumus,
324 677 363 737 ut
380 695 421 738 ne
441 674 526 757 quod
545 674 580 737 in
598 673 693 739 nobis
711 673 839 758 insigne
858 673 977 739 uitium
990 673 1089 739 fuisse

127 761 260 826 dicatur.
304 760 418 847 Neque
441 783 501 848 ego
526 783 612 826 nunc
634 761 696 827 hoc
720 761 890 846 contende,
912 761 1004 846 quod
1028 762 1089 828 for·

127 854 213 914 tasse
246 871 344 934 quum
376 851 412 915 in
444 850 533 915 omni
565 854 695 934 natura,
726 853 796 915 tum
823 850 889 914 iam
915 850 954 913 in
977 855 1090 916 nostra

128 941 233 1003 aetate
257 939 385 1003 difficile
409 942 470 1022 est,
493 942 618 1003 mutare
642 939 786 1003 animum
809 941 855 1022 et,
887 937 914 1002 si
938 939 1019 1022 quid
1043 944 1090 1004 est

127 1026 256 1110 penitus
283 1028 417 1092 insitum
440 1028 594 1110 moribus,
615 1026 648 1090 id
672 1027 780 1091 subito
803 1027 954 1111 evellere,
978 1027 1036 1092 sed
1058 1032 1089 1091 te

128 1115 206 1179 illud
230 1115 401 1200 admoneo,
424 1119 473 1199 ut,
501 1116 529 1180 si
555 1114 618 1179 hoc
645 1115 739 1198 plene
762 1115 864 1179 vitare
893 1136 964 1179 non
986 1119 1090 1199 potes,

129 1205 215 1287 quod
242 1209 317 1268 ante
345 1207 521 1287 occupatur
547 1204 675 1268 animus
707 1203 748 1267 ab
776 1203 959 1287 iracundia,
992 1225 1090 1287 quam

128 1291 296 1375 providere
319 1292 402 1357 ratio
425 1292 546 1377 potuit,
573 1313 614 1356 ne
642 1295 866 1376 occuparetur,
894 1294 932 1354 ut
955 1295 989 1355 te
1013 1296 1089 1356 ante

130 1402 295 1463 compares
332 1380 536 1465 quotidieque
573 1379 725 1444 meditere
765 1378 983 1443 resistendum
1020 1401 1090 1445 esse

128 1469 325 1551 iracundiae,
359 1490 519 1552 quumque
552 1489 590 1533 ea
617 1468 755 1532 maxime
783 1468 926 1531 animum
949 1472 1090 1552 moveat,

128 1559 198 1618 tum
221 1555 281 1618 tibi
305 1577 374 1620 esse
401 1556 644 1640 diligentissime
670 1556 814 1640 linguam
844 1555 1090 1639 continendam,

130 1664 211 1725 quae
244 1642 372 1726 quidem
404 1643 483 1708 mihi
515 1643 617 1708 virtus
644 1645 665 1724 †
688 1666 756 1708 non
787 1644 949 1709 interdum
982 1645 1089 1710 minor

130 1730 256 1796 videtur
289 1753 385 1815 quarn
417 1733 550 1797 omnino
582 1754 650 1798 non
680 1732 788 1797 irasci:
819 1753 896 1796 nam
927 1731 1010 1796 illud
1040 1736 1091 1797 est

130 1841 197 1884 non
221 1822 325 1885 solum
348 1822 531 1906 grauitatis,
554 1820 610 1885 sed
632 1840 876 1904 nonnumquam
899 1821 999 1884 etiam
1020 1821 1088 1885 len·

129 1908 291 1992 titudinis,
313 1910 474 1974 moderari
492 1931 567 1974 vero
586 1912 619 1973 et
637 1909 745 1974 animo
764 1912 797 1973 et
815 1908 965 1991 orationi,
989 1930 1088 1993 quum

131 1996 175 2060 sis
202 1997 317 2081 iratus,
349 2001 406 2061 aut
434 1998 532 2062 etiam
559 2000 664 2061 tacere
691 2000 725 2061 et
750 2000 859 2062 tenere
886 1997 922 2060 in
949 2018 1010 2061 sua
1031 2019 1088 2082 po·

130 2088 246 2149 testate
269 2089 393 2150 motum
416 2086 515 2149 animi
538 2089 571 2149 et
593 2085 750 2170 dolorem,
772 2086 833 2150 etsi
855 2107 923 2150 non
945 2089 997 2149 est
1018 2108 1089 2170 per·

130 2172 234 2236 fectae
257 2174 448 2258 sapientiae,
469 2178 579 2238 tamen
603 2176 741 2240 estnon
761 2173 932 2239 mediocris
954 2173 1089 2258 ingenii.

90 2277 117 2319 aa
131 2259 239 2343 Atque
266 2262 301 2325 in
327 2262 390 2326 hoc
418 2283 534 2348 genere
566 2263 668 2327 multo
699 2265 733 2326 te
759 2283 828 2326 esse
855 2262 920 2326 iam
948 2282 1090 2328 commo·

131 2348 254 2412 diorem
285 2349 508 2434 mitioremque
536 2351 705 2425 nuntiant:
742 2351 850 2415 nullae
885 2355 961 2415 tuae
994 2351 1089 2416 vehe-

13 2490 21 2513 ‚
131 2436 305 2502 mentiores
328 2438 428 2502 animi
455 2439 700 2521 concitationes,
731 2440 822 2503 nulla
847 2439 1020 2504 maledicta
1047 2441 1089 2507 ad

130 2546 206 2609 nos,
237 2528 345 2591 nullae
378 2528 590 2592 contumeliae
620 2526 842 2611 perferuntur,
872 2548 956 2611 quae
987 2550 1088 2611 quum

132 2615 308 2680 abhorrent
331 2616 483 2680 alitteris
505 2620 595 2696 atqrae
622 2615 663 2679 ab
685 2614 896 2699 humanitate,
918 2619 988 2680 tum
1012 2638 1090 2681 vero

132 2705 294 2767 contraria
317 2709 393 2768 sunt
414 2704 549 2787 imperio
573 2724 610 2767 ac
628 2703 793 2788 dignitati,
815 2725 902 2788 nam,
924 2705 952 2767 si
974 2704 1090 2806 impla-

132 2791 251 2855 cabiles
277 2791 462 2856 iracundiae
491 2795 579 2876 sunt,
609 2814 734 2857 summa
761 2795 811 2857 est
837 2792 1011 2877 acerbitas,
1038 2791 1090 2857 sin

133 2882 240 2943 autem
272 2879 463 2964 exorabiles,
491 2902 616 2946 summa
637 2881 766 2965 levitae,
792 2902 874 2965 quae
901 2843 1074 2965 tameri,u
1053 2884 1090 2945 ut

90 2964 166 3069 ldin
189 2967 291 3053 malis,
314 2932 481 3045 acerbitati
500 2969 726 3053 anteponenda
746 2972 804 3034 est.
840 2967 912 3051 Sed,
934 2969 1090 3052 quoniam

105 3032 253 3140 ⁰primus
281 3078 387 3122 annus
415 3057 530 3122 habuit
556 3057 596 3121 de
622 3057 684 3122 hac
709 3057 958 3141 reprehensione
990 3058 1089 3141 pluri·

132 3167 221 3210 mum
239 3146 405 3231 sermonis,
428 3146 522 3210 credo
540 3147 720 3229 propterea,
738 3145 824 3230 quod
841 3145 903 3211 tibi
919 3145 1090 3211 hominum

203 3373 253 3443 Ep.
280 3381 309 3440 1,
323 3379 365 3430 38.
401 3373 696 3437 emortuarum
718 3373 808 3428 minor
830 3372 938 3442 (MW.).
984 3389 1009 3426 u.
1033 3388 1090 3426 ιιοιι

132 3446 222 3498 ruiaor
239 3445 258 3499 ι’.
279 3444 345 3511 (W.)
370 3446 420 3498 aut
436 3459 461 3498 u.
480 3443 499 3498 ι’.
523 3458 580 3498 noa
597 3443 762 3512 m.·(Klotu.,
780 3443 829 3511 B.).
875 3449 917 3499 39.
949 3459 969 3498 a
991 3443 1092 3500 titteris

123 3521 208 3588 atque
225 3515 262 3574 ab
278 3515 305 3573 d.
325 3515 402 3590 (W).
440 3532 459 3573 a
477 3514 506 3587 t,
524 3514 560 3574 ab
577 3515 605 3572 h.
620 3514 673 3583 u,
689 3513 787 3584 uulgo.
