2370 3878
364 169 627 230 EPIsTOLARUM
644 169 719 228 XVI.
739 181 779 230 12.
985 175 1050 241 543

95 327 142 390 ire
166 325 331 410 coepisset,
354 345 395 388 ne
419 321 539 389 Gallias
563 324 732 408 amitteret,
758 345 838 408 quas
862 323 973 388 ambas
996 322 1051 387 ha·
1083 392 1087 399 ,

96 415 151 478 bet
173 413 409 478 inimicissimas
436 415 565 496 praeter
587 412 849 498 Transpadanos,
875 433 914 476 ex
935 411 1051 496 Hispa·

96 503 213 586 niaque
241 523 296 565 sex
322 502 467 586 legiones
496 504 528 564 et
559 521 679 586 magna
706 502 824 566 auxilia
850 500 987 566 Afranio
1020 505 1053 565 et

95 590 221 654 Petreio
245 589 379 655 ducibus
401 589 501 652 habet
523 611 543 653 a
564 592 670 674 tergo:
692 589 831 674 videtur,
854 590 881 654 si
903 590 1051 674 insaniet,

94 699 188 763 posse
226 678 378 762 opprimi,
414 677 510 742 modo
547 681 585 741 ut
615 677 694 742 urbe
726 679 823 743 salva.
877 677 1052 743 Maximam

95 771 204 832 autem
225 767 357 851 plagam
377 765 508 848 accepit,
531 765 617 848 quod
634 766 671 849 is,
694 766 749 850 qui
767 788 925 831 summam
944 771 1052 832 aucto·

94 856 225 919 ritatem
248 854 283 917 in
305 854 392 918 illius
416 853 556 918 exercitu
579 853 730 938 habebat,
753 853 789 918 Τ.
808 853 979 939 Labienus
1002 877 1051 920 so·

95 943 163 1007 cius
187 942 314 1006 sceleris
339 962 407 1006 esse
430 943 547 1007 noluit:
571 943 701 1026 reliquit
722 942 814 1006 illum
833 945 865 1006 et
883 944 1052 1008 nobiseum

94 1035 147 1109 cst,
170 1030 326 1112 multique
355 1029 440 1095 idem
462 1029 580 1094 facturi
603 1052 671 1096 esse
695 1030 853 1096 dicuntur.
897 1030 969 1116 Ego
998 1032 1087 1097 ada

94 1119 159 1183 huc
192 1140 267 1183 orae
299 1118 480 1182 maritimae
512 1139 662 1202 praesum
694 1141 713 1182 a
744 1118 894 1184 Formiis:
926 1121 1052 1184 nullum

95 1207 198 1270 maius
212 1206 381 1292 negotium
395 1206 555 1290 suscipere
570 1207 666 1292 volui,
685 1229 748 1290 quo
767 1208 840 1290 plus
856 1208 941 1292 apud
960 1208 1052 1272 illum

95 1315 184 1358 meae
207 1295 333 1358 litterae
357 1295 660 1379 cohortationesque
687 1295 728 1360 ad
755 1316 868 1379 pacem
894 1297 1051 1379 valerent3

96 1384 147 1446 sin
174 1386 282 1447 autem
314 1383 375 1447 erit
397 1383 531 1468 bellum,
557 1383 649 1448 video
677 1404 728 1447 me
756 1384 869 1448 castris
897 1387 930 1453 et
957 1385 1051 1448 certis

94 1471 277 1556 legionibus
300 1471 531 1554 praefuturum.
575 1471 689 1536 Habeo
718 1472 815 1537 etiarn
842 1473 932 1536 illam
954 1473 1051 1537 mole·

95 1560 204 1643 stiam,
231 1559 318 1643 quod
344 1559 515 1625 Dolabella
546 1564 656 1625 noster
683 1561 769 1644 apud
797 1559 966 1627 Caesarem
993 1564 1051 1625 est.

93 1646 183 1711 Haec
207 1647 267 1712 tibi
290 1651 370 1712 nota
392 1669 461 1713 esse
485 1649 581 1732 volui,
604 1670 685 1732 quae
709 1670 785 1714 cave
808 1670 849 1713 ne
872 1652 904 1713 te
927 1653 1050 1733 pertur-

93 1736 173 1800 bent
196 1740 228 1800 et
250 1736 429 1820 impediant
450 1736 668 1801 valetudinem
685 1740 784 1801 tuam.
820 1736 893 1822 Ego
911 1736 951 1801 A.
970 1737 1087 1802 Ver-e

93 1824 176 1907 roni,
198 1845 293 1906 quem
317 1847 416 1908 quum
439 1824 696 1888 amantissimum
718 1825 782 1888 mei
805 1825 958 1908 cognovi,
981 1829 1051 1889 tum

95 1912 193 1974 etiam
215 1910 308 1976 valde
335 1911 384 1976 tui
413 1911 607 1996 studiosum,
634 1911 877 1996 diligentissime
905 1915 937 1975 te
967 1933 1051 1976 com-

94 1999 257 2082 mendavi,
284 2001 321 2063 ut
349 2002 382 2062 et
410 1998 603 2064 valetudinis
630 2003 705 2063 tuae
732 1999 891 2065 rationem
918 2000 1052 2064 haberet

95 2089 127 2150 et
149 2087 367 2172 navigationis
395 2090 428 2151 et
450 2090 555 2151 totum
577 2090 610 2151 te
634 2088 809 2171 susciperet
835 2109 873 2151 ae
894 2091 1050 2153 tueretur:
1124 2096 1127 2100 '

95 2196 191 2258 quem
214 2175 324 2240 omnia
340 2175 503 2239 facturum
522 2175 661 2258 confid03
684 2176 805 2260 recepit
828 2177 914 2239 enirn
936 2180 969 2240 et
987 2198 1051 2240 me·

95 2284 168 2327 cum
190 2263 317 2328 locutus
341 2266 390 2327 est
414 2263 609 2327 suavissime.
653 2263 712 2349 Tu,
735 2264 888 2347 quoniam
911 2286 949 2329 eo
972 2267 1050 2329 tem·

93 2372 172 2435 pore
204 2373 329 2415 mecum
361 2373 430 2415 esse
462 2372 530 2416 non
556 2351 709 2436 potuisti,
736 2373 799 2436 quo
830 2373 891 2437 ego
914 2354 1051 2418 maxime

95 2461 226 2523 operam
249 2443 281 2504 et
298 2439 485 2504 fidelitatem
505 2439 682 2505 desideravi
699 2442 799 2524 tuam,
822 2461 898 2505 cave
916 2440 1051 2505 festines

94 2531 151 2592 aut
178 2529 373 2613 committas,
405 2531 442 2593 ut
474 2531 531 2593 aut
562 2548 658 2613 aeger
690 2532 747 2593 aut
772 2528 877 2593 hieme
904 2529 1050 2614 naviges:

93 2637 271 2700 numquam
294 2639 365 2682 sero
388 2620 421 2681 te
444 2617 570 2682 venisse
588 2617 721 2700 putabo,
744 2617 771 2680 si
790 2617 897 2681 salvus
915 2617 1050 2682 veneris.

92 2703 210 2788 Adhuc
241 2706 404 2770 neminem
435 2705 591 2790 videram,
624 2705 679 2787 qui
709 2707 742 2768 te
773 2707 887 2788 postca
918 2704 1051 2770 vidisset

94 2814 192 2875 quam
209 2792 252 2856 M.
272 2792 435 2877 Volusius,
459 2815 478 2857 a
501 2815 564 2877 quo
584 2795 658 2856 tuas
675 2793 801 2857 litteras
820 2792 941 2876 accepi:
965 2792 1050 2876 quod

94 2900 160 2943 non
185 2880 339 2963 mirabar,
362 2902 466 2962 neque
489 2881 575 2944 enim
598 2901 685 2944 meas
708 2885 787 2964 puto
811 2880 851 2944 ad
874 2883 908 2944 te
925 2881 1051 2946 litte'ras

93 2971 187 3030 tanta
209 2967 314 3030 hieme
337 2967 481 3050 perferri.
516 2965 579 3032 Sed
602 2968 643 3032 da
667 2989 805 3053 operam,
827 2971 865 3033 ut
882 2970 991 3034 valeas
1010 2973 1050 3054 et,

95 3055 122 3117 si
137 3054 267 3138 valebis,
287 3076 386 3138 quum
404 3059 490 3119 recte
508 3055 656 3141 navigari
673 3057 802 3140 poterit,
819 3059 890 3120 tum
908 3057 1050 3140 naviges.
1076 3061 1080 3067 ’

95 3140 205 3208 Cicero
234 3163 324 3207 meus
350 3143 386 3206 in
407 3141 581 3208 Formiano
605 3147 687 3228 erat,
714 3144 866 3208 Terentia
889 3148 921 3207 et
944 3144 1051 3208 Tullia

98 3230 230 3296 Romae.
271 3228 370 3322 Cura,
391 3234 428 3296 ut
450 3231 566 3295 valeas.
607 3248 666 3298 1111.
692 3231 732 3296 K.
754 3230 907 3295 Februar.
930 3229 1050 3316 Capua.

92 3511 128 3564 K,
148 3439 235 3566 tEp.B
233 3445 274 3509 12,
289 3445 314 3495 4.
341 3440 519 3495 montiacum
532 3443 570 3494 cst
584 3439 699 3509 (vulgo).
735 3437 892 3494 estomM.
930 3442 955 3492 ct
972 3443 1047 3494 estu.

130 3528 194 3579 oa,
237 3552 242 3563 .
