2370 3878
151 157 216 221 330
432 156 470 210 M.
489 157 612 210 TULLII
631 155 820 212 CICERONIS

149 302 181 366 id
201 324 298 386 opera
316 301 453 365 maxime
472 301 646 365 excitatum
665 302 719 383 sit,
743 303 798 365 sed
812 303 885 385 iam,
906 304 985 366 mihi
1005 307 1109 389 crode,

149 391 368 475 cognovimus.
412 388 527 473 Itaque
554 390 768 454 incudissimis
796 392 860 454 tuis
892 391 1009 456 liiteris
1042 398 1107 458 sto-

37 520 42 535 ι
149 479 316 542 machatus
340 500 411 542 sum
434 479 469 541 in
491 480 647 560 extremo,
671 478 783 542 scribis
807 480 901 562 enim,
925 481 952 543 si
975 482 1010 543 in
1032 479 1107 545 Sex-

149 567 238 630 tilem
262 567 405 650 comitia,
428 566 491 630 cito
515 570 562 647 te,
589 566 727 629 siniam
751 567 910 650 confecta,
934 569 1041 652 citium
1064 593 1106 634 ne

113 668 129 717 2
149 655 268 719 diutius
293 676 365 719 cum
388 654 528 737 periculo
548 654 657 718 fatuus
677 655 729 718 sis.
766 653 792 718 O
812 656 857 718 mi
874 654 984 738 Furni,
1008 680 1106 740 quani

147 747 184 807 tu
206 747 297 806 tuam
320 765 449 806 causam
472 764 540 806 non
562 743 663 825 nosti,
691 744 746 825 qui
769 744 889 807 alienas
919 748 987 808 tam
1010 746 1105 810 facile

148 832 264 895 discas!
300 831 349 895 Tu
367 852 454 895 nunc
473 831 679 895 candidatum
697 835 729 894 te
748 835 844 914 putas
867 836 900 894 et
919 833 952 895 id
971 835 1105 918 cogitas,

148 923 184 983 ut
202 922 259 983 aut
277 920 317 983 ad
337 920 467 985 comitia
485 940 594 982 curras
618 923 683 1001 aut,
707 919 733 981 si
752 919 817 982 iam
836 921 991 1004 confecta,
1016 923 1103 986 domi

146 1012 221 1072 tuae
245 1009 297 1092 siS,
319 1030 360 1072 ne
384 1030 456 1072 oum
478 1007 617 1071 maximo
641 1007 792 1090 periculo,
815 1012 851 1071 ut
874 1009 1002 1092 scribis,
1026 1013 1103 1074 stul·

146 1096 288 1162 tissimus
317 1096 383 1160 sis?
428 1095 505 1161 Non
532 1096 670 1160 arbitror
697 1099 729 1160 te
757 1097 803 1159 ita
831 1098 962 1178 sentire,
991 1120 1102 1162 omnes

147 1186 232 1249 enim
263 1188 337 1250 tuos
370 1185 411 1248 ad
442 1184 571 1248 laudeni
593 1185 731 1266 impetus
755 1185 845 1247 novi:
879 1186 963 1267 quod
994 1187 1034 1267 si,
1068 1195 1103 1250 ut

147 1274 272 1356 scribis,
295 1274 343 1336 ita
365 1273 478 1356 sentis,
506 1294 574 1336 non
597 1272 700 1356 magis
724 1276 756 1334 te
780 1295 876 1355 quam
905 1273 942 1336 de
966 1276 998 1336 te
1022 1275 1102 1336 iudi-

147 1362 230 1424 cium
256 1360 456 1444 reprehendo
485 1381 599 1423 meum.
646 1359 691 1422 Te
715 1360 910 1443 adipiscendi
933 1363 1102 1445 magistra-

145 1453 199 1511 tus
220 1449 374 1512 levissimi
397 1451 429 1512 et
452 1447 711 1532 divulgatissimi,
734 1449 762 1511 si
784 1450 830 1512 ita
854 1449 1042 1532 adipiscare,
1066 1458 1102 1514 ut

145 1537 302 1621 plerique,
334 1557 549 1620 praepropera
584 1536 749 1600 festinatio
782 1537 918 1600 abducet
950 1561 969 1600 a
1001 1541 1101 1601 tantis

145 1624 307 1708 laudibus,
335 1625 450 1708 quibus
478 1628 510 1687 te
534 1645 644 1688 omnes
667 1625 703 1687 in
726 1625 848 1688 caelum
876 1626 944 1688 iure
972 1630 1005 1688 et
1027 1649 1100 1690 vere

144 1712 276 1776 ferunt?
322 1711 450 1778 Scilicet
472 1713 505 1776 id
529 1712 644 1797 agitur,
667 1716 775 1776 utrum
798 1712 859 1776 hae
881 1714 1036 1796 petitione
1058 1737 1101 1777 an

145 1802 290 1884 proxima
312 1806 442 1886 praetor
464 1801 532 1885 fias,
554 1822 622 1865 non
645 1804 682 1864 ut
703 1801 750 1864 ita
772 1801 811 1864 de
834 1823 868 1865 re
888 1802 1018 1885 publica
1036 1825 1100 1865 rne-

109 1901 126 1949 3
145 1911 243 1974 reare,
262 1891 349 1956 omni
367 1891 489 1955 honore
509 1893 546 1954 ut
563 1890 770 1974 dignissimus
788 1888 936 1953 indicere.
981 1889 1100 1954 Utrum

144 1979 262 2063 nescis,
286 2001 382 2063 quam
405 1981 469 2043 alte
492 1978 686 2060 ascenderis,
714 2000 756 2041 an
779 1999 837 2060 pro
861 1978 963 2043 nihilo
986 1978 1020 2040 id
1043 2002 1100 2061 pu-

144 2068 215 2130 tas?
248 2068 276 2130 si
298 2069 417 2151 nescis,
443 2067 504 2130 tibi
530 2068 678 2152 ignosce,
705 2088 765 2130 nos
792 2066 827 2128 in
854 2067 948 2148 culpa
976 2089 1099 2145 sumus3

144 2156 195 2218 sin
217 2155 381 2240 intelligis,
403 2155 470 2218 ulla
488 2155 556 2221 tibi,
567 2159 616 2219 est
634 2157 786 2239 praetura
803 2155 855 2217 vel
874 2155 990 2235 officie,
1013 2157 1098 2238 quod

44 2262 48 2270 ·
142 2244 250 2326 pauci,
272 2244 323 2307 vel
347 2243 463 2328 gloria,
487 2265 582 2326 quam
606 2264 716 2307 omnes
740 2245 931 2325 sequuntur,
954 2243 1099 2307 dulcior?

142 2329 214 2395 Hac
237 2331 332 2394 dere
356 2334 388 2394 et
411 2351 471 2415 ego
495 2335 528 2394 et
550 2329 717 2415 Calvisius,
738 2330 836 2394 homo
855 2331 966 2415 magni
989 2331 1098 2394 iudicii

142 2419 252 2502 tuique
281 2419 533 2503 amantissimus,
565 2424 597 2483 te
625 2440 812 2484 accusamus
841 2419 990 2503 quotidie.
1037 2417 1097 2483 Co-

142 2508 233 2572 mitia
255 2512 378 2591 tamen,
405 2508 558 2591 quoniam
586 2507 686 2571 exiis
709 2507 842 2590 pendeo,
870 2511 1028 2591 quantum
1050 2508 1097 2570 l'a-

142 2617 212 2660 cere
235 2618 420 2680 possumus,
448 2596 534 2680 quod
556 2596 666 2659 multis
689 2596 728 2658 de
752 2596 855 2659 causis
879 2595 926 2659 rei
948 2596 1095 2678 publicae

142 2685 335 2750 arbitramur
358 2684 548 2765 conducere,
577 2686 612 2747 in
638 2683 826 2747 ianuarium
853 2704 996 2747 mensem
1023 2706 1096 2767 pro·

141 2773 308 2836 trudimus
354 2772 456 2838 Vince
479 2773 578 2857 igitur
601 2776 634 2836 et
656 2773 735 2836 vale.

546 2949 684 3014 XXVII.

141 3053 197 3108 Sor.
217 3052 322 3108 Itomae
340 3069 435 3108 mense
449 3052 551 3107 Martio
570 3055 646 3122 (poet
659 3052 733 3106 XIII.
747 3051 779 3106 K.
795 3051 895 3122 April.)
915 3068 939 3105 a.
955 3069 981 3104 u.
996 3067 1018 3105 c.
1036 3058 1096 3104 711.

427 3158 555 3214 CICERO
575 3157 708 3212 LEPIDO
727 3157 802 3211 SAL.

106 3261 119 3309 1
207 3250 299 3327 Ouod
318 3251 397 3315 mihi
415 3272 474 3334 pro
494 3271 619 3316 summa
635 3269 704 3312 auco
722 3268 800 3332 erga
819 3251 852 3311 te
870 3247 1096 3312 benevolentia

139 3361 276 3425 magnae
305 3361 399 3404 curae
427 3343 489 3421 est,
520 3341 557 3402 ut
584 3358 680 3419 quam
712 3336 909 3421 amplissima
937 3335 1095 3420 dignitate

190 3493 245 3567 Ep,
266 3501 312 3568 26,
329 3502 353 3553 3.
393 3496 479 3554 I'r'nee
496 3496 584 3569 iyitur
604 3492 663 3565 Iu,
679 3494 787 3567 uulgol.
821 3495 898 3549 clueo
912 3498 940 3546 tr
955 3493 976 3546 i.
993 3489 1050 3558 Or,
1063 3491 1094 3546 B.

118 3768 194 3822 A
