2370 3878
220 166 479 221 EPISTULARUM
497 165 546 220 AD
566 167 597 232 Q.
616 166 792 221 FRATREM
810 168 844 223 II.
864 173 888 222 4.
908 173 932 222 5.
990 169 1051 233 601

103 309 236 375 offensio
264 311 358 375 nobis
386 311 524 395 obstitit3
557 316 742 377 senatorum
774 314 859 378 enim
891 335 974 378 urna
1005 334 1054 378 oo·

102 399 191 481 piose
215 399 366 483 absolvit,
394 400 537 482 equitum
561 400 765 484 adaequavit,
791 402 914 466 tribuni
942 401 1056 466 aerarii

103 486 370 570 condemnarunt3
400 487 456 551 sed
487 488 550 552 hoo
581 489 819 554 incommodum
847 491 1056 554 consolantur

103 575 307 657 quotidianae
331 576 553 640 damnationes
575 576 787 661 inimicorum,
808 578 843 641 in
866 578 982 661 quibus
1004 598 1055 641 me

101 663 278 745 perlibente
301 665 322 742 †
346 662 458 728 Sevius
486 665 596 728 allisus
624 668 685 748 est,
712 666 809 729 ceteri
836 667 1056 731 conciduntur.

97 748 136 825 C.
151 749 231 816 Cato
251 752 459 816 concionatus
483 755 532 816 est
550 753 680 816 comitia
693 753 805 817 haberi
823 775 891 818 non
911 755 1057 837 siturum,

103 839 129 903 si
153 839 283 917 sibi†a
305 841 426 924 populo
450 840 517 904 dies
541 840 658 926 agendi
681 844 789 905 essent
811 843 958 925 exempti.
990 841 1056 926 Ap·

101 927 175 1010 pius
207 949 226 991 a
259 926 394 992 Caesare
425 929 570 993 nondum
606 929 752 994 redierat.
806 929 892 994 Tuas
924 930 1083 994 mirifioer

101 1016 226 1080 litteras
250 1020 411 1100 exspecto:
436 1021 531 1099 atque
555 1017 660 1081 adhuc
681 1019 824 1082 clausum
847 1039 934 1081 mare
956 1018 1056 1082 fuisse

103 1104 184 1186 scio,
218 1104 273 1168 sed
301 1105 457 1188 quosdam
483 1106 609 1169 venisse
635 1109 745 1169 tamen
773 1105 867 1169 Olbia
898 1105 1057 1188 dicebant,

104 1192 159 1273 qui
181 1194 214 1255 te
237 1187 330 1256 unice
353 1193 524 1257 laudarent
541 1194 733 1277 plurimique
751 1194 787 1257 in
803 1193 970 1278 provincia
987 1194 1057 1257 fieri

103 1279 257 1343 dicerent:
281 1281 410 1346 eosdem
433 1281 563 1345 aiebant
585 1283 735 1345 nuntiare
753 1285 785 1346 te
803 1283 908 1366 prima
925 1282 1056 1366 naviga·

102 1368 191 1431 tione
222 1370 499 1452 transmissurum3
529 1369 563 1434 id
595 1370 689 1453 cupio
722 1374 767 1454 et,
799 1390 993 1453 quamquam
1023 1373 1056 1433 te

101 1456 208 1537 ipsum
237 1456 357 1522 scilicet
387 1458 537 1540 maxime,
568 1462 678 1522 tamen
705 1458 802 1522 etiam
833 1459 956 1522 litteras
982 1461 1057 1522 tuas

103 1547 178 1607 ante
202 1549 360 1629 exspecto.
404 1545 451 1610 Mi
473 1546 582 1628 frater,
607 1548 686 1611 vale.

556 1737 597 1804 V.

263 1850 319 1904 Sor.
339 1864 364 1903 a.
382 1849 409 1903 d.
427 1849 475 1904 VI.
494 1851 559 1904 Idus
578 1851 688 1920 Apriles
708 1867 732 1904 a.
752 1868 779 1904 u.
799 1866 822 1904 c.
838 1857 896 1906 698.

139 2009 144 2017 ·
239 1971 385 2027 MARCUS
411 1973 549 2038 QUINTO
578 1973 713 2027 FRATRI
741 1973 920 2028 SALUTEM.

169 2071 328 2137 Dederam
351 2073 391 2137 ad
414 2076 447 2137 te
469 2073 594 2137 litteras
618 2077 729 2157 antea,
747 2074 867 2157 quibus
891 2076 960 2137 erat
982 2073 1083 2137 scri-1

102 2164 194 2244 ptum
221 2160 361 2226 Tulliam
388 2166 533 2225 nostram
561 2160 743 2244 Crassipedi
770 2184 818 2244 pr.
845 2162 927 2225 Non.
955 2160 1057 2245 April.

103 2270 171 2312 esse
195 2249 387 2331 desponsam
411 2253 578 2333 ceteraque
601 2250 640 2314 de
663 2250 847 2333 republica
869 2251 1056 2333 privataque

102 2338 359 2420 perscripseram.
407 2336 526 2402 Postea
553 2340 630 2402 sunt
651 2337 731 2402 haec
759 2341 842 2402 acta:
870 2336 955 2402 Non.
977 2337 1056 2422 Apr.

103 2429 232 2489 senatus
261 2427 409 2490 consulto
435 2425 589 2511 Pompeio
616 2427 753 2510 pecunia
776 2426 903 2491 decreta
931 2426 1057 2489 iurem

100 2513 345 2578 frumentariam
373 2514 413 2576 ad
440 2512 505 2578 HS.
529 2530 625 2597 00003
657 2514 713 2577 sed
745 2515 856 2579 eodem
885 2513 936 2577 die
963 2514 1056 2577 vehe-

100 2605 225 2665 menter
252 2605 359 2666 actum
388 2602 426 2665 de
454 2623 532 2686 agro
561 2600 726 2686 Campano
754 2603 892 2667 clamore
926 2604 1056 2665 senatus

99 2711 199 2773 prope
223 2691 415 2755 concionali:
439 2691 593 2755 acriorem
616 2712 746 2754 oausam
768 2691 878 2773 inopia
900 2689 1055 2772 pecuniae

99 2779 239 2841 faciebat
262 2782 294 2841 et
317 2800 464 2843 annonae
484 2780 608 2842 caritas.
645 2777 721 2842 Non
738 2777 997 2862 praetermittam,
1013 2794 1082 2841 nea

99 2864 179 2927 illud
202 2866 343 2947 quidem:
365 2866 409 2930 M.
432 2866 566 2930 Furium
588 2865 753 2949 Flaccum,
776 2868 915 2950 equitem
938 2865 1055 2930 Roma-

98 2973 190 3035 num,
216 2953 381 3017 hominem
407 2976 561 3037 nequam,
593 2951 767 3037 Capitolini
794 2959 827 3018 et
848 2954 1055 3018 Mercuriales

100 3038 138 3104 de
161 3040 297 3126 collegio
330 3043 492 3106 eiecerunt
522 3046 739 3127 praesentem,
766 3042 807 3106 ad
834 3042 931 3127 pedes
959 3041 1054 3105 unius

167 3215 219 3284 Ep.
239 3221 264 3281 4,
279 3222 304 3270 6.
340 3215 473 3282 †Seoius
492 3216 567 3283 (W.).
604 3213 700 3269 Serius
718 3215 749 3268 Β.
787 3215 905 3268 Saenius
920 3213 1054 3283 (W.)?-

96 3287 273 3340 coaaa'ouotas
291 3290 329 3340 est
347 3288 457 3341 comitia
475 3286 589 3354 (Mill).
631 3302 652 3340 c.
676 3291 714 3340 est
731 3301 759 3339 se
782 3301 802 3338 c.
822 3285 866 3350 L.‚
885 3285 916 3338 B.
940 3314 974 3323 —
998 3288 1054 3350 †o

93 3357 198 3424 populo
217 3356 312 3423 (MR).
353 3358 391 3410 od
407 3357 540 3424 populum
559 3355 625 3424 (W.)
645 3357 695 3410 aut
713 3371 774 3409 carn
787 3355 892 3423 populo
909 3354 939 3422 I·,
958 3354 1052 3422 vulgo.

93 3432 230 3550 {malque
247 3427 340 3494 MRI.‚
359 3427 453 3496 vulgo.
499 3423 577 3496 atqui
595 3426 625 3481 B.
654 3456 688 3466 -
718 3424 799 3479 Olbia
818 3424 926 3494 (Man).
974 3424 1053 3478 Ostia

159 3498 187 3566 I.,
205 3498 236 3550 Β.
