2370 3878
117 165 183 229 610
398 165 435 219 ld.
455 163 578 219 TULLII
595 163 785 220 CICERONIS

115 309 235 376 habeat
249 312 406 385 senatum,
423 313 464 392 et,
483 308 568 392 quod
582 306 719 373 Gabinia
736 310 886 373 sanctum
906 309 960 394 sit,
980 311 1078 374 ctiam

118 399 189 482 cogi
218 419 256 461 ex
282 396 354 460 Kal.
381 395 473 460 Febr.
501 418 601 479 usque
628 395 669 461 ad
696 396 767 460 Kal.
790 396 928 462 Martias
960 399 1077 482 legatis

117 489 264 550 senatum
287 484 429 567 quotidie
447 484 535 548 dare:
557 486 604 548 ita
623 488 779 568 putantur·
796 484 925 549 detrudi
943 488 1078 550 comitia

117 575 152 637 in
176 594 316 636 mensem
348 571 515 654 Martium3
548 571 603 636 sed
634 576 744 636 tamen
774 572 825 637 his
855 573 1078 638 comitialibus

117 661 237 724 tribuni
261 661 303 743 pl.
327 660 365 724 de
385 658 521 724 Gabinio
546 681 579 724 se
602 664 730 725 acturos
753 681 822 725 esse
844 661 968 725 dicunt.
1004 661 1077 727 Om-

118 749 172 812 nia
195 749 321 832 colligo,
345 753 380 812 ut
402 749 479 813 novi
502 748 639 812 scribam
661 748 781 832 aliquid
804 749 844 812 ad
866 753 914 830 tc,
945 751 1020 833 sed,
1042 756 1079 814 ut

89 837 221 918 «vides,
248 858 299 900 res
322 857 372 901 me
395 837 466 920 ipsu
494 836 612 901 deficit:
641 836 749 919 itaque
776 837 817 901 ad
840 834 1078 902 Callisthenem

118 929 151 989 et
174 925 213 988 ad
236 924 407 988 Philistum
429 924 538 1006 redeo,
567 925 602 988 in
629 925 744 1007 quibus
770 928 803 988 te
830 924 924 990 video
948 927 1077 991 uoluta-

117 1018 196 1077 tum.
239 1010 452 1078 Callisthenes
473 1012 602 1095 quidem
626 1013 757 1098 vulgare
781 1016 813 1076 et
834 1016 952 1078 notum
977 1035 1078 1100 nego·

118 1104 212 1184 tium,
249 1100 516 1184 quemadmodum
548 1101 671 1183 aliquot
702 1099 814 1165 Graeci
849 1101 952 1165 locuti
987 1107 1091 1176 suntz,

119 1188 243 1253 Siculus
271 1189 323 1252 illc
352 1188 511 1271 capitalis,
534 1188 656 1271 creber,
678 1192 804 1270 acutus,
826 1189 947 1273 breviS,
972 1213 1079 1274 paene

118 1277 253 1360 pusillus
272 1275 486 1360 Thucydidem
509 1275 574 1357 sed,
598 1279 687 1341 utros
711 1277 778 1341 eius
797 1276 949 1341 habueris
974 1279 1078 1344 libros

118 1365 247 1430 -duo
272 1366 356 1428 enim
381 1368 457 1428 suut
479 1385 614 1447 corpma
637 1400 678 1410 -
703 1386 745 1428 an
767 1369 930 1449 utrosque,
954 1368 1078 1432 nescio.

117 1451 170 1516 Me
203 1454 305 1536 magis
336 1451 393 1535 „de
421 1451 596 1535 Dionysi0“
624 1452 774 1535 delectat3
806 1453 874 1536 ipse
906 1456 958 1518 est
990 1456 1077 1519 enim

118 1542 279 1602 veterator
305 1559 442 1622 magnus
474 1543 508 1602 et
533 1539 759 1622 perfamiliaris
785 1539 922 1606 Philisto
950 1541 1077 1626 Diony·

119 1628 193 1691 sius.
239 1623 315 1709 Sed,
347 1625 433 1709 quod
460 1626 605 1710 ascribis,
637 1628 875 1713 aggrediarisne
903 1629 944 1693 ad
974 1631 1077 1696 histo-

117 1717 215 1798 riam,
246 1734 298 1777 me
325 1719 454 1778 auctore
487 1718 593 1798 potes,
625 1718 668 1800 et,
702 1716 852 1799 quoniam
884 1717 1077 1784 tabellarios

119 1803 355 1885 subministras,
384 1802 530 1867 hodierni
553 1802 616 1867 diei
638 1825 689 1867 res
712 1808 819 1888 gestas
840 1803 1077 1888 Lupercalibus

118 1891 261 1955 habebis.
313 1889 445 1955 Obleeta
476 1895 508 1954 le
541 1911 614 1955 cum
645 1888 798 1956 Cicerone
829 1897 941 1958 nostro
977 1917 1077 1979 quam

119 1979 300 2044 bellissime.

489 2170 561 2236 ΧΠ.
587 2167 698 2259 [xm]

138 2285 193 2338 Scr.
212 2285 242 2338 iu
261 2283 384 2338 Cumano
402 2284 447 2339 vel
464 2284 634 2354 Pompeiano
653 2301 747 2341 meuse
765 2284 840 2340 Maio
859 2303 883 2339 u.
903 2305 930 2340 u.
949 2305 974 2342 e.
997 2297 1060 2344 τοῦ.

222 2406 389 2462 MARCUS
408 2406 562 2477 QUINTO
580 2407 741 2464 FRATRI
757 2408 964 2464 SALUTEM.

94 2533 106 2573 r
186 2507 275 2572 Duas
298 2507 402 2571 adhuc
424 2529 444 2570 a
466 2511 498 2571 te
520 2510 628 2592 accepi
650 2510 810 2593 epistolas,
833 2531 970 2592 quarum
995 2513 1077 2577 alte·

119 2617 188 2662 ram
211 2597 338 2679 inipso
362 2595 502 2659 discessu
531 2601 656 2679 nostro,
684 2599 817 2661 alteram
839 2596 990 2663 Arimino
1020 2601 1076 2665 da·

118 2690 199 2767 tam,
222 2685 338 2767 plures,
362 2705 441 2766 quas
459 2683 571 2749 scribis
590 2688 621 2748 te
641 2684 772 2768 dedisse,
790 2706 858 2749 non
876 2707 1076 2770 acceperam.

118 2771 191 2856 Ego
224 2793 274 2835 me
305 2771 340 2834 in
372 2768 516 2837 Cumano
544 2775 576 2836 et
604 2772 814 2857 Pompeiane,
845 2777 1076 2860 praeterquam

120 2859 205 2943 quod
233 2859 301 2923 sinc
328 2863 375 2942 te,
402 2864 542 2923 ceterum
570 2862 648 2925 satis
676 2862 841 2927 commode
869 2862 1076 2930 oblectabam

120 2951 152 3012 et
174 2968 261 3011 eram
283 2947 318 3009 in
344 2946 457 3011 iisdem
484 2949 563 3013 locis
589 2970 689 3032 usque
717 2951 758 3014 ad
784 2949 855 3013 Kal.
883 2949 995 3016 Iunias
1023 2953 1075 3018 fu-

119 3040 219 3100 turus.
256 3032 440 3099 Scribebam
458 3036 523 3118 illa,
546 3058 627 3119 quae
646 3037 786 3102 dixeram
804 3035 967 3118 nolierunt,
993 3041 1076 3123 spis·

119 3147 189 3188 sum
212 3145 289 3189 sane
317 3145 397 3208 opus
425 3128 457 3188 et
485 3143 666 3208 operosum,
694 3126 763 3209 sed,
789 3126 817 3190 si
843 3146 882 3192 ex
909 3129 1076 3193 sententia

148 3406 151 3411 ,
189 3349 231 3420 Ep
253 3357 293 3418 11,
308 3357 333 3405 4.
369 3351 420 3418 „de
437 3349 592 3421 Dionysi&
610 3351 684 3422 (W.).
726 3353 758 3408 cle
775 3352 813 3406 D.
831 3353 925 3424 vulgo.
944 3384 980 3394 -
1005 3356 1075 3410 Phi·

120 3423 181 3476 listo
199 3421 359 3491 Dionysiae.
397 3420 751 3491 Seu(n.,20xx.,u1.).
803 3423 837 3477 P.
866 3423 919 3478 Sed
938 3423 1021 3495 Crat,
1041 3428 1073 3482 B.

110 3491 166 3565 Ep.
187 3495 229 3562 12,
247 3497 269 3546 1.
307 3506 425 3565 quarum
445 3492 559 3548 alterum
574 3492 671 3562 nal,
687 3494 782 3563 uulgo.
817 3493 869 3563 ω
883 3512 909 3547 α.
927 3495 1003 3563 Em..
1022 3496 1053 3550 B.
