2370 3878
299 176 560 233 EPISTOLARUM
577 178 637 231 vll.
659 184 770 233 ra-ao.
949 179 1013 241 213

52 321 140 387 senti
162 321 224 385 tibi
254 343 353 405 prope
381 321 609 407 subnegaram,
631 343 699 387 non
722 323 897 387 tribueram
920 326 1014 408 certe,

52 410 88 477 id
115 410 243 475 absenti
271 410 386 475 debere
417 432 485 475 non
516 411 621 494 potui,
652 411 775 495 itaque,
810 415 848 474 ut
874 411 1014 494 primum

53 496 151 563 Velia
182 498 335 583 navigare
368 499 472 582 coepi,
507 499 635 563 institui
667 499 789 582 Topica
820 500 1015 563 Aristotelea

55 586 259 651 conscribere
286 587 327 650 ab
349 586 421 670 ipsa
450 587 529 651 urbe
552 588 765 653 commonitus
793 588 1015 652 amantissima

54 675 117 739 tui:
151 696 225 739 eum
255 675 374 739 librum
395 675 457 739 tibi
483 676 556 739 misi
587 676 691 760 Regio
722 676 890 759 scriptum,
918 698 1015 759 quarn

54 763 246 847 planissime
273 785 325 829 res
344 764 404 827 illa
431 764 528 828 scribi
549 765 669 847 potuit,
697 765 748 829 sin
775 765 835 829 tibi
857 765 1015 848 quaedam

56 850 252 917 ridebuntur
276 852 474 935 obscuriora,
501 853 643 937 cogitare
667 853 796 917 debebis
819 854 941 917 nullam
965 875 1014 916 ar·

54 944 124 1005 tem
140 940 263 1005 litteris
286 941 356 1005 sine
378 940 553 1024 interprete
582 945 615 1005 et
637 941 706 1005 sine
734 942 842 1023 aliqua
864 942 1014 1005 exercita-

55 1028 147 1093 tione
174 1028 296 1113 percipi
323 1049 427 1112 posse.
471 1028 549 1093 Non
575 1031 673 1113 longe
701 1029 831 1092 abieris:
863 1051 942 1092 num
965 1030 1015 1093 ius

57 1116 151 1181 civile
175 1119 316 1180 vestrum
339 1138 378 1180 ex
400 1117 491 1181 libris
510 1118 661 1201 cognosci
680 1116 810 1199 potest?
833 1118 887 1199 qui
906 1138 1015 1200 quam-

57 1226 157 1289 quam
178 1204 309 1288 plurimi
332 1208 417 1287 sunt,
440 1205 604 1269 doctorem
626 1208 736 1269 tamen
756 1226 912 1288 usumque
936 1205 1015 1268 desi·

57 1292 187 1357 derant:
211 1314 406 1376 quamquam
428 1297 478 1376 tri,
501 1293 528 1357 si
552 1296 674 1357 attente
696 1294 798 1379 leges,
825 1294 852 1357 si
881 1294 1016 1377 saepiuS,

56 1402 116 1465 per
133 1384 167 1444 te
187 1381 295 1445 omnia
314 1403 507 1464 consequere
526 1385 563 1446 ut
581 1387 665 1447 certe
684 1383 860 1467 intelligas,
883 1386 920 1446 ut
940 1404 1015 1446 vero

57 1468 159 1533 etiam
180 1468 243 1552 ipsi
265 1470 325 1532 tibi
348 1470 410 1533 loci
432 1471 600 1553 proposita
628 1472 814 1553 quaestione
838 1475 1016 1554 occurrant,

58 1556 288 1621 exercitatione
307 1578 510 1642 consequere,
532 1559 567 1622 in
585 1581 649 1643 qua
668 1560 795 1643 quidem
813 1581 873 1624 nos
891 1564 923 1623 te
942 1581 1016 1623 con-

58 1643 244 1728 tinebimus,
268 1645 296 1708 si
319 1650 351 1708 et
374 1647 454 1710 salvi
472 1647 659 1711 redierimus
679 1652 711 1713 et
730 1649 818 1713 salva
837 1649 900 1713 ista
919 1648 1016 1712 offen·

59 1732 210 1798 derimus.
255 1755 284 1796 v.
307 1733 379 1797 Kal.
402 1732 511 1799 Sextil.
533 1735 646 1821 Regio.

504 1927 576 1993 XX.

191 2035 248 2094 Sor.
268 2037 365 2094 Veliae
384 2038 458 2094 ΧΠΙ.
478 2040 539 2093 Kal.
560 2038 678 2095 Sextiles
697 2055 722 2094 a.
740 2056 767 2093 u.
787 2055 810 2094 c.
830 2044 889 2094 710.

327 2163 454 2219 CICERO
474 2164 657 2219 TREBATIO
678 2161 753 2219 SAL.

130 2259 311 2333 Amabilior
334 2264 413 2328 mihi
434 2264 528 2329 Velia
550 2264 621 2348 fuit,
644 2264 729 2347 quod
752 2267 785 2328 te
808 2264 849 2328 ab
873 2285 911 2328 ea
934 2264 1019 2329 sensi
1039 2277 1053 2326 1

61 2351 180 2434 amari,
203 2352 259 2417 sed
277 2352 353 2436 quid
373 2373 433 2436 ego
448 2353 552 2417 dicam
565 2356 608 2435 te,
626 2374 720 2436 quem
739 2353 809 2436 quis
824 2375 892 2417 uon
910 2353 1019 2417 amat?

61 2438 174 2521 Rufio,
201 2440 324 2505 medius
347 2441 455 2526 fidius,
482 2446 557 2505 tuus
584 2441 631 2505 ita
654 2441 906 2525 desiderabatur,
933 2446 969 2506 ut
993 2442 1020 2505 si

62 2531 150 2593 esset
176 2549 259 2593 unus
287 2551 304 2593 e
338 2530 445 2613 nobis;
478 2531 533 2595 sed
560 2533 592 2593 te
625 2550 685 2615 ego
713 2552 780 2594 non
811 2529 1020 2613 reprehend0,

62 2615 120 2699 qui
141 2615 234 2681 illum
252 2617 293 2681 ad
311 2618 567 2683 aedificationem
584 2621 675 2682 tuam
694 2618 887 2700 traduxerim
910 2638 1019 2700 quam·

63 2726 163 2787 quam
190 2705 275 2769 enim
302 2705 397 2770 Velia
423 2729 491 2772 non
523 2711 573 2771 est
603 2708 697 2771 vilior
729 2729 826 2790 quem
853 2705 1019 2789 Lupercal,

61 2796 174 2857 tamen
200 2793 283 2858 istuc
311 2795 396 2859 malo
429 2818 526 2880 quam
556 2795 636 2859 haec
660 2796 776 2860 omnia.
822 2793 884 2878 Tu,
915 2794 1019 2858 sime

62 2880 185 2966 audies,
207 2904 302 2965 quem
326 2884 418 2966 soles,
439 2884 500 2947 has
518 2886 670 2967 paternas
690 2883 910 2966 possessiones
931 2886 1020 2948 tene·

62 2968 180 3033 bis-
203 2971 311 3035 nescio
340 2972 416 3054 quid
444 2972 530 3035 enim
557 2971 724 3035 Velienses
752 2972 946 3036 verebantur
969 3008 1020 3053 —,

61 3078 168 3140 neque
191 3057 349 3143 Heletem,
371 3059 514 3123 nobilem
537 3080 673 3142 amnem,
695 3060 855 3143 relinques
879 3081 938 3124 nec
960 3058 1020 3121 Pa·

61 3145 223 3228 pirianam
255 3147 386 3213 domum
413 3147 550 3210 deseres:
584 3168 778 3233 quamquam
808 3149 864 3212 illa
892 3146 1020 3230 quidem

133 3371 186 3442 Ep.
207 3379 248 3428 19.
290 3388 446 3442 consequere
463 3379 495 3428 ut
514 3374 588 3440 (W).
628 3389 664 3438 a,
683 3379 715 3427 ut
732 3373 826 3441 vulgo.
867 3369 918 3439 Ep.
938 3376 1019 3437 20,1.

62 3440 189 3569 gqllcettqqq
202 3443 299 3568 (Pher
317 3444 388 3514 Epp.
408 3445 444 3498 ad
462 3445 587 3499 Atticum
606 3444 680 3510 XVI,
692 3450 746 3511 7,6
766 3446 794 3496 et
813 3458 846 3495 ex
864 3441 1019 3507 Strabone).
