2370 3878
130 171 192 236 190
412 173 451 227 Μ.
470 172 593 227 TULLII
611 172 802 229 CICERONIS

127 337 209 399 esse,
237 315 322 398 quod
349 316 477 400 timeas,
508 321 635 399 praeter
662 317 829 382 universae
861 318 908 382 rei
934 318 1084 402 publicae

126 402 293 467 interitum
324 403 385 467 tibi
416 403 584 488 confirmo3
616 405 655 469 de
687 427 737 470 me
770 409 877 470 autem
910 406 956 470 sic
986 407 1085 471 velim

126 491 261 575 iudices,
288 496 444 577 quantum
468 513 528 578 ego
551 493 686 577 possim,
713 514 763 558 me
785 493 860 577 tibi,
887 494 985 558 saluti
958 497 1084 559 ttuae

126 579 298 661 liberisque
325 581 389 643 tuis
418 601 541 647 summo
566 602 638 646 cum
666 580 771 646 studio
799 585 928 666 praesto
958 603 1085 667 semper

127 666 281 732 futurum.
325 666 419 733 Vale

552 860 658 927 XXII.

318 972 373 1028 Scr.
393 974 499 1028 Romae
517 974 632 1029 ineunte
651 990 724 1029 anno
742 993 769 1029 u.
783 991 806 1030 c.
827 980 885 1031 708.

446 1096 574 1153 CICERO
593 1096 756 1153 DOMITIO.

93 1211 106 1257 1
192 1194 269 1262 Non
297 1219 335 1260 ea
361 1219 412 1262 res
439 1219 491 1261 me
518 1196 686 1281 detenuit,
713 1218 776 1280 quo
804 1197 925 1282 minus,
955 1201 1082 1282 postea·

127 1307 224 1369 quam
250 1286 286 1348 in
312 1284 441 1348 Italiam
472 1285 602 1367 venisti,
633 1285 757 1349 litteras
785 1284 826 1348 ad
853 1288 885 1350 te
912 1285 1084 1370 mitterem,

128 1373 212 1454 quod
236 1377 272 1435 tu
296 1372 409 1437 adme
432 1373 538 1437 nullas
561 1371 707 1456 miserae,
729 1372 785 1436 sed
808 1372 884 1457 quia
904 1395 980 1459 nec,
1006 1374 1083 1458 quid

126 1461 187 1523 tibi
209 1460 377 1542 pollicerer
399 1461 467 1543 ipse
491 1480 589 1544 egens
611 1460 707 1525 rebus
731 1461 889 1545 omnibus,
911 1483 981 1546 nec,
1007 1462 1083 1546 quid

128 1548 308 1631 suaderem,
341 1570 439 1630 quum
470 1548 617 1612 mihimet
652 1549 715 1632 ipsi
748 1549 917 1614 consilium
950 1548 1083 1635 deesset,

127 1657 199 1719 nec,
232 1635 308 1718 quid
340 1636 569 1702 consolationis
603 1635 749 1701 afferrem
780 1638 816 1702 in
846 1637 947 1702 tantis
980 1639 1083 1723 malis,

127 1724 334 1809 reperiebam.
378 1723 467 1789 Haec
495 1746 689 1808 quamquam
715 1725 817 1791 nihilo
845 1725 980 1791 meliora
1006 1730 1083 1791 sunt

127 1835 214 1878 nunc
236 1817 333 1896 atque
356 1813 453 1877 etiam
470 1814 573 1878 multo
592 1813 819 1897 desperatiora,
841 1817 950 1879 tamen
968 1815 1082 1881 inanes

93 1914 197 1967 ‘resse
220 1923 307 1967 meas
329 1901 454 1967 litteras
479 1923 575 1985 quam
602 1901 707 1966 nullas
730 1901 838 1965 malui.
882 1900 970 1987 Ego,
1000 1903 1083 1968 site

59 1988 63 1993 ’
127 1991 341 2075 intelligerem
364 1991 436 2074 plus
459 1994 610 2055 conatum
634 2010 703 2054 esse
726 1989 886 2073 suscipere
909 1990 955 2054 rei
978 1990 1082 2075 publi·

128 2099 184 2141 cae
216 2100 312 2143 causa
339 2079 494 2161 muneris,
526 2099 622 2162 quam
650 2079 806 2161 quantum
833 2081 998 2162 praestare
1027 2100 1082 2164 po-

127 2166 244 2229 tuisses
245 2170 390 2249 ,tamen
408 2166 660 2250 quibuscumque
677 2165 773 2230 rebus
791 2187 928 2250 possem,
951 2166 993 2231 ad
1011 2188 1082 2231 eam

128 2216 349 2318 condicionem
366 2257 399 2318 te
417 2254 554 2336 vivendi,
577 2275 658 2337 quae
678 2254 807 2319 daretur
826 2275 971 2338 quaeque
990 2257 1083 2339 esset,

127 2341 288 2424 hortarer,
320 2339 389 2426 sed,
420 2362 519 2425 quum
551 2341 676 2406 consilii
707 2342 756 2406 tui
781 2342 864 2407 bene
890 2341 1082 2429 fortiterque

129 2430 269 2514 suscepti
296 2450 369 2495 eum
395 2429 455 2493 tibi
482 2428 653 2495 finemsa
603 2430 766 2514 sattueris,
798 2451 892 2514 quem
919 2431 991 2515 ipsa
1016 2431 1082 2497 for·

128 2521 209 2582 tuna
239 2518 412 2583 terminum
443 2519 628 2582 nostrarum
660 2519 904 2584 contentionum
931 2539 1001 2585 esse
1028 2541 1083 2585 vc·

127 2606 254 2690 luisset,
281 2629 337 2672 oro
366 2606 423 2671 obt
408 2609 571 2692 testorque
597 2609 630 2670 te
657 2628 716 2691 pro
738 2610 845 2672 vetere
871 2610 986 2672 nostra
1007 2628 1083 2674 con·

128 2696 292 2760 iunctione
320 2716 357 2759 ac
384 2694 619 2759 necessitudine
645 2716 767 2778 proque
795 2716 920 2760 summa
946 2716 1019 2761 mea
1048 2696 1083 2759 in

128 2786 161 2845 te
184 2783 410 2848 benevolentia
432 2786 465 2847 et
486 2783 602 2847 tuam
623 2804 675 2847 me
692 2783 773 2868 pari,
794 2787 827 2848 te
846 2806 868 2848 u
868 2783 1005 2868 tuobis,
1028 2804 1083 2868 pa-

128 2872 222 2954 renti,
245 2872 375 2958 coniugi
397 2871 525 2955 tuisque
549 2871 711 2955 omnibus,
734 2871 848 2956 quibus
872 2892 905 2935 es
928 2871 1084 2955 fuistique

129 2980 255 3042 semper
281 2960 477 3043 carissimus,
507 2959 632 3024 salvum
659 2979 841 3044 conserves,
867 2959 1084 3025 incolumitati

128 3052 203 3113 tuae
226 3051 428 3132 tuorumque,
451 3047 506 3132 qui
529 3068 567 3111 ex
589 3050 622 3110 te
644 3047 795 3132 pendent,
818 3047 977 3132 consulas,
1001 3068 1085 3132 quae

130 3136 268 3202 didicisti
290 3157 434 3223 quaeque
457 3137 498 3200 ab
522 3134 715 3201 adolescent
690 3138 737 3200 tia
754 3136 967 3219 pulcherrime
991 3157 1011 3200 a
1035 3157 1085 3202 se·

128 3225 338 3309 pientissimis
360 3224 436 3289 viris
459 3224 579 3289 tradita
601 3224 754 3288 memoria
782 3227 814 3288 et
837 3223 971 3288 scientia
998 3245 1085 3289 com·

128 3314 336 3397 prehendisti,
358 3314 397 3377 iis
420 3312 482 3379 hoc
504 3316 649 3397 tempore
671 3316 771 3396 utare,
794 3334 874 3395 quos
893 3312 1086 3378 coniunctos

130 3423 255 3467 summa
289 3401 515 3467 benevolentia
545 3400 755 3485 plurimisque
791 3400 906 3465 officiis
938 3400 1086 3485 amisisti,

128 3509 238 3555 eorum
272 3489 477 3577 desiderium,
509 3490 537 3554 si
563 3510 631 3554 non
657 3509 760 3573 aequo
788 3488 908 3573 anim0,
940 3490 975 3552 at
1005 3488 1085 3556 forti
