2370 3878
350 188 608 244 urrsroutuun
625 187 685 242 ΧΠ.
707 193 747 241 11.
767 192 809 241 14.
994 183 1056 246 391

57 399 61 405 ,
104 335 247 398 triticum
279 333 364 417 apud
395 333 598 397 Dolabellam
626 335 686 395 est:
717 331 782 394 nisi
814 329 890 412 quid
922 327 1058 391 navibus

106 421 359 486 Laodicenorum
376 420 589 503 supportarit,
611 419 674 483 cito
696 417 782 482 fame
800 419 911 500 pereat
928 435 1058 478 necesse

105 513 168 591 est,
194 530 235 573 ne
267 511 456 592 supportare
489 506 606 590 possit,
636 510 670 569 et
701 504 803 570 Cassii
835 505 945 568 classis
976 503 1058 566 bene

105 617 238 681 magna,
265 597 316 660 oui
344 598 472 679 praeest
494 593 645 658 Sextilius
666 593 785 675 Rufus,
814 596 847 656 et
867 595 947 674 tres,
979 611 1058 673 quas

105 706 165 749 nos
184 684 383 767 adduximus,
402 704 472 767 ego,
491 681 663 764 Turullius,
680 680 834 762 Patiscus,
856 680 950 742 facile
968 699 1059 761 prae·

10 844 12 848 ,
107 772 248 836 stabunt.
300 771 345 834 Te
368 771 442 834 volo
469 770 551 833 bene
580 789 708 851 sperare
736 771 768 831 11
794 788 862 830 rem
888 766 1059 849 publicam,

24 895 27 899 ›
106 862 223 924 utros
249 859 322 922 istic
350 857 536 941 expediatis,
562 857 609 918 ita
637 877 696 938 pro
723 858 836 919 nostra
862 858 952 937 parte
981 854 1059 917 cele·

106 947 184 1009 riter
206 967 227 1010 1
253 945 348 1010 nobis
376 945 516 1029 expediri
544 964 639 1026 posse
669 942 837 1006 confidere.
885 940 975 1005 Vale.
1020 939 1060 1005 D.

106 1032 187 1096 ldib.
210 1033 282 1098 Iun.
305 1031 421 1116 Cypro,
445 1054 464 1095 a
488 1030 775 1114 Crommyoacride.

539 1222 627 1288 XIV.

243 1334 299 1388 Ser.
319 1333 424 1403 Pergae
443 1330 490 1387 IV.
509 1332 604 1387 Nonas
622 1332 716 1387 Iunias
735 1348 760 1385 a.
779 1348 806 1386 1.
825 1347 849 1386 c.
869 1335 928 1384 711.

277 1454 469 1510 LENTULUS
488 1453 658 1509 CICERONI
678 1455 746 1509 SUO
765 1454 792 1508 S.
811 1455 841 1507 P.
859 1454 892 1507 D.

176 1553 282 1628 Quum
295 1552 432 1618 Brutum
450 1557 596 1618 nostrum
610 1554 830 1618 convenissem
848 1573 984 1635 eumque
998 1555 1061 1614 tar·
1081 1559 1096 1608 1

109 1641 181 1706 dius
203 1642 239 1704 in
260 1640 373 1706 Asiam
391 1646 563 1706 venturum
583 1642 879 1723 animadverterem,
901 1641 936 1703 in
950 1639 1062 1703 Asiam

109 1729 203 1813 redii,
229 1733 266 1794 ut
288 1731 439 1813 reliquias
466 1730 530 1793 mei
556 1729 676 1794 laboris
703 1730 887 1813 colligerem
914 1731 947 1791 et
969 1748 1062 1809 pecu·

110 1817 198 1880 niam
234 1839 330 1900 quam
362 1818 502 1901 primum
537 1816 675 1881 Romam
710 1817 879 1879 mitterem.
929 1813 1063 1877 Interim

111 1905 249 1988 cognovi
270 1905 306 1968 in
328 1905 427 1989 Lycia
449 1925 519 1969 1111
542 1905 677 1968 classem
698 1902 885 1967 Dolabellae
914 1901 1063 1983 amplius·

112 2013 173 2075 que
196 1995 325 2056 centum
348 2014 447 2056 naves
471 1992 643 2074 onerarias,
665 1991 701 2054 in
719 2011 798 2072 quas
817 1988 973 2052 1111111111
996 1988 1063 2051 1111

111 2079 235 2162 imponi
257 2085 376 2162 posset,
398 2081 493 2162 idque
516 2079 730 2143 Dolabellam*
746 2099 784 2140 ea
806 2080 913 2140 mento
936 2097 1063 2158 compa·

111 2188 209 2249 rasse,
231 2170 276 2249 ut,
299 2169 327 2231 si
349 2167 460 2250 Syriae
488 2188 560 2250 spes
588 2188 661 2230 eum
683 2166 840 2230 frustrata
866 2167 962 2247 essct,
990 2185 1063 2228 con-

47 2269 52 2287 ¹
112 2254 280 2318 scanderet
308 2256 343 2318 in
375 2277 474 2318 naves
502 2259 535 2318 et
560 2255 689 2318 Italiam
714 2257 838 2337 peteret
864 2273 960 2334 seque
992 2272 1065 2316 cum

112 2340 266 2405 Antoniis
294 2347 326 2406 et
353 2343 484 2425 reliquis
511 2343 691 2407 latronibus
721 2342 941 2426 coniungeret:
975 2339 1065 2404 cuius

112 2429 160 2492 rei
181 2433 274 2493 tanto
297 2431 332 2492 in
354 2431 470 2494 timore
496 2429 558 2512 fui,
583 2434 621 2493 11
648 2430 796 2493 omnibus
823 2430 918 2492 rebus
945 2428 1065 2491 relictis

113 2537 187 2580 cum
208 2518 413 2600 paucioribus
441 2520 474 2581 et
495 2517 674 2582 minoribus
695 2517 832 2581 navibus
860 2517 901 2580 ad
923 2517 995 2580 illas
1019 2515 1065 2577 ire

113 2607 250 2668 conatus
277 2605 347 2669 sim.
393 2604 481 2680 Quae
507 2627 572 2689 res,
600 2606 628 2670 si
655 2626 675 2669 a
701 2604 836 2669 Rhodiis
867 2625 935 2666 non
962 2610 1101 2666 essemt

112 2691 350 2777 interpellatus,
384 2693 522 2757 fortasse
554 2696 625 2757 tota
660 2693 787 2757 sublata
824 2692 921 2772 esset,
956 2694 1067 2752 tamen

113 2800 234 2862 magna
266 2801 304 2843 ex
336 2784 427 2863 parte
458 2780 631 2864 profligata
659 2783 722 2862 est,
753 2778 906 2863 quoniam
938 2778 1067 2860 quidem

113 2867 225 2930 classis
249 2867 404 2950 dissipata
426 2871 476 2930 est
497 2868 654 2932 adventus
676 2867 781 2932 nostri
802 2867 926 2949 timore,
948 2867 1066 2930 milites

113 2954 272 3036 ducesque
301 2955 495 3038 effugerunt,
523 2955 687 3019 onerariae
715 2976 826 3031 omnes
854 2953 895 3017 ad
922 2976 1020 3018 unam
1047 2973 1067 3014 a

114 3042 208 3105 nobis
232 3046 310 3106 sunt
332 3045 491 3125 exceptae.
536 3040 685 3107 Certe-
705 3044 791 3126 quod
813 3042 950 3106 maxime
973 3039 1067 3103 timui

114 3164 157 3175 -
180 3129 291 3194 videor
313 3151 382 3194 esse
405 3133 604 3213 consecutus,
625 3134 663 3194 ut
684 3153 752 3194 non
774 3131 877 3214 possit
898 3127 1067 3192 Dolabella
1136 3144 1140 3156 ·

113 3217 149 3280 in
172 3216 301 3281 Italiam
323 3219 489 3301 pervenire
512 3239 572 3282 nec
595 3219 661 3282 suis
685 3219 779 3282 sociis
802 3215 937 3280 firmatis
957 3214 1067 3276 durius

184 3425 237 3495 Ep.
253 3432 294 3494 13,
309 3432 333 3479 4.
361 3444 381 3480 a
399 3426 633 3496 Orommpoacride
652 3424 699 3493 (W
701 3426 726 3491 .).
763 3419 1010 3489 amomumyurride
1029 3418 1068 3472 M.

113 3511 133 3549 a
151 3494 388 3565 Crommyuacride
405 3497 500 3569 vulgo.
