2370 3878
320 195 588 252 *EPISTOLARUM
606 196 679 252 xvl.
699 201 811 251 aa-cr.
869 204 871 209 ·
984 195 1049 259 555

95 340 134 403 de
167 341 351 405 consulibus
384 340 574 426 designatis,
607 363 687 425 quos
720 363 780 426 ego
812 341 942 424 penitus
973 337 1050 404 novi

94 427 264 492 libidinum
296 432 329 492 et
357 429 524 513 languoris
556 429 821 494 effeminalissimi
853 429 953 493 animi
984 429 1050 510 ple·

94 537 167 598 nos,
191 517 245 599 qui
268 517 331 580 nisi
355 539 374 580 a
397 517 622 601 gubernaculis
645 517 848 599 recesserint,
875 517 1050 580 maximum

95 603 136 667 ab
163 605 313 669 universo
341 605 512 689 naufragio
541 605 719 687 periculum
751 608 808 670 esi.
858 604 1085 670 Incredibiler

94 695 152 774 est,
175 713 256 775 quae
280 712 340 777 ego
364 692 437 756 illos
461 692 557 755 sciam
578 692 735 776 oppositis
749 690 916 757 Gallorum
937 692 1049 756 castris

93 780 129 843 in
152 780 282 843 aestivis
308 779 437 862 fecisse,
460 801 540 863 quos
563 780 617 843 ille
639 781 737 862 latro,
763 780 827 844 nisi
854 781 975 863 aliquid
998 780 1049 846 fir·

94 867 177 931 mius
209 867 321 950 fuerit,
352 867 505 931 societate
537 867 689 931 viliorum
716 868 863 931 deleniat.
907 868 971 932 Res
1002 871 1051 932 esi

95 959 152 1019 aui
173 955 354 1019 tribuniciis
374 959 430 1019 aut
448 954 583 1038 privatis
602 954 744 1020 consiliis
765 954 952 1037 munienda3
974 976 1051 1020 nam

94 1044 149 1107 isti
177 1043 240 1108 duo
269 1043 321 1106 vix
349 1046 426 1107 sunl
453 1043 559 1128 digni,
592 1042 709 1126 quibus
740 1043 834 1107 alteri
865 1040 1051 1127 Caesenam,

95 1131 188 1195 alberi
216 1129 480 1196 Cossutianarum
511 1129 720 1195 tabernarum
745 1130 958 1195 fundamenta
985 1151 1049 1196 cre-

95 1218 160 1283 das.
206 1218 265 1303 Te,
292 1222 329 1283 ut
357 1219 434 1302 dixi,
461 1220 530 1284 fero
558 1219 668 1285 oculis.
713 1215 785 1304 Ego
813 1236 870 1283 vos
901 1241 928 1282 a.
952 1218 1049 1283 d.111.

94 1307 134 1370 K.
152 1307 267 1372 videbo
290 1310 427 1391 tuosque
446 1308 564 1391 oculeo,
587 1306 714 1372 etiamsi
731 1311 763 1371 le
782 1308 914 1372 veniens
933 1307 968 1370 in
986 1329 1049 1371 me·

95 1393 148 1458 dic
171 1395 243 1459 foro
266 1395 385 1479 videro,
408 1395 638 1462 dissueviabor.
683 1394 736 1460 Me
759 1416 833 1460 ema
855 1400 884 1460 ei
905 1397 984 1459 vale.

183 1619 340 1690 Ep.27,1.
377 1623 466 1677 animi
488 1622 548 1692 (M,
568 1622 673 1694 vulgo).
721 1620 833 1694 [animi]
859 1621 938 1691 Ern,
957 1622 988 1676 Β.
1026 1627 1050 1676 2.

94 1691 180 1744 scium
198 1692 272 1760 (Wl.
309 1693 365 1747 scic
383 1693 434 1762 M,
453 1693 547 1764 vulgo.
567 1724 601 1733 —
624 1694 816 1749 disruucicbor
833 1693 909 1762 (W.).
949 1693 1050 1748 dissue.

95 1761 159 1815 ΜΒ.
180 1789 213 1802 -
232 1779 296 1818 arna
313 1767 338 1819 et
355 1763 414 1819 cale
432 1763 506 1833 (W.).
543 1780 569 1818 α.
603 1762 669 1819 Vale
686 1763 732 1832 M,
751 1764 846 1835 vulgo.
