2370 3878
240 907 311 974 AD
349 907 606 984 QUINTUM
640 907 905 978 FRATREM

410 1047 520 1103 elsua
541 1047 737 1104 sacuuuus.
767 1106 772 1114 ,

561 1208 586 1275 Ι.

227 1327 283 1382 Scr.
307 1328 412 1383 Romae
434 1344 529 1385 mense
551 1328 698 1384 Decembri
721 1346 745 1385 a.
764 1347 792 1384 u.
815 1347 839 1385 c.
862 1336 922 1386 697.
1010 1378 1020 1395 „

250 1469 396 1526 MARCUS
411 1470 549 1537 QUINTO
563 1471 699 1527 FRATRI
714 1471 895 1527 SALUTEM.

163 1576 358 1664 Epistulam,
388 1601 485 1663 quam
515 1581 636 1666 legisti,
667 1601 762 1645 mane
795 1581 956 1665 dederam3
992 1582 1075 1647 sed:

95 1667 174 1731 fecit
194 1669 379 1733 humaniter
400 1668 552 1751 Licinius,
574 1669 661 1751 quod
683 1669 724 1732 ad
742 1690 793 1732 me
813 1670 911 1734 misso
935 1674 1050 1734 senatu

96 1757 222 1840 vesperi
239 1758 337 1838 venit,
358 1759 405 1839 ut,
427 1757 455 1819 si
473 1756 550 1839 quid
568 1758 653 1819 esset
671 1759 787 1839 actum,
806 1757 847 1820 ad
864 1760 906 1840 te,
925 1758 952 1821 si
970 1758 1050 1821 mihi
1169 1758 1172 1763 ’

96 1844 271 1927 videretur,
296 1844 534 1926 perscriberem.
584 1841 721 1907 Senatus
753 1843 817 1908 fuit
841 1844 1050 1929 frequentior,

97 1954 193 2016 quam
220 1935 408 2016 putaremus
441 1952 509 2003 esse
536 1953 632 2015 posse
659 1952 769 1995 mense
792 1931 962 1996 Deccmbri
989 1933 1048 1997 sub

97 2021 163 2084 dies
186 2020 295 2085 festos.
341 2018 532 2084 Consulares
559 2041 620 2084 nos
642 2019 762 2083 fuimus
790 2023 822 2083 et
845 2019 907 2086 duo
936 2042 1049 2085 oonsu-

96 2110 142 2172 les
171 2109 345 2194 designati,
376 2106 411 2172 P.
439 2106 605 2190 Servilius,
636 2106 679 2170 M.
707 2107 874 2191 Lucullus,
900 2108 1050 2193 Lepidus,

96 2196 273 2280 Volcatius,
295 2195 436 2281 Glabrio,
457 2199 631 2280 praetores.
677 2193 762 2259 Sane
781 2196 965 2279 frequentes
988 2197 1049 2261 fui·

96 2300 180 2348 mus:
218 2286 350 2350 omnino
383 2284 424 2348 ad
456 2300 506 2349 cc.
560 2281 747 2348 Commorat
777 2285 1048 2368 exspectationem

97 2372 220 2456 Lupus:
253 2374 321 2457 egit
348 2394 477 2437 oausam
505 2373 575 2457 agri
603 2369 760 2455 Campani
787 2393 865 2437 sane
888 2377 1048 2457 accurate3

96 2462 224 2526 auditus
242 2465 293 2526 est
309 2481 428 2546 magno
448 2461 584 2525 silentio.
620 2459 791 2524 Materiam
808 2461 854 2524 rei
872 2483 939 2526 non
956 2462 1048 2545 igno·

95 2573 160 2614 ras:
188 2550 269 2613 nihil
292 2571 331 2613 ex
352 2549 472 2614 nostris
496 2549 677 2613 actionibus
698 2549 923 2632 praetermisit.
967 2547 1048 2612 Fue-

95 2643 172 2703 runt
198 2639 348 2703 nonnulli
375 2639 478 2703 aculei
500 2638 535 2701 in
563 2635 755 2720 Caesarem,
774 2636 986 2701 contumeliae
1013 2637 1049 2700 in

96 2725 248 2809 Gellium,
289 2726 562 2810 expostulationes
604 2745 676 2788 curn
716 2724 849 2789 absente
884 2723 1048 2809 Pompeio.

96 2812 201 2877 Causa
228 2834 298 2877 sero
326 2816 476 2896 perorata
507 2812 684 2876 sententias
717 2833 750 2875 se
777 2815 966 2898 rogaturum
993 2835 1048 2877 ne·

96 2901 198 2985 gavit,
229 2922 270 2964 ne
303 2901 388 2982 quod
416 2921 498 2964 onus
529 2899 702 2972 simultatis
729 2901 824 2965 nobis
855 2901 1047 2985 imponeret:
1168 2952 1172 2961 .

96 3011 133 3053 ex
157 2988 357 3072 superiorum
378 2991 560 3071 temporum
587 2987 739 3052 conviciis
766 2991 799 3056 et
825 3010 863 3053 ex
886 2989 1048 3072 praesenti

95 3077 232 3160 silentio,
255 3076 333 3158 quid
356 3080 486 3140 senatus
509 3076 651 3159 sentiret,
674 3095 708 3140 se
730 3076 919 3160 intelligere.
957 3075 1048 3141 Dixit
1158 3122 1166 3133 ·

95 3163 182 3228 Milo.
227 3161 343 3248 Coepit
370 3164 538 3229 dimittere.
584 3163 667 3229 Tum
689 3163 909 3248 Marcellinus,
936 3162 1048 3250 „noli“,

164 3390 215 3462 Ep.
236 3398 299 3460 1,1.
335 3393 440 3460 swimm
457 3398 483 3448 et
501 3393 535 3449 P.
559 3392 692 3450 emulus
771 3391 899 3461 Glabrio,
913 3390 968 3450 deso
985 3405 1056 3449 eoae

91 3463 163 3517 sales
181 3464 244 3530 des„
257 3465 396 3534 praetorii
414 3463 521 3534 (80th
945 3522 950 3529 Α
