2370 3878
129 138 169 202 78
408 138 445 192 M.
465 136 589 192 TULLII
607 135 797 192 CICERONIS

127 306 190 369 eas,
213 305 292 368 quas
315 282 375 347 tibi
397 282 488 347 reddi
510 283 614 346 velim.
651 281 700 346 De
723 281 852 346 Parthis
876 281 963 365 quod
986 304 1082 366 quae-

125 372 180 456 ris,
201 372 301 436 fuisse
323 371 430 435 nullos
453 373 546 455 put03
568 370 693 434 Arabes
715 371 769 453 qui
787 370 920 434 fuerunt
938 370 1081 436 admixto

125 460 277 526 Parthico
300 462 427 543 ornatu,
449 459 599 523 dicuntur
621 479 732 523 omnes
750 459 931 541 revertisse3
954 458 1082 524 hostem

126 570 195 613 esse
217 549 253 612 in
272 545 363 632 Syria
381 551 505 632 negant
522 547 632 611 ullum.
669 546 718 610 Tu
736 546 832 610 velim
851 546 892 610 ad
913 567 966 610 me
984 568 1082 630 quam

126 637 310 721 saepissime
339 639 371 700 et
398 636 436 700 de
459 636 524 700 tuis
551 635 647 700 rebus
671 634 791 699 scribas
818 638 851 699 et
878 635 917 699 de
945 635 1026 699 meis
1049 638 1083 699 et

126 726 165 790 de
189 726 277 790 omni
299 725 345 788 rei
367 723 515 808 publicae
543 727 643 807 statu,
672 723 710 787 de
738 745 801 806 quo
830 744 901 786 sum
925 723 1083 787 sollicitus

127 834 164 877 eo
187 814 305 898 magis,
333 812 419 896 quod
443 833 481 876 ex
502 812 567 876 tuis
590 811 707 876 litteris
730 811 868 895 cognovi
890 809 1081 896 Pompeium

126 904 273 966 nostrum
295 901 331 964 in
353 898 546 984 Hispaniam
567 900 696 964 iturum.

572 1110 630 1177 IX.

126 1224 183 1279 Ser.
198 1224 353 1279 Laodiceae
367 1239 461 1278 mense
475 1223 627 1276 Februario
639 1222 727 1346 pipper
740 1222 805 1276 Idus
820 1224 848 1277 et
857 1221 903 1277 VI.
913 1221 976 1277 Kal.
986 1222 1083 1292 Mart.)

506 1309 530 1345 a.
549 1311 576 1345 u.
596 1308 618 1346 e.
692 1333 697 1344 .

353 1416 396 1470 M.
416 1414 543 1470 CICERO
562 1414 618 1470 ΑΡ.
638 1414 807 1471 PULCHRO
826 1416 853 1471 S.

92 1527 106 1575 1
194 1513 257 1579 Vix
288 1515 419 1578 tandem
449 1516 516 1601 legi
546 1515 670 1579 litteras
703 1515 817 1599 dignas
844 1514 907 1599 Ap.
937 1513 1082 1600 Claudio,

126 1603 239 1686 plenas
270 1602 496 1686 humanitatis
528 1603 639 1687 officii,
671 1603 865 1688 diligentiae.
919 1603 1083 1688 Aspectus

127 1690 275 1754 videlicet
292 1691 381 1754 urbis
400 1691 461 1754 tibi
478 1695 569 1755 tuam
587 1691 757 1775 pristinam
775 1692 993 1756 urbanitatem
1011 1693 1081 1758 red-

128 1778 220 1842 didit:
243 1801 329 1864 nam,
349 1801 428 1863 quas
443 1800 481 1843 ex
495 1779 619 1863 itinere,
637 1783 811 1862 antequam
829 1800 867 1842 ex
881 1778 962 1844 Asia
975 1801 1081 1865 egres·

128 1889 181 1931 sus
205 1890 247 1951 es,
271 1867 311 1931 ad
334 1889 385 1932 me
407 1868 531 1932 litteras
550 1867 675 1950 misisti,
697 1889 779 1930 unas
798 1867 837 1931 de
857 1868 973 1952 legatis
992 1890 1011 1932 a
1029 1890 1081 1933 me

127 1956 297 2038 prohibitis
325 1955 497 2040 proficisci,
527 1957 645 2021 alteras
673 1956 712 2019 de
739 1954 964 2038 Appianorum
996 1956 1081 2021 aedi-

127 2043 277 2107 ficatione
291 2044 453 2128 impedita,
467 2045 532 2129 legi
545 2045 738 2129 perinvitus3
760 2045 869 2126 itaque
884 2044 1082 2108 conscientia

128 2152 217 2195 meae
250 2132 428 2196 constantis
460 2152 537 2217 erga
567 2135 600 2196 te
632 2131 809 2197 voluntatis
840 2131 988 2216 rescripsi
1020 2133 1082 2196 tibi

129 2219 299 2283 subiratus.
344 2218 388 2283 Iis
415 2240 491 2284 vero
518 2220 634 2283 litteris
660 2219 766 2302 lectis²
794 2241 873 2302 quas
896 2219 1082 2305 Philotim0,

128 2308 243 2372 liberto
271 2328 356 2391 meo,
384 2306 513 2389 dedisti,
545 2306 682 2392 cognovi
709 2307 914 2390 intellexique
941 2308 976 2371 in
1008 2330 1081 2392 pro·

128 2395 235 2459 vincia
256 2396 376 2459 multos
399 2395 507 2480 fuisse,
530 2395 677 2479 quinos,
700 2415 763 2479 quo
787 2395 894 2459 animo
913 2395 999 2460 inter
1020 2418 1083 2461 nos

129 2505 252 2567 sumus,
279 2505 348 2548 esse
375 2483 513 2567 nollent,
540 2483 581 2547 ad
608 2484 720 2547 urbem
746 2504 822 2548 vero
845 2485 884 2547 ut
910 2484 1083 2548 accesseris

128 2573 179 2636 vel
201 2573 309 2657 potius
332 2576 369 2637 ut
391 2572 531 2656 primurn
552 2575 626 2636 tuos
649 2571 780 2655 videris,
808 2591 965 2656 cognosse
986 2575 1019 2636 te
1043 2593 1083 2636 ex

128 2661 181 2745 iis,
204 2662 325 2744 quain
347 2665 380 2725 te
403 2660 570 2724 absentem
591 2660 668 2745 fide,
696 2681 759 2743 qua
781 2660 817 2723 in
839 2660 988 2724 omnibus
1012 2659 1082 2725 offi-

129 2749 186 2812 ciis
208 2749 337 2813 tuendis
360 2769 438 2833 erga
459 2752 492 2811 te
515 2748 720 2813 observantia
743 2750 776 2812 et
798 2748 982 2812 constantia
1003 2748 1083 2812 fuis·

130 2857 205 2900 sem.
241 2833 354 2919 Itaque
378 2836 491 2919 quanti
512 2836 592 2900 illud
614 2858 665 2901 me
685 2836 854 2901 aestimare
872 2839 977 2921 patae,
995 2837 1083 2920 quod

129 2928 179 2988 est
200 2923 236 2987 in
257 2924 322 2988 tuis
344 2925 460 2989 litteris
483 2925 646 3010 scriptum,
669 2925 696 2989 si
719 2923 795 3008 quid
817 2924 974 3008 inciderit,
997 2924 1084 3008 qnod

130 3013 171 3076 ad
193 3032 298 3076 meam
321 3012 512 3098 dignitatem
530 3014 699 3097 pertineat,
722 3012 782 3076 etsi
804 3013 858 3076 rix
879 3010 949 3076 fieri
972 3012 1085 3096 possit,

129 3105 238 3165 tamen
265 3104 298 3164 te
325 3122 436 3185 parem
463 3101 543 3165 mihi
571 3103 708 3186 gratiam
731 3100 920 3164 relaturum!
947 3104 985 3164 tu
1007 3121 1083 3165 vero

129 3189 224 3253 facile
246 3189 359 3272 facies3
385 3189 468 3253 nihil
491 3192 540 3253 est
563 3190 662 3272 enim,
689 3188 775 3271 quod
802 3187 909 3253 studio
933 3192 966 3252 et
987 3189 1083 3252 bene·

93 3278 272 3343 evolantia
294 3278 346 3342 rel
373 3298 481 3342 amore
508 3276 616 3360 potius
639 3277 723 3341 effici
749 3297 817 3341 non
843 3275 956 3360 possit.
1000 3275 1085 3361 Ego,

130 3367 190 3429 etsi
214 3366 336 3451 etipse
359 3366 406 3430 ita
428 3364 610 3430 iudicabam
633 3367 666 3428 et
687 3363 804 3427 fiebam
827 3365 938 3429 erebro
962 3386 982 3428 a
1004 3365 1085 3428 meis

128 3475 186 3536 per
206 3454 333 3518 litteras
357 3454 482 3537 certior,
504 3457 614 3517 tamen
637 3451 809 3518 maximam
831 3453 989 3517 laetitiam
1014 3453 1084 3538 cepi
