2370 3878
275 202 280 215 ·
313 183 572 238 EPISTULARUM
590 182 624 236 V.
645 188 687 237 16.
708 189 748 237 17.
947 179 1009 244 147

49 330 233 414 posteriora
256 332 364 392 autem
386 350 437 392 me
465 350 485 391 a
507 326 676 391 scribendo
703 326 768 389 tuis
791 325 1009 390 iniustissimis

51 422 151 501 atque
174 416 386 482 acerbissimis
406 415 622 481 incommodis
644 414 859 479 retardarunt.
905 412 1010 489 Quum

50 526 130 587 vero
161 509 196 569 ct
226 504 433 569 intervallum
464 505 529 567 iam
561 503 639 567 satis
670 504 805 586 longum
836 502 951 565 fuisset
978 506 1011 566 et

50 597 144 659 tuam
170 593 324 657 virtutem
350 591 513 674 animique
540 590 796 674 magnitudinem
824 589 1010 674 diligentius

52 702 157 745 essem
178 701 305 745 mecum
327 679 528 762 recordatus,
555 700 623 743 non
640 677 753 762 putavi
776 698 844 742 csse
868 678 1010 742 alienum

50 769 211 833 institutis
234 768 314 832 meis
336 767 416 832 haec
440 767 480 831 ad
503 770 536 830 te
559 766 709 830 scribere:
733 786 793 850 ego
812 769 854 848 te,
876 764 910 830 P.
926 764 1010 850 Sitti,
1028 782 1044 830 a

52 860 87 921 et
108 856 221 940 primis
243 855 443 938 temporibus
466 855 544 937 illis,
571 854 687 937 quibus
714 854 750 917 in
777 852 932 917 invidiam
955 855 1009 918 ab·

52 964 128 1008 sens
151 944 241 1007 etin
265 944 386 1008 crimen
413 942 583 1025 vocabere,
611 940 741 1005 defendi
768 943 812 1025 et,
841 962 939 1023 quum
960 943 1010 1006 tui

51 1030 296 1097 familiarissimi
317 1031 435 1095 iudicio
459 1051 497 1093 ac
519 1029 662 1112 periculo
685 1032 778 1093 tuum
796 1029 917 1093 crimen
935 1050 1009 1093 con·

51 1120 250 1204 iungeretur,
271 1124 310 1183 ut
331 1118 424 1202 potui
447 1116 684 1181 accuratissime
706 1120 739 1180 te
761 1119 913 1199 tuamque
937 1137 1010 1181 cau·

53 1229 123 1272 sam
145 1210 270 1273 tutatus
294 1228 365 1270 sum
392 1208 425 1269 et
446 1205 591 1288 proxime
617 1205 739 1269 recenti
766 1204 905 1268 adventu
928 1226 1010 1288 mee,

52 1317 154 1379 quum
179 1317 248 1359 rem
276 1295 370 1359 aliter
400 1293 584 1358 institutam
612 1293 829 1376 offendissem,
861 1314 898 1356 ac
929 1293 1010 1357 mihi

52 1383 241 1468 placuisset,
264 1383 292 1446 si
315 1382 491 1466 affuissem,
512 1386 622 1446 tamen
644 1383 735 1446 nulla
757 1403 791 1445 re
815 1381 912 1445 saluti
933 1384 1009 1445 tuae

51 1470 155 1555 defui,
183 1492 345 1554 quumque
373 1492 410 1535 eo
438 1474 583 1553 tempore
609 1470 731 1534 invidia
758 1491 920 1553 annonae,
948 1471 1008 1533 ini·

51 1559 128 1622 mici
147 1580 215 1623 non
233 1560 338 1623 solum
356 1559 414 1642 tui,
431 1580 542 1623 verum
560 1558 658 1622 etiam
676 1558 853 1623 amicorum
870 1561 1009 1641 tuorum,

52 1646 209 1729 iniquitas
239 1647 340 1711 totius
367 1647 477 1711 iudicii
508 1647 672 1730 multaque
701 1647 764 1710 alia
792 1647 839 1710 rei
861 1646 1008 1729 publicae

52 1734 133 1798 vitia
164 1735 239 1818 plus
270 1756 368 1818 quam
394 1755 492 1799 causa
519 1735 589 1819 ipsa
616 1734 797 1817 veritasque
824 1735 1009 1816 valuissent,

52 1821 170 1887 Publio
197 1825 255 1886 tuo
287 1843 390 1905 neque
418 1844 517 1906 opera
543 1843 647 1905 neque
675 1822 809 1887 consilio
837 1843 940 1904 neque
962 1822 1008 1884 la-

52 1909 132 1974 bore
155 1931 259 1993 neque
283 1910 388 1994 gratia
415 1930 518 1992 neque
541 1910 727 1974 testimonio
750 1909 847 1972 defui.
892 1907 1043 1982 Quam-3

53 1997 166 2061 obrem
196 1998 344 2062 omnibus
373 1997 487 2061 officiis
519 1997 679 2061 amicitiae
709 1995 879 2080 diligenter
911 2019 930 2058 a
958 2017 1008 2059 me

53 2089 228 2168 sancteque
251 2086 385 2150 servatis
407 2107 448 2149 ne
471 2085 533 2149 hoc
548 2084 676 2167 quidem
688 2085 1009 2167 praetermittendum

53 2193 124 2236 esse
147 2173 237 2257 duxi,
258 2176 291 2237 te
313 2176 351 2237 ut
372 2173 520 2237 hortarer
542 2194 766 2257 rogaremque,
792 2175 830 2236 ut
852 2175 885 2236 et
907 2174 1008 2237 homi·

52 2281 129 2324 nem
147 2264 179 2324 te
199 2263 233 2324 ct
249 2261 354 2325 virum
373 2282 442 2325 esse
460 2261 669 2344 meminisses,
686 2261 720 2324 id
738 2264 796 2344 est,
817 2263 855 2324 ut
873 2264 905 2324 ct
924 2283 1007 2325 com·

52 2369 184 2413 munem
222 2349 442 2433 incertumque
478 2370 601 2433 casum,
638 2370 732 2432 quem
767 2370 871 2433 neque
906 2350 1008 2413 vitare

53 2437 224 2519 quisquam
246 2441 394 2502 nostrum
416 2458 476 2501 nec
497 2441 662 2521 praestare
684 2438 751 2502 ullo
774 2441 869 2520 pacto
892 2441 1008 2521 potest,

53 2525 215 2608 sapienter
236 2525 337 2590 ferres
360 2528 393 2589 et
416 2525 519 2590 dolori
546 2526 673 2590 fortiter
695 2547 733 2591 ac
759 2526 909 2590 fortunae
931 2526 1008 2589 resi-

52 2616 153 2677 stores
182 2614 405 2699 cogitaresque
432 2617 466 2678 ct
492 2614 528 2677 in
549 2618 662 2679 nostra
685 2614 814 2678 civitate
842 2616 874 2677 et
900 2613 936 2676 in
959 2634 1007 2676 ce·

50 2701 143 2785 teris,
176 2723 257 2786 quae
283 2723 391 2767 rerum
421 2701 544 2785 potitae
572 2705 661 2785 sunt,
687 2701 797 2766 multis
824 2700 1008 2765 fortissimis

51 2792 149 2873 atque
173 2791 303 2874 optimis
327 2790 403 2854 viris
426 2790 554 2854 iniustis
581 2789 707 2854 iudiciis
734 2790 816 2854 tales
844 2810 937 2855 casus
959 2790 1007 2854 in·

51 2877 176 2942 cidisse.
222 2877 306 2943 Illud
329 2879 454 2942 utinam
481 2900 522 2942 ne
549 2900 623 2943 vere
647 2879 831 2962 scriberem,
857 2899 896 2943 ea
917 2883 950 2943 te
973 2901 1007 2943 re

50 2965 182 3047 publica
204 2986 326 3050 carere,
352 2966 388 3029 in
415 2988 478 3049 qua
504 2967 666 3032 neminem
688 2967 880 3050 prudentem
905 2968 1007 3032 homi·

51 3072 128 3114 nem
150 3073 201 3115 res
223 3053 290 3117 ulla
312 3053 461 3117 delectet!
506 3053 555 3118 De
577 3059 635 3119 tuo
658 3058 767 3119 autem
788 3054 865 3139 filio,
887 3076 1007 3137 vereor,
1026 3075 1044 3123 4

50 3160 108 3220 ne,
136 3138 164 3202 si
190 3138 272 3202 nihil
294 3139 335 3203 ad
357 3143 390 3203 te
414 3141 607 3226 scripserim,
635 3142 778 3207 debitum
805 3144 873 3208 eius
895 3143 1007 3208 virtuti

50 3225 162 3292 videar
184 3226 406 3291 testimonium
426 3250 495 3295 non
518 3230 655 3314 dedisse,
685 3231 736 3295 sin
759 3236 866 3296 autem
890 3231 1007 3315 omnia,

68 3506 97 3559 ul
119 3435 173 3561 ἕρ.
196 3441 237 3504 17,
252 3441 276 3490 2.
314 3452 399 3505 quum
416 3439 460 3492 tui
476 3439 564 3506 famil.
585 3439 659 3508 (Ν).
705 3456 789 3508 quum
810 3441 843 3493 iu
860 3440 904 3494 tui
921 3440 941 3505 f.
960 3439 1007 3506 M,

49 3525 67 3560 v
100 3524 144 3576 g.

753 3601 812 3655 lb*
