2370 3878
96 151 146 207 DE
160 150 359 208 PETITIONE
373 150 523 207 CONSUL.
538 150 588 206 AD
601 151 639 206 M.
653 150 830 205 FRATREM
840 156 953 206 31-36.
985 149 1054 214 655

97 318 226 381 quoque
248 296 425 362 curandum
452 299 514 379 est,
540 300 578 360 ut
604 296 792 380 quotidiana
818 295 971 380 cuiusque
998 317 1052 381 ge-

96 385 183 449 neris
212 388 245 448 et
271 385 393 450 ordinis
424 387 458 448 et
484 384 600 448 aetatis
631 388 722 448 utare
748 384 943 466 frequentia,
975 405 1052 448 nam

97 495 136 536 ex
159 495 197 538 ea
220 473 290 557 ipsa
313 473 407 557 copia
428 471 612 538 coniectura
638 471 708 536 fieri
735 472 868 555 poterit,
895 474 1052 556 quantum

97 562 141 624 sis
168 561 204 625 in
230 563 301 646 ipso
330 582 443 644 campo
470 560 586 624 virium
614 581 651 623 sc
677 560 841 625 facultatis
872 560 1051 625 habiturus.

96 648 202 714 Huius
229 654 338 713 autem
369 650 416 712 rei
447 651 513 712 tres
540 652 649 733 partes
681 651 769 712 sunt:
800 670 866 712 una
897 649 1051 713 salutato·

62 792 65 797 .
96 759 178 821 rum,
208 737 311 801 altera
343 736 565 820 deductorum,
594 736 691 800 tertia
718 739 958 801 assentatorum.
1011 734 1051 801 In
1065 757 1096 800 ss

97 825 338 908 salutatoribus,
361 825 416 908 qui
438 825 542 909 magis
565 825 714 910 vulgares
738 827 815 887 sunt
837 828 871 887 et
890 825 952 889 hae
976 847 1051 890 con·

97 912 279 996 suetudine,
315 934 398 997 quae
433 933 520 977 nunc
555 917 620 996 est,
660 913 768 997 plures
804 912 954 994 veniunt,
988 913 1051 978 hoc

97 1000 301 1065 efficiendum
333 1004 396 1085 est,
426 1005 464 1065 ut
489 1001 552 1066 hoc
578 1002 685 1086 ipsum
711 1000 880 1065 minimum
909 1000 1052 1064 officium

97 1109 209 1153 eorum
243 1089 305 1153 tibi
343 1089 563 1174 gratissimum
598 1111 666 1154 esse
702 1088 861 1154 videatur:
900 1088 957 1172 qui
997 1087 1051 1153 do·

96 1199 185 1241 mum
212 1180 302 1242 tuam
329 1177 473 1262 venient,
503 1177 544 1242 iis
571 1177 752 1263 significato
789 1180 821 1240 te
853 1176 1053 1241 animadver-

96 1269 177 1348 tere3
205 1287 317 1330 eorum
339 1265 464 1349 amicis,
486 1265 542 1350 qui
564 1265 627 1330 illis
654 1265 854 1350 renuntient,
881 1263 1055 1348 ostendito,

98 1375 192 1438 saepe
210 1353 290 1438 ipsis
308 1354 414 1420 dicito
451 1353 504 1418 Sic
521 1354 669 1419 homines
687 1375 791 1439 saepe,
814 1374 912 1438 quum
930 1353 1053 1418 obeunt

97 1443 205 1524 plures
233 1443 459 1527 competitores
486 1442 657 1507 strident
683 1464 784 1506 unum
812 1463 881 1507 esse
904 1442 1053 1525 aliquem,

98 1531 153 1614 qui
184 1530 265 1594 haec
296 1530 403 1595 officia
429 1530 566 1595 maxime
598 1529 846 1615 animadvertat,
875 1530 904 1594 ei
935 1551 969 1594 se
999 1530 1051 1593 dc·

97 1619 192 1703 dunt,
214 1618 367 1684 deserunt
388 1622 525 1704 ceteros,
551 1619 736 1684 minutatim
763 1641 802 1682 cx
828 1618 1052 1684 communibus

95 1707 227 1791 proprii,
250 1730 288 1771 ex
311 1707 430 1772 fucosis
448 1707 533 1772 firmi
552 1707 780 1792 suffragatores
801 1706 950 1771 evadunt.
981 1705 1052 1770 Iam

96 1796 176 1859 illud
198 1799 308 1859 teneto
332 1795 517 1879 diligenter,
540 1795 567 1858 si
590 1816 677 1879 eum,
700 1794 755 1878 qui
777 1795 837 1859 tibi
859 1793 1051 1878 promiserit,

97 1883 235 1947 audieris
267 1883 391 1965 fucum,
422 1886 459 1946 ut
485 1882 615 1965 dicitur,
646 1882 752 1946 facere
783 1882 864 1946 velle
897 1886 954 1945 aut
980 1903 1052 1945 sen·
1089 1955 1100 1975 ο

98 1971 191 2057 seris,
216 1974 255 2035 ut
275 1974 309 2035 te
331 1970 364 2034 id
388 1970 514 2035 audisse
539 1975 595 2035 aut
618 1970 697 2034 scire
725 1971 919 2055 dissimules,
946 1970 973 2034 si
997 1970 1052 2054 qui

96 2060 156 2123 tibi
180 2080 214 2124 se
235 2080 376 2144 purgare
398 2059 498 2142 volet,
525 2059 610 2142 quod
638 2062 822 2142 suspectum
849 2080 918 2123 esse
944 2078 976 2123 se
1002 2080 1051 2122 ar·

96 2147 247 2231 bitretur,
274 2148 414 2211 affirmes
440 2152 473 2210 te
501 2146 540 2211 de
566 2147 654 2211 illius
680 2147 848 2211 voluntate
874 2168 1052 2231 numquam

97 2235 260 2300 dubitasse
291 2256 352 2301 nco
387 2234 503 2299 debere
539 2235 699 2318 dubitare;
734 2235 763 2299 is
795 2235 894 2318 enim,
930 2236 986 2318 qui
1017 2257 1051 2299 se

96 2345 164 2388 non
190 2327 286 2408 putat
316 2323 515 2407 satisfacere,
545 2324 668 2387 amicus
699 2323 788 2387 nullo
816 2323 912 2388 modo
943 2327 1052 2407 potest

97 2433 175 2477 csse.
220 2409 309 2476 Scire
332 2415 440 2475 autem
464 2415 600 2495 oportet,
624 2433 687 2495 quo
711 2411 845 2495 quisque
867 2412 975 2477 animo
999 2412 1052 2495 sit,

95 2504 147 2584 ut,
182 2504 339 2584 quantum
371 2500 485 2584 cuique
518 2500 674 2585 confidas,
710 2501 905 2565 constituere
937 2500 1051 2584 possis.

95 2588 166 2653 Iam
202 2588 413 2653 deductorum
448 2588 602 2671 officium,
638 2610 702 2672 quo
734 2589 838 2652 maius
869 2591 919 2652 est
955 2610 1051 2671 quam
1064 2618 1095 2659 aa

96 2678 322 2761 salutatorum,
353 2676 416 2741 hoc
446 2677 571 2762 gratius
601 2676 662 2740 tibi
693 2697 763 2740 esse
794 2676 975 2761 significato
1003 2680 1051 2739 at·

95 2787 157 2848 que
185 2766 347 2830 ostendito
379 2769 426 2849 et,
456 2765 563 2848 quoad
595 2765 662 2827 eius
691 2765 761 2829 fieri
791 2765 923 2849 poterit,
956 2765 1051 2829 certis

94 2852 294 2936 temporibus
321 2852 519 2917 descendito:
550 2872 703 2937 magnam
734 2853 827 2917 affert
856 2854 1051 2937 opinionem,

96 2961 248 3026 magnam
280 2939 472 3026 dignitatem
498 2940 687 3025 quotidiana
713 2941 748 3005 in
775 2942 960 3006 deducendo
987 2942 1050 3019 fres

165 3140 190 3201 9,
205 3139 248 3187 34.
284 3137 364 3189 utare
379 3133 535 3202 [resumtis
559 3134 586 3200 (2
605 3133 667 3188 edd.
686 3133 825 3202 Palenni).
870 3150 912 3200 a,
931 3089 984 3187 om.
1002 3134 1049 3201 fr,

93 3201 165 3270 Μ,
183 3203 278 3274 vulgo.
305 3233 341 3244 -
367 3205 464 3270 solut,
491 3204 579 3258 altero
605 3205 681 3272 (Ψ).
726 3221 747 3258 s.
772 3206 864 3274 [quum
882 3206 991 3259 domm
1007 3220 1049 3260 oe·

93 3274 202 3344 nisan,
224 3292 251 3328 o.
278 3272 348 3344 (Or,
367 3274 596 3343 B.).-3t.faccre
621 3276 687 3330 velle
709 3281 759 3329 out
786 3274 840 3343 (cd.
860 3275 961 3342 Turn.,·
985 3275 1047 3331 edd.

93 3347 171 3411 vett,
190 3344 240 3398 scd
257 3359 312 3399 om.
334 3348 403 3414 out).
447 3346 538 3412 ficut
559 3345 629 3413 nrf.;
653 3352 669 3399 2
689 3345 781 3412 Grut,
805 3346 855 3400 scd
877 3345 899 3400 ii
920 3349 998 3401 trans
1020 3362 1048 3401 o·

94 3414 148 3469 sito
166 3415 290 3471 audieris
306 3419 372 3485 post
388 3416 493 3484 facem
510 3415 541 3470 B.
577 3417 667 3483 facere
684 3417 749 3471 celle
766 3416 886 3485 Bonon,
903 3416 986 3486 Crat,
999 3364 1052 3486 bl,

92 3485 195 3541 omisso
214 3485 337 3542 aecimis
354 3492 411 3542 aut.
447 3487 513 3541 celle
530 3488 652 3542 cedimis
670 3490 720 3541 out
738 3486 786 3556 (W
787 3490 822 3558 .)?
