2370 3878
128 126 170 190 96
408 127 444 181 Μ.
465 126 588 181 TULLII
607 125 796 182 CICERONIS

128 292 237 338 euram
264 275 360 354 atque
392 292 523 355 operam
555 271 596 335 ad
627 270 866 355 philosophiam
898 271 1090 339 contulisse.

128 361 215 424 Tuae
244 359 395 424 scientiae
428 358 595 425 excellenti
623 381 660 423 ac
692 359 849 445 singulari
880 380 949 425 non
978 361 1089 428 miilto

126 450 199 532 plus
232 470 328 531 quam
359 451 489 513 nostrae
520 448 667 513 relictum
700 452 749 512 est
779 446 855 531 loci3
888 469 986 532 quare
1015 470 1089 515 non

128 536 275 620 equidem
296 539 329 601 te
351 557 482 621 moneo,
510 537 565 601 sed
588 536 668 600 mihi
694 536 741 600 ita
763 536 921 621 persuasi,
947 540 981 602 te
1005 560 1088 621 quo·

128 647 189 709 que
211 625 247 689 in
268 624 381 689 iisdem
403 625 523 689 versari
550 625 661 709 rebus,
694 645 789 708 quae,
821 624 948 690 etiamsi
974 626 1088 692 minus

127 713 329 798 prodessent,
358 713 501 777 animum
528 716 639 778 tamen
665 734 685 777 a
708 712 923 778 sollicitudine
946 712 1087 780 abduce-

126 806 208 866 rent.
254 799 382 867 Servius
415 801 544 885 quidem
574 805 650 866 tuus
681 801 717 865 iu
749 801 899 866 omnibus
930 802 1086 886 ingenuis

128 890 250 954 artibus
272 890 309 955 in
330 890 504 975 primisque
527 890 562 954 in
582 889 661 974 hac,
675 889 711 953 in
733 911 797 974 qua
815 910 876 976 ego
893 910 945 955 me
968 890 1086 975 scripsi

128 979 340 1064 acquiescere,
372 979 418 1044 ita
450 981 608 1062 versatur,
639 981 677 1042 ut
704 978 850 1061 excellat3
877 999 897 1043 a
924 999 1083 1045 macero

128 1068 173 1132 sic
201 1067 356 1153 diligitur,
388 1071 426 1132 ut
451 1066 512 1131 tibi
534 1067 591 1131 uni
614 1066 801 1150 concedam,
832 1070 1000 1150 praeterea
1027 1088 1084 1133 ne·

127 1156 220 1238 mini,
251 1156 393 1239 mihique
421 1155 462 1218 ab
491 1177 528 1220 eo
557 1154 662 1240 gratia
687 1154 838 1238 refertur,
869 1154 905 1218 in
931 1175 995 1238 quo
1028 1156 1084 1220 ille

128 1244 297 1328 existimat,
321 1243 406 1326 quod
429 1242 522 1306 facile
541 1246 705 1327 appareat,
726 1243 852 1326 tquum
870 1263 922 1307 me
941 1243 1028 1309 colat
1050 1248 1084 1309 et

128 1332 288 1414 observet,
315 1331 376 1394 tibi
399 1351 525 1414 quoque
547 1331 583 1394 in
605 1351 642 1395 eo
667 1352 700 1394 se
723 1329 828 1395 facere
851 1330 1083 1417 gratissimum.

571 1522 628 1589 IV.

105 1612 108 1617 .
194 1635 250 1691 Ser.
269 1635 375 1691 Romae
394 1635 512 1691 exeunte
530 1652 624 1691 mense
643 1635 800 1711 Septembri
819 1651 843 1691 a.
862 1653 890 1691 u.
909 1651 932 1691 c.
953 1641 1012 1692 708.

315 1760 352 1814 M.
373 1757 501 1814 CICERO
522 1757 548 1813 S.
567 1757 601 1814 D.
620 1757 696 1813 SER.
717 1757 888 1815 SULPICIO.

93 1870 107 1917 1
192 1855 326 1946 Accipio
359 1859 597 1925 excusationem
619 1862 723 1945 tuam,
755 1881 818 1944 qua
849 1879 927 1924 usus
950 1879 997 1944 es,
1025 1879 1082 1924 our

127 1950 254 2033 saepius
282 1950 399 2016 adme
426 1949 551 2013 litteras
578 1969 644 2014 uno
673 1948 818 2032 exemplo
843 1946 997 2032 dedisses,
1024 1947 1082 2013 sed

127 2038 248 2120 accipio
272 2058 371 2101 exea
397 2041 502 2122 parte,
530 2039 687 2120 quatenus
715 2039 772 2102 aut
797 2035 998 2120 negligentia
1025 2039 1083 2101 aut

126 2125 332 2208 improbitate
365 2146 488 2209 eorum,
525 2126 580 2208 qui
611 2125 763 2208 epistolas
802 2123 976 2208 accipiant,
1011 2123 1083 2189 fieri

128 2213 249 2290 scribis,
271 2233 313 2275 ne
337 2211 378 2275 ad
399 2233 460 2277 nos
482 2212 700 2295 perferantur:
727 2213 817 2277 illam
840 2214 966 2295 partem
988 2233 1082 2277 exou-

128 2300 276 2384 sationis,
300 2321 364 2382 qua
385 2302 417 2364 te
441 2299 554 2364 scribis
578 2298 733 2364 orationis
755 2302 945 2385 paupertate
968 2335 1012 2347 -
1035 2301 1083 2365 sic

128 2390 214 2454 enim
246 2387 388 2473 appellas
415 2422 460 2434 —
486 2387 600 2451 iisdem
628 2389 734 2453 verbis
768 2389 921 2473 epistolas
953 2388 1082 2472 saepius

127 2478 268 2561 mittere,
295 2497 355 2540 neo
387 2496 485 2540 nosco
513 2496 574 2539 neo
595 2476 710 2561 probo,
737 2479 770 2541 et
797 2497 857 2563 ego
879 2476 962 2561 ipse,
985 2497 1082 2561 quem

32 2640 35 2645 ,
127 2571 163 2631 tu
186 2587 244 2650 per
265 2565 372 2630 iocum
394 2600 438 2610 -
461 2564 506 2628 sio
529 2564 616 2628 enim
643 2565 764 2650 accipio
788 2601 832 2612 -
855 2564 982 2629 divitias
1010 2586 1082 2631 ora·

127 2655 225 2719 tionis
248 2654 366 2718 habere
390 2651 482 2736 diois,
509 2673 560 2717 me
582 2673 650 2717 nou
677 2675 746 2718 esse
773 2652 944 2718 verborum
972 2652 1082 2718 admo·

128 2742 204 2806 dum
231 2743 362 2825 inopem
391 2760 531 2825 agnosco
558 2776 603 2787 -
631 2738 874 2821 εἰρωνεύεσθαι
900 2740 987 2805 enim
1013 2761 1084 2806 nou

127 2851 256 2894 necesse
280 2833 329 2893 est
351 2865 408 2912 -,
431 2828 524 2892 sedt
509 2831 620 2893 tamen
642 2828 727 2893 idem
750 2863 794 2875 —-
816 2848 877 2892 nec
902 2828 964 2895 hoc
989 2827 1083 2909 εἰρω-

128 2912 377 2996 νευόμενος-
399 2879 497 2981 ’facile
525 2917 644 2983 cedet
645 2936 760 2981 uorum
788 2916 887 2999 script
888 2938 981 2982 orum
1008 2913 1084 2981 sub-

93 3005 193 3068 stilic
194 3003 290 3067 atiet
308 3005 496 3091 elegantiae.
532 3002 710 3070 Consilium
728 3009 830 3088 tuum,
853 3024 916 3088 quo
935 3008 968 3071 ce
986 3024 1083 3070 usum

115 3079 240 3156 scribis
271 3091 333 3158 hoo
365 3091 543 3158 Achaicum
574 3093 741 3178 negotium
772 3113 840 3158 non
874 3093 1083 3178 recusavisse,

197 3248 248 3318 Ep.
269 3254 332 3317 3,4.
365 3253 472 3319 †quam
488 3265 529 3304 me
547 3249 618 3305 colat
636 3250 711 3318 (W.)
748 3265 809 3304 cam
826 3264 901 3305 mec.
920 3248 957 3304 Μ.
990 3249 1083 3304 existi-

91 3323 230 3375 ‘mat—
245 3291 355 3389 quddt.
376 3325 562 3388 44444444-
565 3322 662 3391 ,qaod
679 3322 789 3389 raca(
790 3320 854 3392 W..)
891 3334 946 3387 aa,
969 3319 1081 3391 qccodf.

128 3407 166 3516 tt
182 3390 467 3532 {Iltettdllll
471 3391 580 3531 aa..
544 3362 596 3460 Β
592 3391 779 3519 ..lidda
793 3405 956 3462 “IIII
922 3388 1083 3460 “····’Β
