2370 3878
129 188 196 252 540
411 187 448 242 M.
469 185 592 241 TULLII
610 184 801 241 Glossema
859 138 862 143 Ι

128 333 230 417 ipsius
256 329 361 396 morbi
388 334 599 414 consumptus
630 351 678 413 es3
710 349 825 416 graves
853 330 964 396 solent
992 331 1086 398 offen·
1141 356 1144 409 ς

130 421 236 485 siones
259 440 329 484 esse
352 440 390 482 ex
413 418 565 504 gravibus
588 418 718 501 morbis,
741 418 768 482 si
787 439 869 502 quae
887 419 988 504 eulpa
1006 441 1086 485 com·

130 509 228 571 missa
255 511 316 587 est3
343 507 408 571 iam
434 506 476 570 ad
498 506 532 570 id
553 506 699 589 biduum,
726 506 811 590 quod
839 506 942 572 fueris
963 507 1003 573 in
1028 509 1086 593 via,

130 597 205 660 dum
228 595 263 659 in
286 593 467 660 Cumanum
489 595 593 678 venis,
616 593 769 659 accedent
791 595 947 661 continuo
976 596 1019 660 ad
1041 619 1086 661 re

130 684 233 748 ditum
264 683 330 747 dies
363 683 512 767 quinque.
557 681 630 767 Ego
661 683 698 747 in
718 681 893 748 Formiano
926 704 955 748 a
984 684 1015 748 d.
1041 703 1085 750 111.

130 771 169 836 II.
193 791 261 835 esse
284 772 370 836 volo:
397 771 443 834 ibi
465 774 498 835 te
525 773 562 836 ut
583 771 712 835 firmum
734 769 909 856 offendam,
931 771 979 836 mi
1003 772 1086 857 Tiro,

95 859 229 923 ael'fice.
279 858 454 924 Litterulae
482 879 571 924 meas
599 860 666 924 sive
692 862 823 923 nostrae
850 859 900 924 toi
927 859 1084 926 desiderio

130 947 381 1032 oblanguerunt3
412 947 474 1011 bac
500 950 611 1012 tamen
637 947 787 1031 epistola,
820 969 918 1030 quam
945 946 1084 1014 Acastus

130 1036 248 1119 attulit,
271 1037 381 1101 oculos
404 1035 548 1119 paullum
572 1035 780 1100 sustulerunt.
819 1034 996 1118 Pompeius
1018 1041 1085 1101 crat

130 1124 214 1208 apud
237 1145 298 1208 me,
320 1145 420 1209 quum
442 1123 521 1188 haec
544 1123 732 1207 scribebam,
753 1122 856 1187 hilare
879 1127 913 1187 et
934 1124 1084 1190 libenter:

129 1213 159 1276 ei
181 1213 323 1296 cupienti
350 1212 461 1276 audire
486 1215 600 1276 nostra
627 1212 692 1276 dixi
720 1212 789 1276 sine
815 1214 848 1275 ts
876 1212 989 1276 omnia
1016 1235 1085 1278 mea

129 1304 220 1364 muta
242 1320 320 1364 esse.
365 1299 415 1364 Tu
437 1298 539 1364 Musis
561 1300 681 1365 nostris
705 1320 784 1384 para
813 1302 851 1364 ut
878 1320 996 1388 operas
1017 1301 1084 1366 red·

130 1389 199 1452 das:
226 1391 339 1452 nostra
366 1387 407 1453 ad
434 1387 518 1452 diem
546 1388 664 1453 dictam
693 1387 785 1470 fient3
813 1387 907 1452 docui
935 1389 1024 1453 enim
1045 1394 1084 1473 te,

128 1476 207 1540 fides
231 1477 353 1558 ἔτυμον
380 1475 466 1558 quod
492 1476 635 1541 haberet.
679 1474 758 1560 Fac,
784 1476 881 1561 plane
908 1479 948 1542 ut
968 1479 1084 1542 valeas.

128 1561 198 1627 Nos
221 1584 377 1627 assumus
421 1561 512 1627 Vale.
548 1582 631 1629 x1m.
653 1562 693 1628 Κ.

574 1771 631 1840 XI.

213 1883 269 1941 Scr.
290 1885 327 1940 ad
344 1885 442 1941 urbem
460 1884 532 1958 prid.
551 1885 617 1941 Idus
635 1885 779 1941 Ianuarias
799 1902 823 1940 a.
843 1902 870 1940 u.
889 1900 912 1939 a.
934 1890 995 1940 705.

129 2008 285 2064 TULLIUS
298 2008 346 2064 UT
361 2007 498 2077 CICERO,
512 2006 861 2077 ravennatem.
871 2006 903 2074 Q·
914 2005 946 2074 Q·
957 2006 1085 2065 TIRONI

417 2078 493 2134 SAL.
511 2078 705 2133 PLURIMAM
722 2077 790 2133 DIG.

95 2187 109 2236 1
195 2176 269 2243 Etsi
291 2178 567 2263 opportunitatem
594 2199 710 2262 operae
731 2181 808 2242 tuae
831 2179 982 2244 omnibns
1004 2180 1086 2244 locis

130 2266 284 2348 desidero,
304 2268 415 2331 tamen
437 2272 595 2333 nontam
616 2288 689 2331 mea
711 2287 808 2350 quam
829 2270 887 2330 tua
909 2286 1008 2331 causa
1030 2268 1085 2333 do·

129 2355 180 2417 leo
202 2356 235 2416 tc
257 2374 325 2417 non
347 2356 466 2437 valere3
489 2355 554 2438 sed,
576 2355 728 2439 quoniam
745 2355 781 2418 in
799 2357 991 2438 quartanam
1009 2376 1084 2421 con·

129 2461 222 2506 versa
244 2441 293 2504 vis
316 2444 366 2505 est
387 2442 491 2506 morbi
514 2479 558 2489 -
581 2443 626 2507 sic
649 2443 735 2507 enim
758 2442 870 2506 scribit
892 2439 1008 2507 Curius
1032 2479 1086 2527 -‚

130 2550 224 2613 spero
255 2532 289 2592 te
320 2529 488 2613 diligentia
520 2528 664 2595 adhibita
700 2531 765 2594 iam
796 2530 970 2595 firmiorem
1001 2530 1085 2596 fore:

129 2618 225 2682 modo
248 2617 313 2699 lac,
339 2617 373 2681 id
400 2616 485 2700 quod
514 2620 563 2680 est
588 2616 799 2682 humanitatis
825 2621 913 2701 tuae,
942 2619 1086 2702 nequid

130 2706 217 2770 aliud
244 2726 335 2770 cures
362 2705 424 2769 hoc
446 2706 604 2787 tempore,
630 2704 693 2768 nisi
716 2709 753 2768 ut
775 2728 872 2789 quam
894 2707 1086 2771 commodis-

131 2794 209 2856 sime
232 2794 446 2857 convalescas.
490 2791 568 2858 Non
596 2793 726 2879 ignoro,
753 2797 910 2877 quantum
938 2815 977 2858 cx
1004 2794 1086 2859 desi·

131 2880 218 2965 delo
241 2880 382 2962 labores3
409 2879 465 2945 scd
493 2885 588 2945 erunt
615 2880 723 2946 omnia
751 2881 872 2965 facilia,
899 2880 927 2946 si
949 2882 1086 2947 valebis:

23 3000 27 3006 ·
129 2967 283 3032 festinare
309 2970 342 3031 te
368 2969 459 3053 nolo,
487 2991 529 3033 ne
560 2990 699 3033 nauseae
722 2969 902 3034 molestiam
930 2970 1086 3054 suscipias

94 3075 111 3122 a
130 3077 227 3141 aeger
250 3058 284 3120 et
304 3055 483 3143 periculose
506 3056 611 3121 hieme
633 3057 775 3142 naviges.
811 3057 884 3141 Ego
908 3058 949 3122 ad
971 3058 1087 3122 urbem

130 3144 249 3210 accessi
272 3165 320 3227 pr.
341 3142 426 3208 Non.
449 3142 519 3208 Ian.
564 3143 701 3210 Obviam
728 3145 807 3209 mihi
835 3145 880 3209 sic
908 3149 958 3209 est
978 3145 1086 3229 prodi-

129 3236 213 3315 tum,
240 3235 278 3298 ut
308 3232 390 3297 nihil
412 3233 516 3316 possit
545 3232 615 3296 fieri
644 3233 802 3315 ornatius3
834 3231 890 3297 sed
920 3233 1020 3298 incidi
1051 3234 1088 3297 in

128 3320 234 3403 ipsam
265 3319 428 3384 flammam
455 3320 556 3384 civilis
584 3320 761 3391 discordiae
788 3321 840 3385 vel
866 3321 974 3405 potius
1001 3321 1088 3404 belli,

196 3509 248 3579 Ep.
271 3516 312 3581 10,
328 3515 352 3566 2.
389 3507 461 3578 Fac,
475 3510 562 3580 plone
579 3515 611 3564 at
628 3526 654 3565 o.
672 3510 749 3578 (Ἣ.
791 3510 827 3563 F.
843 3511 883 3578 pt.
899 3516 932 3564 ot
948 3527 974 3565 o.
991 3511 1087 3579 vulgo.
