2370 3878
252 204 259 209 ·
339 187 600 244 EPISTULARUM
618 188 652 243 Χ.
672 195 696 242 7.
715 194 739 243 8.
952 186 1016 251 305

62 334 166 416 nobis,
189 334 316 418 magnis
340 355 434 417 saepe
457 333 607 416 praemiis
631 332 836 414 sollicitatus,
858 334 895 395 ut
918 331 958 394 ab
982 353 1016 395 re

61 421 190 504 publica
212 423 320 505 potius
343 422 509 486 moderata
532 443 628 504 quam
648 421 687 484 ab
706 442 772 484 uno
796 419 924 483 infinita
947 440 1016 501 spe-

62 512 160 592 raret3
183 510 420 574 confirmandae
444 510 623 592 complures
641 508 796 591 civitates,
819 528 900 590 quae
925 528 1016 591 supe-

63 597 144 660 riore
182 619 267 663 anno
303 597 530 682 largitionibus
567 596 890 678 concessionibusque
926 616 1016 678 prae-

63 684 200 748 miorum
226 689 319 749 erant
347 686 521 771 obligatae,
548 688 586 748 ut
612 688 645 748 et
670 685 727 748 illa
754 705 838 748 vana
864 685 1018 767 putarent

63 775 95 834 et
122 772 233 836 eadem
262 795 281 836 a
307 773 493 837 melioribus
525 773 709 837 auctoribus
741 771 880 857 petenda
911 772 1017 835 existi-

63 864 201 942 marent3
222 861 408 926 alliciendas
427 861 525 925 etiam
538 862 721 925 voluntates
740 860 945 943 reliquorum,
962 861 1017 943 qui

63 947 207 1012 finitimis
235 949 408 1033 provinciis
432 949 685 1032 exercitibusque
707 950 876 1031 praesunt,
902 951 940 1011 ut
961 970 1016 1031 po·

62 1036 127 1100 tius
150 1058 222 1100 eum
245 1037 391 1120 pluribus
411 1037 598 1101 societatem
618 1035 837 1099 defendendae
858 1035 1017 1099 libertatis

62 1123 225 1208 iniremus,
248 1146 346 1207 quam
368 1146 442 1188 cum
460 1124 664 1208 paucioribus
682 1123 845 1187 funestam
864 1123 935 1186 orbi
956 1126 1018 1186 ter-

63 1234 170 1276 rarum
198 1213 367 1276 victoriam
394 1212 595 1296 partiremur.
643 1210 812 1275 Muniendi
842 1232 918 1276 vero
945 1226 1052 1274 nos-4

63 1303 130 1363 met
152 1300 215 1383 ipsi
237 1300 358 1364 fuimus
381 1303 476 1365 aucto
495 1299 635 1364 exercitu
654 1299 842 1383 auxiliisque
865 1298 1019 1382 multipli-

65 1387 158 1469 catis,
186 1390 235 1470 ut,
268 1410 366 1470 quum
388 1388 622 1472 praeferremus
650 1410 762 1453 sensus
790 1391 913 1471 aperte,
940 1390 1019 1469 tum,

65 1475 162 1537 etiam
184 1475 295 1539 invitis
319 1477 522 1560 quibusdam,
545 1477 628 1560 sciri,
651 1476 727 1560 quid
751 1475 912 1540 defensuri
936 1496 1019 1539 esse·

63 1585 144 1645 mue,
166 1585 234 1628 non
257 1568 342 1629 esset
363 1565 586 1648 periculosum.
630 1564 683 1629 Ita
704 1586 880 1647 numquam
903 1563 1018 1627 diffite-

64 1651 123 1715 bor
145 1653 248 1717 multa
275 1673 339 1736 me,
365 1657 402 1716 ut
425 1653 464 1716 ad
493 1654 642 1717 effectum
667 1653 784 1717 horum
812 1652 1018 1717 consiliorum

64 1741 276 1825 pervenirem,
309 1744 341 1804 et
373 1741 540 1805 simulasse
572 1742 711 1805 invitum
738 1743 771 1803 et
802 1740 1018 1803 dissimulasse

65 1829 269 1912 cumdolore,
288 1828 383 1912 quod,
400 1831 606 1911 praematura
624 1827 826 1892 denuntiatio
844 1826 923 1890 boni
942 1826 1019 1888 civis

64 1914 215 1996 imparati
247 1937 344 1998 quam
376 1916 555 1998 periculosa
578 1918 675 1998 esset,
706 1936 745 1977 ex
773 1934 848 1977 casu
878 1913 1019 1996 collegae

65 2001 222 2066 videbam.
259 2001 329 2077 Quo
353 2003 483 2066 nomine
507 2002 604 2066 etiam
623 2000 657 2067 O.
675 2000 797 2066 Furnio
815 2002 933 2085 legato,
951 2001 1019 2065 viro
1039 2013 1054 2062 5

65 2089 143 2153 forti
167 2093 262 2173 atque
287 2089 438 2167 strenuo,¹
459 2091 552 2174 plura
574 2091 672 2154 etiam
698 2089 796 2154 verbo
827 2111 922 2173 quam
946 2089 1019 2152 scri-

65 2181 162 2259 ptura
184 2177 338 2241 mandata
361 2177 518 2263 dedimuS,
544 2182 582 2243 ut
605 2181 637 2242 et
658 2178 774 2241 tectius
802 2178 842 2241 ad
869 2199 927 2243 ros
949 2199 1019 2260 per-

65 2265 226 2330 ferrentur
249 2269 282 2330 et
304 2287 364 2331 nos
388 2288 528 2331 essemus
550 2266 700 2351 tutiores,
723 2266 901 2349 quibusque
924 2266 1018 2329 rebus

65 2357 99 2417 et
121 2360 334 2418 communem
352 2355 487 2419 salutem
510 2355 629 2419 muniri
656 2357 689 2417 et
715 2376 776 2418 nos
804 2354 921 2418 armari
945 2374 1018 2417 con-

65 2443 189 2505 veniret
206 2443 435 2526 praecepimus.
471 2441 522 2506 Ex
540 2465 604 2526 quo
623 2440 761 2528 intelligi
779 2446 887 2527 potest
910 2463 1019 2504 curam

65 2529 111 2592 rei
137 2531 284 2613 publicae
312 2553 454 2595 summae
478 2530 699 2596 defendundae
722 2531 910 2615 iampridem
933 2528 1019 2612 apud

65 2638 125 2681 nos
148 2619 313 2683 excubare.
361 2618 471 2701 Nunc,
499 2642 598 2703 quum
626 2619 721 2684 deum
747 2618 949 2702 benignitate
977 2616 1053 2679 aba

66 2707 154 2768 omni
176 2728 210 2770 re
234 2728 343 2770 sumus
361 2709 549 2791 paratiores,
571 2729 639 2771 non
662 2708 766 2772 solum
788 2707 870 2770 bene
890 2725 1019 2788 sperare

66 2792 104 2857 de
126 2795 221 2858 nobis
243 2795 403 2878 homines,
431 2796 486 2858 sed
509 2797 672 2879 explorate
695 2795 834 2859 iudicare
858 2794 1018 2858 volumus:

65 2880 208 2965 legiones
230 2881 334 2947 habeo
359 2883 499 2965 quinque
523 2883 582 2947 sub
607 2883 708 2967 signis
736 2886 770 2946 et
792 2904 849 2946 sua
872 2882 934 2946 fide
957 2881 1018 2945 vir-

65 2971 195 3052 tuteque
218 2970 264 3033 rei
287 2970 434 3053 publicae
453 2970 730 3034 coniunctissimas
753 2974 785 3034 et
806 2974 919 3035 nostra
940 2970 1018 3033 libe-

64 3057 191 3121 ralitate
209 3057 304 3122 nobis
324 3058 547 3141 obsequentes,
564 3059 762 3141 provinciam
781 3059 924 3122 omnium
943 3056 1017 3120 civi·

64 3145 180 3209 tatium
194 3167 352 3210 consensu
366 3145 604 3230 paratissimam
623 3150 656 3209 et
673 3169 797 3210 summa
811 3145 1017 3210 contentione

134 3300 185 3370 Ep.
205 3307 234 3368 8,
253 3307 278 3355 3.
315 3302 476 3356 alliciendas
503 3301 606 3369 (Mau).
652 3302 708 3354 elic.
732 3300 797 3353 ΜΒ.
826 3329 860 3338 -
885 3303 1019 3367 praesunt

64 3370 137 3438 (W.).
169 3373 354 3439 praefuerunt
372 3372 418 3439 M,
437 3371 532 3442 vulgo.
576 3377 601 3424 4.
629 3375 699 3436 tum,
718 3372 799 3424 etiam
816 3370 872 3422 ino.
890 3385 925 3437 q„
942 3369 1018 3433 sciri,

64 3442 131 3508 quid
149 3440 225 3511 (Or).
261 3448 280 3495 t.
300 3459 320 3496 e.
340 3444 359 3495 c'.
378 3459 402 3511 q.
420 3457 451 3509 a,
469 3459 494 3511 q.
513 3441 544 3494 B.
581 3447 606 3496 o.
633 3457 658 3495 r.
674 3439 917 3511 psomraoetllq
960 3453 1036 3504 up.

63 3527 163 3564 summe
180 3510 220 3578 V,
238 3511 269 3564 B.

106 3596 220 3637 Ciceronis
232 3601 295 3647 epist,
309 3601 328 3642 L
794 3608 833 3657 qq
