2370 3878
161 151 183 210 4
448 151 485 206 M.
501 151 625 207 TULLII
643 152 833 208 CICERONIS

161 296 236 357 ante
247 314 281 356 se
295 297 440 375 oportere
455 293 680 360 discessionem
694 296 797 363 facere
811 319 908 381 quam
917 301 1115 365 consulares:

160 381 228 445 eius
256 380 395 445 orationi
422 380 628 447 vehementer
659 383 700 447 ab
729 385 878 450 omnibus
905 387 1115 452 reclamatum

160 473 221 552 est,
249 472 319 532 erat
345 469 487 534 enimet
513 470 625 554 Iniqua
652 475 686 535 et
711 494 809 557 nova,
836 475 983 540 consules
1011 498 1115 560 neque

160 557 379 623 concedebant
407 579 511 642 neque
538 559 631 622 valde
658 561 897 646 repugnabant,
929 564 1013 628 diem
1039 586 1114 630 oon-

159 647 243 711 sumi
255 646 409 711 volebant
418 683 460 692 -
469 647 503 710 id
517 648 603 730 quod
616 649 801 713 estfactum
812 686 863 734 -,
876 652 1114 735 perspiciebant

159 735 245 801 enim
267 735 302 798 in
325 733 491 799 Hortensii
506 737 699 800 sententiam
713 738 823 802 multis
845 740 991 822 partibus
1005 742 1114 826 plures

97 870 99 874 -
157 823 275 907 ituros,
312 844 506 907 quamquam
539 828 648 907 aperte
685 823 834 890 Volcatio
867 829 1114 913 assentirentur;

157 913 252 977 multi
278 912 491 996 rogabantur,
518 914 613 997 atque
641 913 674 977 id
700 914 806 996 ipsum
834 917 1018 981 consulibus
1045 940 1114 982 non

156 1000 280 1082 invitis,
303 1022 380 1063 nam
402 1000 432 1064 ei
454 999 563 1065 Bibuli
585 1003 779 1066 sententiam
808 1003 913 1067 valere
937 1006 1112 1089 cupierant.

121 1087 229 1154 eHac
256 1089 474 1154 controversia
501 1111 601 1174 usque
632 1090 673 1154 ad
700 1093 828 1155 noctem
856 1092 953 1156 ducta
982 1097 1112 1158 senatus

158 1178 307 1243 dimissus
339 1181 395 1258 est.
444 1175 517 1262 Ego
546 1200 583 1242 eo
616 1178 666 1242 die
699 1201 774 1243 casu
806 1179 892 1263 apud
923 1179 1110 1264 Pompeium

157 1267 290 1331 coenari
303 1269 480 1348 nactusque
493 1269 621 1349 tempus
638 1267 702 1331 hoc
722 1267 826 1352 magis
844 1267 996 1333 idoneum
1015 1291 1112 1353 quam

155 1376 309 1438 umquam
332 1357 440 1437 antea,
473 1354 558 1437 quod
580 1358 656 1437 post
677 1357 770 1418 tuum
792 1354 966 1421 discessum
992 1358 1020 1422 is
1044 1359 1111 1422 dies

155 1441 402 1507 honestissimus
420 1441 519 1512 ¹nobis
541 1442 648 1507 fuerat
669 1443 705 1506 in
728 1446 853 1527 senatu,
874 1444 921 1508 ita
944 1467 1015 1509 sum
1039 1468 1109 1510 cum

155 1532 212 1597 illo
239 1532 379 1614 locutus,
407 1534 445 1595 ut
473 1530 553 1594 mihi
580 1531 704 1594 viderer
731 1531 874 1595 animum
901 1532 1041 1597 hominis
1069 1536 1110 1598 ab

156 1620 246 1684 omni
268 1620 331 1684 alia
354 1619 551 1705 cogitatione
575 1619 616 1682 ad
638 1622 728 1682 tuam
743 1618 934 1703 dignItatem
957 1622 1110 1687 tuendam

154 1709 334 1772 traducere:
366 1729 461 1792 quem
491 1722 551 1792 ego
578 1707 685 1790 ipsum
712 1729 811 1790 quum
839 1707 947 1792 audio,
978 1732 1110 1793 prorsus

50 1812 52 1817 '
156 1817 229 1861 eum
241 1797 342 1861 libero
358 1797 446 1861 omni
464 1795 646 1879 suspicione
660 1795 858 1879 cupiditatis3
881 1819 980 1880 quum
1002 1803 1110 1862 autem

155 1887 223 1949 eius
245 1885 419 1949 familiares
443 1884 587 1949 omnium
601 1883 750 1948 ordinum
763 1883 865 1966 video,
887 1886 1054 1969 perspicio,
1076 1886 1110 1950 id

156 1973 241 2057 quod
263 1975 329 2038 iam
351 1973 507 2038 omnibus·
527 1976 577 2037 est
599 1977 759 2056 apertum,
786 1975 891 2036 totam
916 1994 984 2037 rem
1013 1974 1110 2038 istam

154 2062 219 2126 iam
237 2063 361 2146 pridem
380 2084 399 2124 a
417 2062 512 2125 certis
529 2061 715 2126 hominibus
738 2082 806 2125 non
823 2061 925 2125 invito
944 2083 1020 2146 rege
1037 2062 1109 2146 ipso

120 2150 407 2234 sconsiliariisque
440 2150 508 2213 eius
540 2171 609 2213 esse
637 2151 830 2231 corruptam.
874 2147 964 2211 Haec
996 2149 1110 2233 scripsi

155 2261 184 2304 a.
198 2239 228 2303 d.
241 2238 329 2304 XVI.
344 2239 415 2302 Kal.
428 2235 621 2302 Februarias
644 2239 719 2299 ante
743 2237 859 2299 lucem:
883 2256 921 2299 eo
944 2235 995 2300 die
1019 2258 1109 2301 sena-

153 2331 207 2393 tus
236 2333 305 2393 erat
331 2328 469 2391 futurus
518 2323 588 2390 Nos
614 2324 651 2388 in
682 2326 809 2406 senatu,
841 2324 1109 2407 quemadmodum

155 2439 258 2502 spero,
281 2407 471 2500 dignitatem
484 2417 640 2496 nostram,
661 2415 699 2477 ut
715 2415 823 2495 potest
843 2411 880 2475 in
892 2413 986 2476 tanta
1007 2414 1110 2478 homi·

153 2526 232 2569 num
255 2505 389 2589 perfidia
403 2506 436 2567 et
448 2503 628 2586 Iniquitate,
650 2501 872 2583 retinebimus,
895 2500 981 2583 quod
999 2501 1039 2565 ad
1053 2524 1109 2585 po-

154 2595 299 2678 pularem
322 2593 481 2657 rationem
503 2590 634 2674 attinet,
655 2588 718 2653 hoc
741 2589 885 2653 videmur
908 2610 977 2653 esse
1000 2611 1109 2654 conse·

155 2683 230 2766 cuti,
252 2686 289 2746 ut
311 2703 352 2745 ne
376 2680 452 2764 quid
475 2679 529 2764 agi
552 2700 625 2742 cum
638 2678 758 2762 populo
774 2680 831 2741 aut
844 2677 940 2742 salvis
959 2678 1110 2761 auspiciis

156 2776 212 2835 aut
239 2770 336 2834 salvis
364 2768 489 2853 legibus
513 2770 570 2830 aut
593 2766 729 2849 denique
752 2766 820 2830 sine
843 2765 876 2830 ri
898 2769 1015 2849 posset.
1060 2765 1110 2830 De

154 2859 206 2923 his
228 2859 324 2922 rebus
346 2856 458 2942 pridie,
482 2876 578 2939 quam
600 2855 680 2919 haec
703 2854 825 2938 scripsi,
847 2858 979 2917 senatus
1002 2857 1110 2918 aucto-

155 2947 235 3011 ritas
258 2946 447 3031 gravissima
469 2944 663 3026 intercessit,
691 2941 742 3006 cui
766 2964 866 3026 quum
888 2938 969 3006 Cato
997 2945 1029 3005 et
1052 2938 1110 3006 Oa·

155 3035 265 3100 ninius
287 3034 552 3113 intercessissent,
573 3035 684 3096 tamen
702 3034 752 3095 est
769 3029 959 3115 perscripta3
983 3052 1054 3095 eam
1070 3029 1111 3094 ad

156 3127 190 3190 te
211 3125 343 3188 missam
365 3143 434 3187 esse
458 3120 608 3185 arbitror:
632 3120 671 3184 de
694 3119 807 3184 ceteris
829 3119 934 3201 rebus,
957 3118 1111 3202 quidquid

227 3326 277 3395 Ep.
297 3332 322 3394 2,
341 3332 366 3380 2.
394 3329 549 3382 consulares
567 3328 700 3396 (Krause).
729 3327 849 3381 consules
866 3326 913 3395 M,
932 3288 1025 3397 vngo.
1048 3342 1110 3380 cou-

155 3395 262 3449 outibus
279 3398 449 3451 sectavitis
467 3399 543 3465 (Ν).
575 3415 645 3452 cons.
664 3399 720 3453 iao.
739 3397 777 3464 M,
798 3414 892 3451 omnes
910 3397 972 3452 edd.
992 3427 1026 3437 -
1044 3413 1111 3452 uam

155 3467 180 3517 ir·
197 3466 270 3533 (edd.
288 3471 387 3533 vett.)?
406 3498 440 3508 —
459 3469 602 3523 estimant
619 3469 666 3523 (W
667 3471 693 3536 .).
726 3469 870 3523 subierunt
887 3468 951 3522 ΜΒ.
