2370 3878
152 191 195 255 10
437 190 475 243 M.
491 189 615 244 TULLII
632 189 822 245 CICERONIS

149 333 338 420 perspicias:
366 355 502 417 quorum
529 335 666 398 alterum
693 335 786 419 mihi,
812 338 850 399 ut
875 339 909 400 te
931 337 1106 421 plurimum

151 424 292 507 diligam,
314 421 420 486 facere
442 443 571 486 necesse
590 426 648 505 est,
671 422 698 485 si
715 425 790 488 volo
808 424 836 487 is
855 445 933 508 esse,
955 447 1050 510 quem
1067 430 1105 491 tu

150 533 201 575 me
219 531 288 574 esse
306 510 450 593 voluisti3
473 511 609 574 alterum
627 510 711 574 facio
724 511 872 596 libenter,
889 516 935 597 ut,
951 514 1105 596 quoniam

149 600 319 663 intervallo
337 599 483 663 locorum
502 602 534 662 et
551 602 733 682 temporum
752 599 887 664 diiuncti
906 623 1024 686 sumus,
1047 625 1105 686 per

149 688 273 751 litteras
294 690 402 750 tecum
424 709 521 770 quarn
543 687 727 770 saepissime
752 689 924 772 colloquar.
961 689 1053 765 Quod
1077 692 1104 756 si

148 776 252 840 rarius
270 775 335 859 fiet,
353 797 450 858 quam
468 779 504 838 tu
523 776 730 859 exspectabis,
748 776 782 839 id
800 777 861 840 erit
875 799 998 862 causae,
1017 779 1104 862 quod

148 885 216 928 non
240 863 307 927 eius
330 864 457 948 generis
475 884 565 927 meae
584 864 710 927 litterae
734 868 818 948 sunt,
841 868 878 928 ut
896 886 949 930 eas
968 866 1103 930 audeam

148 956 267 1016 temere
286 951 497 1015 committere:
521 952 646 1035 quoties
660 952 739 1016 mihi
758 955 917 1017 certorum
935 953 1102 1018 hominum

148 1043 292 1124 potestas
316 1040 385 1122 erit,
408 1039 523 1122 quibus
547 1044 632 1103 recte
651 1040 732 1124 dem,
754 1062 822 1104 non
840 1044 1102 1124 praetermittam.

113 1139 129 1188 2
149 1128 241 1204 Quod
265 1128 345 1192 scire
367 1128 425 1211 ris,
448 1150 512 1210 qua
535 1129 668 1213 quisque
691 1129 726 1192 in
744 1131 776 1192 te
794 1129 857 1192 fide
876 1128 919 1192 sit
936 1132 969 1192 et
990 1131 1102 1194 volun·

148 1220 224 1299 tate,
243 1215 372 1280 difficile
387 1216 474 1279 dictu
488 1219 539 1279 est
552 1217 590 1279 de
606 1217 754 1300 singulis:
777 1238 879 1280 unum
896 1217 976 1280 illud
991 1218 1102 1301 audeo,

148 1305 234 1388 quod
256 1307 353 1368 antea
374 1303 434 1367 tibi
462 1325 556 1387 saepe
580 1304 771 1388 significavi,
798 1325 884 1369 nunc
912 1326 1038 1388 quoque
1066 1328 1101 1370 re

147 1396 315 1477 perspecta
337 1396 370 1455 et
392 1393 523 1476 cognita
546 1392 696 1475 scribere,
718 1392 924 1456 vehementer
946 1393 1102 1477 quosdam

147 1482 294 1546 homines
309 1484 342 1545 et
355 1502 409 1544 eos
428 1481 575 1563 maxime,
596 1480 651 1563 qui
669 1482 701 1542 te
720 1483 753 1542 61
771 1481 907 1543 maxime
922 1481 1102 1544 debuerunt

148 1573 181 1633 et
211 1569 385 1652 plurimum
411 1569 519 1632 iuvare
548 1569 736 1652 potuerunt,
767 1567 920 1631 invidisse
950 1569 1101 1652 dignitati

146 1661 222 1721 tuae
237 1658 493 1740 simillimamque
511 1657 547 1720 in
564 1677 599 1719 re
618 1656 764 1719 dissimili
781 1655 830 1719 tui
847 1656 1001 1738 temporis
1014 1678 1101 1720 nunc

147 1749 181 1810 ct
201 1746 306 1810 nostri
329 1744 492 1829 quondam
513 1744 613 1808 fuisse
635 1745 802 1828 rationem,
824 1746 870 1827 ut,
893 1766 973 1827 quos
996 1748 1032 1808 tu
1054 1746 1101 1808 rei

147 1833 293 1917 publicae
313 1855 409 1898 causa
426 1834 575 1917 laeseras,
592 1832 700 1916 palam
717 1835 750 1896 16
770 1836 1005 1916 oppugnarent,
1024 1855 1101 1916 quo·

21 1945 25 1953 ·
146 1944 219 1986 rum
242 1922 475 2006 auctoritatem,
497 1921 689 2006 dignitatem
706 1922 969 2004 voluntatemque
993 1920 1100 1984 defen·

148 2010 249 2092 deras,
270 2013 423 2075 nontam
440 2032 598 2076 memores
616 2012 724 2073 essent
747 2008 875 2073 virtutis
897 2012 981 2092 tuae,
1004 2030 1101 2091 quam

147 2097 251 2162 laudis
274 2098 404 2161 inimici.
449 2097 520 2174 Quo
544 2098 672 2182 quidem
694 2102 848 2181 tempore,
869 2101 907 2160 (11
928 2097 1101 2180 perscripsi

148 2187 189 2250 ad
211 2190 244 2250 te
272 2189 380 2269 antea,
409 2187 546 2270 cognovi
568 2185 778 2250 Hortensium
807 2184 1017 2267 percupidum
1043 2185 1101 2267 tui,

148 2275 328 2338 studiosum
346 2273 524 2357 Lucullum,
547 2295 586 2337 ex
603 2272 844 2356 magistratibus
863 2274 971 2334 autem
988 2269 1100 2334 11111-

148 2363 256 2427 cilium
279 2365 313 2426 et
333 2362 396 2425 fide
419 2365 453 2425 et
475 2361 582 2425 animo
605 2361 773 2445 singulari,
794 2381 872 2422 nam
893 2362 1006 2422 nostra
1027 2380 1101 2441 pro-

146 2451 304 2534 pugnatio
329 2471 365 2514 ac
386 2450 529 2514 defensio
549 2448 716 2532 dignitatis
735 2452 809 2512 tuae
828 2453 960 2531 propter
977 2447 1101 2531 magni-

147 2538 292 2603 tudinem
314 2539 461 2602 beneficii
482 2538 532 2601 tui
549 2536 686 2600 fortasse
705 2536 864 2620 plerisque
884 2534 983 2600 officii
1002 2535 1101 2599 maio·

147 2649 216 2692 rem
239 2627 463 2692 auctoritatem
484 2625 604 2689 habere
626 2624 772 2688 videatur
795 2645 890 2706 quam
914 2623 1101 2687 sententiae.

113 2714 319 2779 3Praeterea
345 2715 474 2798 quidem
502 2713 540 2776 de
568 2712 789 2777 consularibus
821 2711 943 2775 nemini
970 2732 1102 2794 possum

150 2805 206 2866 aut
229 2803 326 2867 studii
349 2823 427 2886 erga
453 2805 486 2865 te
509 2804 566 2865 aut
589 2799 687 2866 officii
714 2803 771 2863 aut
793 2799 888 2863 amici
910 2799 1010 2862 animi
1033 2818 1101 2862 esse

148 2891 253 2954 testis:
277 2890 395 2954 etenim
408 2889 607 2972 Pompeium,
625 2889 680 2972 qui
698 2909 823 2952 meeum
837 2887 1021 2970 saepissime
1035 2906 1103 2951 non

149 2979 253 3044 solum
275 2999 296 3041 a
318 3000 369 3041 me
392 2980 598 3061 provocatus,
628 2976 684 3040 sed
711 2977 808 3039 etiam
835 2997 894 3039 sua
921 2976 1036 3057 sponte
1064 2973 1102 3036 de

147 3072 181 3131 te
195 3066 430 3131 communicare
445 3066 535 3149 solet,
554 3065 614 3128 sois
632 3064 830 3148 temporibus
844 3063 908 3126 illis
926 3084 994 3127 non
1008 3081 1102 3144 saepe

149 3155 184 3218 in
216 3157 330 3219 senatu
360 3153 473 3236 fuisse,
504 3153 556 3217 eui
587 3152 716 3236 quidem
746 3152 872 3214 litterae
904 3153 993 3233 tuae,
1023 3169 1103 3232 quas

150 3243 292 3324 proxime
310 3241 452 3325 miseras,
475 3241 561 3325 quod
578 3241 673 3305 facile
693 3238 913 3320 intellexerim,
935 3237 1103 3320 periucun-

151 3330 209 3393 dae
222 3329 362 3394 fuerunt.
398 3328 480 3393 Mihi
494 3329 623 3412 quidem
635 3327 821 3393 humanitas
840 3329 897 3390 tua
914 3325 965 3390 vel
979 3344 1105 3389 summa

216 3519 270 3573 Eo.
295 3527 310 3574 7
334 3527 359 3574 3.
396 3524 537 3575 (1161161611
554 3519 675 3575 anaidem
693 3516 778 3586 (Wdl
