2370 3878
166 106 229 168 100
445 106 481 160 Μ.
502 106 625 162 TULLII
644 107 834 164 CICERONIS

162 251 236 315 res?
269 272 350 334 quae
378 251 473 335 spes?
506 252 591 353 quod
619 252 718 316 animi
749 255 921 319 solatium?
967 255 1016 320 Ut
1047 280 1127 324 cum

163 339 270 421 aliquo
294 339 496 403 adolescente
523 340 676 423 primario
701 342 874 407 coniuncta
903 346 1044 409 aetatem
1069 369 1127 432 ge-

161 427 268 491 reret‘?
291 427 416 491 licitum
440 429 585 511 esttibi,
609 428 712 513 credo,
734 452 793 514 pro
817 435 874 495 tua
897 432 1058 516 dignitate
1085 457 1126 501 ex

161 515 223 579 hac
246 516 411 580 iuventute
435 537 590 601 generum
613 517 765 603 deligere,
789 520 879 584 cuius
901 519 976 584 fidei
999 521 1125 589 liberos

161 607 235 668 tuos
258 607 290 666 te
313 607 384 668 tuto
408 605 608 669 committere
626 609 767 688 putares
803 606 857 671 An
880 613 917 671 ut
939 630 978 672 ea
999 609 1125 677 liberos

162 714 200 756 ex
224 713 292 756 sese
315 696 451 776 pareret,
474 715 554 777 quos
578 715 676 776 quum
700 694 852 759 florentes
875 696 1006 762 videret,
1021 699 1125 764 laeta-

162 781 272 844 retur?
305 782 359 865 qui
386 803 455 844 rem
479 803 498 844 a
520 784 654 865 parente
681 782 834 846 traditam
861 806 919 867 per
947 806 980 849 se
1008 788 1125 853 tenere

160 873 308 953 possent,
340 869 479 935 honores
509 869 682 934 ordinatim
691 872 841 970 ”petituri
869 876 989 955 essent,
1022 874 1058 938 in
1088 898 1125 942 re

160 958 339 1041 publica,
329 980 365 1021 m
389 959 564 1023 amicorum
587 962 688 1043 negot
689 958 728 1022 iis
750 960 900 1024 libertate
924 983 982 1024 sua
1005 965 1124 1029 usuri?

161 1047 238 1130 quid
259 1048 376 1112 horum
399 1047 474 1132 fuit,
499 1047 585 1131 quod
607 1069 689 1130 non,
711 1048 901 1131 priusquam
924 1047 1037 1114 datum
1061 1057 1125 1138 est,

64 1151 68 1158 ·
161 1136 346 1220 ademptum
370 1135 434 1200 sit?
479 1134 545 1236 „At
567 1157 642 1200 vero
665 1137 787 1200 malurn
811 1139 861 1200 est
882 1137 1001 1203 liberos
1026 1140 1124 1206 amit-

159 1222 256 1288 teref‘
298 1223 433 1288 Malum:
461 1224 525 1287 nisi
547 1224 609 1287 hoc
632 1224 723 1307 peius
747 1227 804 1307 est,
826 1224 906 1289 haec
930 1225 1063 1291 sufferre
1089 1234 1125 1293 et

124 1313 293 1395 4perpeti.
343 1310 431 1387 Quae
462 1333 513 1375 res
546 1311 625 1375 mihi
656 1332 724 1375 non
751 1311 944 1378 mediocrem
972 1317 1123 1380 consola-

159 1399 283 1464 tionem
306 1399 462 1484 attulerit,
490 1400 563 1463 volo
591 1399 651 1463 tibi
680 1420 943 1485 commemorare,
975 1403 1003 1466 si
1032 1403 1123 1470 forte

160 1488 272 1552 eadem
299 1509 350 1552 res
378 1487 438 1551 tibi
465 1487 609 1552 dolorem
635 1488 779 1552 minuere
806 1490 918 1572 possit.
896 1488 1015 1554 anx
1037 1490 1123 1558 Asia

159 1577 285 1641 rediens
314 1598 431 1677 quum
440 1576 481 1638 ab
505 1574 632 1660 Aegina
654 1576 821 1661 Megaram
848 1599 960 1642 versus
983 1579 1121 1664 naviga-

159 1686 227 1730 rem
228 1665 346 1749 ,coepi
363 1664 512 1749 regiones
532 1665 736 1729 circumcirca
752 1666 948 1749 prospicere·
972 1671 1048 1749 post
1064 1690 1122 1734 me

160 1758 230 1818 erat
260 1752 401 1839 Aegina,
438 1756 513 1818 ante
545 1774 596 1818 me
627 1752 774 1843 Megara,
812 1753 923 1818 dextra
954 1753 1122 1842 Piraeeus,

159 1843 291 1908 sinistra
319 1840 433 1908 Corint
418 1842 507 1927 thus,
540 1862 621 1926 quae
653 1842 773 1926 oppida
804 1843 944 1925 quodam
971 1847 1121 1929 tempore

158 1932 387 1997 florentissima
409 1932 549 2014 fuerunt,
571 1951 658 1995 nunc
676 1933 840 2015 prostrata
859 1934 892 1994 et
910 1931 1017 1995 diruta
1040 1937 1121 1998 ante

160 2021 270 2084 oculos
291 2022 407 2084 iacent
452 1982 552 2104 Coepi
580 2022 709 2104 egomet
735 2040 861 2119 mecum
891 2019 936 2083 sio
960 2019 1120 2111 cogitare:

76 2125 80 2131 ’
158 2108 262 2192 „heml
288 2129 349 2172 nos
371 2107 559 2173 homunculi
581 2108 799 2193 indignamur,
822 2107 849 2171 si
872 2106 944 2191 quis
967 2098 1117 2175 nostrum

159 2196 283 2260 interiit
310 2199 366 2260 aut
393 2196 516 2260 occisus
544 2197 607 2278 est,
634 2216 770 2279 quorum
797 2195 865 2259 vita
891 2195 1018 2261 brevior
1046 2218 1119 2262 esse

160 2285 267 2368 debet,
297 2305 396 2367 quum
423 2305 488 2348 uno
515 2285 587 2348 loco
610 2285 661 2347 tot
684 2283 837 2367 oppidum
865 2283 1020 2357 cadavera
1042 2306 1119 2369 pro-

159 2373 243 2437 iecta
265 2371 393 2436 iacent?
438 2371 539 2436 Visne
563 2375 599 2436 tu
621 2374 667 2456 te,
691 2369 794 2456 Servi,
824 2372 972 2437 cohibere
996 2374 1028 2436 et
1049 2394 1118 2437 me-

159 2461 290 2525 minisse
322 2460 487 2526 hominem
518 2464 550 2524 te
583 2481 652 2524 esse
683 2458 842 2524 natum?“
893 2456 993 2525 Crede
1025 2461 1118 2544 mihi,

160 2550 356 2635 cogitatione
389 2571 427 2613 ea
458 2571 526 2613 non
557 2548 760 2613 mediocriter
792 2570 863 2614 sum
897 2549 1118 2615 confirmatus.

159 2638 230 2703 Hoc
253 2639 348 2722 idem,
371 2639 398 2702 si
421 2638 481 2702 tibi
503 2638 637 2720 videtur,
659 2637 711 2701 fao
735 2640 810 2701 ante
834 2637 944 2701 oeulos
963 2636 1024 2701 tibi
1041 2659 1117 2721 pro-

159 2748 275 2810 ponas:
306 2727 404 2792 modo
431 2747 497 2791 uno
526 2729 670 2809 tempore
702 2728 753 2790 tot
781 2726 842 2790 viri
870 2725 1038 2790 clarissimi
1067 2726 1117 2789 in-

159 2814 325 2897 terierunt,
346 2815 384 2878 de
403 2814 537 2898 imperio
552 2814 664 2899 populi
677 2812 817 2878 Romani
830 2817 923 2878 tanta
938 2813 1117 2880 deminutio

159 2903 247 2967 facta
270 2907 332 2988 est,
361 2924 471 2968 omnes
500 2902 684 2987 provinciae
709 2906 942 2986 conquassatae
965 2904 1054 2985 sunt3
1081 2902 1119 2967 in

160 2993 255 3057 unius
274 2992 478 3056 mulierculae
497 2992 640 3056 animula
658 2991 686 3055 si
703 2991 828 3055 iactura
841 2991 928 3055 facta
946 2993 1005 3074 est,
1022 2993 1117 3055 tento

161 3103 256 3165 opere
280 3081 511 3146 commoveris?
534 3102 616 3165 quae
640 3081 667 3144 si
689 3079 752 3143 hoc
774 3083 918 3163 tempore
941 3101 1009 3143 non
1032 3078 1118 3143 diem

161 3193 255 3236 suum
279 3169 413 3254 obisset,
440 3169 551 3253 paucis
573 3172 650 3253 post
672 3168 766 3232 annis
789 3172 899 3232 tamen
927 3168 956 3232 ei
979 3167 1114 3231 morien·

126 3259 238 3324 edum
265 3259 341 3343 fuit,
369 3258 522 3343 quoniam
548 3258 646 3322 homo
674 3259 753 3321 nata
779 3257 894 3321 fuerat.
943 3255 1054 3321 Etiam
1081 3258 1118 3320 tu

232 3451 284 3520 Ep.
304 3457 329 3522 ὅ,
344 3458 369 3506 4.
408 3450 541 3507 Pr‘raeeus
561 3449 637 3520 (On).
675 3449 795 3505 Piraeus
811 3448 877 3504 ΜΒ.
