2370 3878
338 161 597 217 EPISTOLARIJM
615 162 675 217 VII.
695 167 808 217 20-23.
988 161 1054 225 215

521 411 626 476 XXII.

433 523 489 578 Ser.
510 540 583 579 anno
601 525 716 580 incerto.

358 646 487 702 CICERO
507 647 691 704 TREBATIO
712 648 788 703 SAL.

162 746 316 814 Illuseras
338 747 410 813 heri
432 748 517 811 inter
540 748 687 832 scyphos,
710 749 796 832 quod
816 748 957 814 dixeram
980 770 1054 814 con·

93 837 287 904 troversiam
310 858 388 920 esse,
410 839 561 921 possetne
579 837 681 922 heres,
704 838 790 920 quod
812 837 934 902 furtum
959 842 1054 902 antea

93 926 222 993 factum
240 929 332 1008 esset,
353 924 434 989 furti
452 928 537 988 recte
557 946 661 1010 agere.
697 925 820 1008 Itaque,
843 927 903 990 etsi
925 927 1055 992 domum

94 1016 181 1080 bene
203 1018 300 1098 potus
324 1034 457 1096 seroque
480 1014 650 1098 redieram,
678 1017 788 1077 tamen
811 1014 843 1077 id
867 1019 976 1098 caput,
999 1016 1055 1078 ubi

96 1104 179 1168 haec
197 1103 417 1167 controversia
435 1105 493 1184 est,
510 1103 622 1167 notavi
636 1105 669 1165 et
682 1103 877 1185 descriptum
896 1103 955 1167 tibi
973 1104 1055 1186 misi,

96 1195 136 1256 ut
154 1192 251 1255 scires
269 1190 311 1272 id,
334 1191 420 1274 quod
437 1193 474 1253 tu
492 1191 654 1254 neminem
673 1191 810 1255 sensisse
830 1190 966 1274 dicebas,
985 1188 1054 1254 Sex.

98 1279 244 1362 Aelium,
274 1277 328 1342 Μ’.
355 1278 539 1361 Manilium,
570 1278 613 1342 M.
640 1278 779 1342 Brutum
812 1280 961 1344 sensisse:
994 1300 1054 1363 ego

98 1371 210 1432 tamen
233 1365 404 1431 Scaevolae
428 1371 460 1430 et
483 1367 598 1431 Testae
622 1368 788 1433 assentior.

515 1577 637 1643 XXIII.

136 1689 195 1745 Ser.
214 1690 320 1746 Itomae
343 1691 419 1758 (ante
438 1691 547 1744 Tulliae
567 1691 675 1746 obitum
693 1693 722 1745 et
740 1692 804 1760 post
821 1690 934 1746 initium
953 1691 1021 1746 belli

349 1760 448 1827 civille,
467 1762 585 1817 fortasse
605 1779 629 1816 a.
648 1781 674 1816 u.
695 1779 718 1816 c.
739 1766 808 1831 708).

267 1886 311 1940 M.
331 1885 458 1941 CICERO
479 1886 505 1939 S·
524 1886 557 1940 D.
576 1886 613 1939 M.
633 1885 743 1940 FADIO
764 1884 891 1939 GALLO.

170 1984 311 2051 Tantum
334 1985 420 2070 quod
444 2006 482 2048 ex
504 1984 656 2067 Arpinati
674 2005 833 2066 veneram,
856 2005 955 2067 quum
977 1983 1090 2050 mihil

102 2095 122 2137 a
152 2076 185 2137 te
216 2075 342 2138 litterae
374 2074 516 2138 redditae
549 2077 638 2156 sunt,
670 2073 710 2137 ab
743 2071 917 2155 eodemque
949 2073 1057 2156 accepi

102 2160 234 2226 Avianii
250 2163 385 2244 litteras,
405 2162 440 2225 in
459 2162 573 2245 quibus
592 2161 654 2225 hoc
671 2162 777 2225 inerat
789 2160 1056 2242 liberalissimum,

102 2250 236 2314 nomina
259 2273 292 2315 se
315 2251 490 2333 facturum,
518 2272 617 2333 quum
639 2251 792 2334 venisset,
824 2272 887 2334 qua
909 2271 969 2334 ego
992 2251 1056 2313 vel-

102 2338 166 2401 lem
189 2338 248 2402 die.
293 2339 368 2422 Fac,
392 2339 598 2422 quaesc,·qui
621 2359 681 2423 ego
705 2361 784 2423 sum,
807 2360 875 2402 esse
898 2342 943 2403 te:
967 2342 1057 2402 estne

104 2429 161 2489 aut
186 2427 236 2491 tui
263 2427 394 2511 pudoris
423 2430 479 2491 aut
501 2427 605 2491 nostri
630 2428 770 2511 primum
798 2448 913 2511 rogare
936 2427 975 2490 de
998 2426 1058 2510 die,

104 2512 218 2577 deinde
241 2516 314 2598 plus
337 2536 447 2579 annua
468 2515 655 2599 postulare?
679 2515 734 2580 sed
757 2518 872 2597 essent,
894 2514 939 2578 mi
958 2512 1057 2597 Galle,

104 2602 213 2666 omnia
239 2603 359 2687 facilia,
392 2604 420 2667 si
447 2608 481 2668 et
507 2625 545 2667 ea
571 2608 729 2668 mercatus
757 2624 855 2686 esses,
887 2623 968 2685 quae
996 2623 1056 2686 ego

103 2689 332 2775 desiderabam,
355 2693 388 2755 et
410 2692 450 2756 ad
474 2713 545 2756 eam
567 2714 738 2774 summam,
761 2712 857 2775 quam
880 2691 1056 2772 volueram3

104 2799 141 2842 ac
163 2782 273 2843 tamen
296 2780 359 2844 ista
381 2781 461 2864 ipsa,
484 2802 566 2865 quae
588 2784 621 2845 te
645 2781 758 2844 emisse
777 2779 899 2862 scribis,
921 2800 989 2843 non
1008 2801 1056 2843 so·

103 2866 170 2931 lum
192 2871 264 2932 rata
287 2869 367 2932 mihi
390 2872 498 2950 erunt,
521 2869 576 2932 sed
600 2869 696 2932 etiam
719 2870 825 2952 grata3
852 2868 948 2950 plane
971 2867 1057 2931 enim

103 2954 249 3041 intelligo
281 2961 313 3021 te
346 2979 413 3021 non
445 2954 541 3020 modo
574 2956 693 3037 studiu,
729 2956 785 3019 sed
821 2956 918 3019 etiam
949 2976 1057 3020 amore

102 3065 206 3128 usum,
229 3067 310 3146 quae
328 3049 362 3108 te
383 3043 581 3127 delectarint,
603 3043 776 3124 hominem,
798 3045 835 3105 ut
853 3062 913 3127 ego
933 3063 1058 3125 semper

102 3130 311 3216 iudicavi,1n
335 3133 424 3198 omni
446 3130 562 3196 iudicio
587 3129 725 3215 elegant
716 3130 875 3212 1ssimum,
902 3150 983 3213 quac
1006 3151 1057 3192 me

103 3218 202 3306 digna
224 3225 282 3322 put
283 3222 356 3307 aris,
380 3221 541 3287 coemisse.
583 3218 645 3285 Sed
668 3218 764 3284 velim
786 3220 917 3281 maneat
938 3216 1055 3280 Dama·
1075 3230 1091 3280 2

103 3308 214 3392 sippus
236 3311 271 3373 in
294 3311 432 3375 sentent'
409 3316 467 3392 t1a3
494 3331 625 3394 prorsus
654 3307 740 3372 enim
768 3328 807 3370 cx
829 3305 899 3369 istis
923 3306 1056 3389 emptic-

103 3397 198 3461 nibus
225 3386 348 3461 nullam
371 3398 570 3481 desidero3t
571 3421 592 3462 u
620 3401 676 3462 aut
677 3418 727 3461 em
741 3396 886 3498 ,ignarus
915 3394 1030 3458 1nstt
1031 3394 1057 3459 t

104 3485 178 3569 mei,
208 3487 320 3570 quanti
348 3506 408 3571 ego
437 3506 538 3571 genus
562 3486 694 3551 omnino
722 3484 889 3569 signorum
913 3483 1057 3547 omnium
