2370 3878
376 132 634 188 EPISTOLARUM
653 132 728 187 VIII.
749 140 772 187 8.
990 134 1053 195 941

93 304 120 349 ι.
140 302 166 345 c.
190 280 471 362 intercesserit,
495 278 648 343 senatui
670 279 823 361 placere
845 278 1056 343 auctorita·

93 374 175 435 lem
197 368 386 453 perscribi
408 371 446 432 el
469 367 513 431 dc
536 389 578 430 ea
601 389 640 430 re
664 366 709 429 ad
737 370 911 431 senatum
938 388 1056 450 popu-

94 460 251 541 lumque
273 456 420 521 referri.
456 455 553 519 Huic
574 477 596 518 s.
615 477 640 519 c.
664 455 891 519 intercessit
914 453 947 519 O.
967 453 1057 519 an-

95 546 189 630 lius,
224 550 259 609 L.
295 544 486 628 Vinicius,
522 542 557 607 P.
595 541 811 627 Cornelius,
849 541 882 608 0.
919 543 1057 608 Vibius

96 634 239 717 Pensa,
262 634 405 697 tribuni
421 634 471 715 pl.

165 722 263 787 Ibem
286 722 438 786 senatui
461 722 614 805 placere
638 719 681 783 de
705 720 909 804 militibus,
933 722 997 804 qui
1020 721 1058 785 in
1078 730 1093 778 7

98 811 273 877 exercitu
296 807 329 875 Ο.
350 808 526 875 Caesaris
550 812 652 891 sunl,
675 809 738 892 qui
761 830 889 873 eorum
913 811 1058 892 slipen-

99 900 165 965 dia
200 899 360 963 emerita
397 902 462 962 aul
498 919 646 978 causas,
683 896 820 980 quibus
857 897 900 960 de
932 899 1059 962 causis

100 988 211 1053 missi
233 987 323 1051 fieri
347 987 525 1069 debeant,
551 985 733 1067 habeant,
763 985 808 1048 ad
835 985 935 1048 hunc
959 986 1059 1049 ordi-

100 1098 187 1143 nem
215 1074 369 1158 referri,
395 1079 437 1139 ut
464 1096 592 1139 eorum
619 1074 720 1137 ratio
752 1072 943 1138 habeatur
974 1095 1060 1138 cau·

101 1185 243 1247 eaeque
266 1166 564 1248 cognoscantur,
588 1163 722 1246 siquis
745 1161 833 1226 hurc
853 1184 876 1225 s
897 1182 922 1225 c
941 1162 1060 1226 inter·

101 1252 300 1336 cessissel,
331 1251 485 1315 senatui
507 1251 659 1335 placere
683 1251 956 1315 auctoritatem
979 1273 1061 1334 per-

102 1340 222 1405 scribi
250 1344 287 1403 ct
314 1340 357 1403 de
385 1362 427 1403 ea
448 1361 487 1403 re
516 1339 560 1403 ad
587 1340 687 1404 hunc
716 1339 886 1403 ordinem
915 1339 1061 1403 referri.

102 1428 203 1494 Huic
234 1449 258 1491 s.
281 1449 307 1492 c.
339 1424 564 1515 intercessit
596 1426 629 1492 0.
659 1426 826 1511 Caclius,
859 1425 893 1492 O.
925 1427 1062 1511 Pansa,

103 1517 256 1581 tribuni
279 1517 325 1599 pl.

171 1603 343 1688 Itemque
367 1605 520 1669 senatui
542 1606 695 1688 placere
718 1606 758 1668 in
777 1604 953 1670 Ciliciam
976 1628 1061 1690 prc—
1081 1620 1098 1669 8

104 1692 286 1776 vinciam,
317 1693 356 1757 in
385 1707 466 1753 vl11
497 1694 667 1777 reliquas
700 1695 937 1776 provincias,
969 1717 1062 1776 quas

104 1781 296 1867 praetorii
314 1803 382 1864 pro
401 1786 579 1864 praetore
603 1778 877 1866 oblinlerlcnl,
900 1803 976 1863 e0S,
1000 1783 1064 1865 qui

105 1872 307 1955 praetores
329 1870 491 1933 fuerunl
517 1890 639 1953 neque
666 1869 705 1931 in
734 1869 958 1952 provincias
982 1890 1064 1932 cum

104 1957 268 2059 imperio
291 1958 457 2058 iverunt,
472 1979 574 2057 'quos
598 1978 726 2021 eorum
746 1978 790 2019 ex
809 1979 832 2020 s.
851 1977 876 2020 c.
897 1978 977 2020 cum
996 1958 1063 2020 im-

104 2046 216 2131 perio
239 2045 280 2109 in
302 2045 526 2129 provincias
544 2067 611 2130 pro
633 2049 813 2146 praebere
832 2045 935 2109 milii
955 2067 1065 2129 opor·

104 2135 222 2216 teret,
254 2154 317 2198 ecs
350 2134 447 2199 sorti
452 2134 533 2198 to
523 2156 563 2198 rn
594 2134 817 2218 provincias
849 2134 953 2197 milli
984 2136 1065 2236 pla-

105 2243 207 2304 cere3
230 2222 263 2285 si
281 2243 323 2286 ex
342 2244 383 2287 eo
403 2244 573 2304 numero,
592 2244 685 2306 quos
704 2243 745 2286 ec
763 2244 787 2286 s
807 2243 831 2286 c
852 2223 892 2286 in
911 2224 1065 2306 provin-

61 2354 65 2361 ·
107 2309 267 2375 ciesire
291 2332 385 2394 opor
389 2314 501 2393 t,erel
529 2311 793 2375 adnumerum
820 2331 896 2375 non
924 2315 1066 2394 esseni,

108 2398 174 2482 qui
196 2399 236 2461 in
259 2419 321 2462 eas
345 2400 569 2482 provincias
591 2399 952 2483 proficiscerentur,
975 2403 1067 2483 lum,

106 2486 167 2550 uli
199 2486 375 2570 quodque
408 2488 615 2572 collegium
650 2488 811 2570 primum
846 2492 1067 2571 praetorum

107 2574 251 2638 fuisset
274 2595 394 2658 neque
417 2576 457 2639 in
484 2575 704 2658 provincias
732 2574 900 2658 profecti
923 2578 1068 2657 essent,

107 2663 166 2726 iia
194 2665 297 2727 scrle
329 2664 367 2727 in
395 2664 616 2746 provincias
644 2664 1004 2746 proficiscerentur3
1037 2664 1068 2727 si

108 2750 139 2814 ii
171 2750 216 2813 ad
247 2772 443 2815 numerum
472 2774 549 2816 non
580 2755 724 2834 esseni,
755 2755 846 2815 bunc
874 2751 1068 2837 deinceps,

108 2838 274 2923 proximi
293 2841 477 2924 cuiusque
496 2840 653 2924 collegii
673 2840 736 2923 qui
754 2843 953 2923 praetores
972 2840 1068 2904 fuis-

110 2930 199 2991 sent
234 2948 356 3012 neque
393 2929 433 2991 in
469 2928 690 3011 provincias
726 2928 894 3011 profecti
928 2932 1069 3012 esseni,

107 3015 151 3078 in
174 3019 319 3080 sortem
350 3017 649 3099 coniiccrcnlur,
682 3016 806 3099 quoad
835 3017 867 3079 is
891 3038 1069 3081 numerus

110 3102 277 3167 effectus
301 3108 417 3188 esset,
441 3126 549 3188 quem
572 3104 617 3168 ad
640 3124 836 3168 numerum
857 3105 896 3168 in
913 3104 1069 3188 provin·

116 3329 123 3341 .
181 3258 241 3342 Ep,
254 3266 287 3342 8,
299 3266 322 3314 8.
361 3261 536 3332 obtia[er]eel
560 3260 634 3330 (Wl.
682 3260 834 3342 obtinerent
851 3259 902 3325 M„
921 3258 1015 3340 yulgo.
1035 3287 1069 3296 -

109 3345 142 3382 m
156 3344 318 3397 provincias
332 3346 353 3384 c.
368 3332 387 3384 i.
402 3333 512 3386 iveram
525 3331 600 3399 (W.).
638 3332 670 3384 ia
686 3332 859 3398 provinciam
877 3345 898 3383 c.
918 3346 936 3382 a.
956 3329 1072 3410 fueruat

110 3398 175 3452 ΜΒ.
195 3428 231 3440 -
248 3405 315 3483 turre
333 3401 373 3466 d„
392 3403 517 3469 proximi
540 3417 561 3455 c.
586 3402 692 3484 cellapii
714 3402 763 3469 qai
786 3400 833 3467 (W
835 3402 860 3468 .).
904 3403 922 3453 t.
947 3400 1071 3468 decaceps

109 3485 154 3555 pr.
173 3485 195 3524 c.
215 3486 313 3566 apua
331 3471 424 3540 vulgo.
446 3501 479 3512 -
497 3477 555 3526 tum
572 3472 699 3544 dauceps
716 3470 801 3544 (er

160 3554 272 3595 &aaronis
284 3557 348 3604 epist.
361 3559 379 3597 1
837 3569 877 3620 ἲς)
