2370 3878
40 3553 48 3563 ¹
162 3482 202 3535 Μ,
241 3500 303 3539 eam
321 3500 379 3541 rem

181 151 247 214 402
464 153 502 206 Μ.
522 153 645 207 TULLII
664 153 855 209 CICERONIS

181 300 219 360 ut
237 296 276 360 iis
295 317 364 362 mos
384 297 542 380 gerendus
562 297 603 360 sit
603 298 745 380 ,quibus
764 299 964 364 adiutoribus
984 302 1027 364 sit
1045 308 1142 385 parta

180 385 246 447 vict
247 384 323 449 oria
368 383 527 485 Equidem
554 385 599 448 sic
622 386 687 449 iam
710 386 860 470 obdurui,
888 390 924 451 ut
951 389 1036 452 ludis
1062 389 1140 456 Cae-

182 472 262 535 saris
285 472 388 536 nostri
411 473 518 538 animo
542 473 733 556 aequissimo
756 475 898 539 arderem
917 475 953 539 T
971 476 1140 561 Plancum,

181 559 324 623 audirem
347 558 475 624 Laberii
502 565 535 625 et
561 559 691 624 Publilii
709 567 880 662 ,poemata
934 563 1025 629 Nihil
1059 531 1140 630 mihi

180 651 248 710 tam
280 647 388 711 deesse
421 649 501 713 scito
534 671 630 732 quam
662 650 790 751 quicum
822 650 901 716 haec
933 652 1139 718 familiariter

181 735 336 818 docteque
359 736 529 800 rideam:
520 759 548 800 rs
575 738 710 820 tueris,
738 739 765 801 si
794 760 890 822 quam
916 741 1058 824 primum
1086 765 1137 806 ve-

180 824 280 905 neris3
307 824 392 907 quod
415 829 452 889 ut
474 826 586 910 facias,
614 847 682 890 non
710 848 781 890 mea
809 828 927 912 solum,
955 829 1010 892 sed
1040 831 1137 894 etiam

180 914 236 976 tua
258 912 412 983 interesse
436 914 583 978 arbitror.

613 1106 700 1172 XIX.

373 1216 430 1273 Ser.
449 1217 555 1272 Itomae
574 1218 625 1272 sub
644 1218 728 1273 finem
746 1234 771 1274 a.
790 1235 817 1275 u.
836 1234 859 1274 c.
880 1225 939 1276 708.

430 1337 558 1394 CICERO
578 1340 786 1396 CORNIFICIO
806 1341 880 1396 SAL.

145 1451 159 1500 1
245 1439 469 1504 Libentissime
492 1440 557 1524 legi
579 1444 652 1505 tuas
675 1441 809 1526 litteras,
831 1442 1000 1524 inquibus
1023 1443 1134 1508 iucun-

180 1527 346 1591 dissimum
373 1527 452 1591 mihi
479 1528 554 1611 1011,
584 1530 670 1612 quod
698 1530 835 1614 cognovi
862 1551 949 1594 meas
976 1531 1037 1594 tibi
1065 1532 1134 1595 red·

179 1614 262 1679 ditas
286 1638 368 1699 esse3
390 1637 458 1680 non
481 1616 567 1680 enim
590 1616 790 1700 dubitabam,
818 1618 896 1701 quin
919 1639 972 1682 eas
996 1619 1135 1684 libenter

177 1705 318 1768 lecturus
351 1726 449 1787 esses,
480 1705 627 1788 verebar,
659 1708 695 1768 ut
725 1705 943 1770 redderentur.
996 1704 1135 1789 Bellum,

179 1793 263 1875 quod
287 1794 367 1857 est
358 1815 393 1856 m
417 1791 521 1877 Syria,
549 1790 736 1894 Syriamque
764 1793 963 1877 provinciam
989 1793 1051 1858 tibi
1078 1796 1134 1859 tri-

177 1880 289 1946 butam
312 1903 380 1946 esse
403 1904 423 1946 a
445 1878 581 1946 Caesare
604 1904 642 1946 ex
664 1881 729 1945 tuis
751 1882 867 1967 litteris
886 1882 1037 1966 cognovi:
1063 1903 1134 1947 eam

178 1969 306 2071 quidem
335 1992 405 2034 rem
442 1970 502 2035 tibi
533 1972 606 2035 volo
643 1969 725 2033 bene
757 1973 789 2033 et
824 1969 960 2033 feliciter
992 1971 1135 2054 evenire3

178 2058 299 2140 quod
290 2063 337 2122 110
302 2058 437 2123 11010
469 2058 595 2124 confido
622 2057 725 2122 fretus
753 2061 785 2121 et
807 2058 1031 2121 industriat
999 2061 1031 2121 et
1058 2081 1135 2141 pru·

143 2145 287 2208 udentia
308 2150 374 2211 tua.
420 2145 491 2230 Sed,
514 2146 552 2210 de
574 2144 717 2210 Parthici
742 2146 819 2210 belli
841 2146 1022 2228 suspicione
1046 2147 1134 2230 quod

178 2233 304 2318 scribis,
331 2256 409 2298 sane
441 2256 491 2298 me
519 2234 705 2298 commovit:
736 2234 814 2315 quid
842 2233 1007 2317 copiarum
1034 2233 1133 2297 habe-

176 2341 241 2404 res,
268 2343 367 2404 quum
393 2323 462 2406 ipse
484 2323 669 2386 'coniectura
696 2322 848 2405 consequi
875 2325 1034 2404 poteram,
1062 2326 1134 2386 tum

177 2429 216 2472 ex
245 2410 311 2474 tuis
342 2410 457 2474 litteris
489 2410 640 2494 cognovi:
672 2410 781 2493 itaque
813 2413 905 2494 opto,
936 2430 977 2473 ne
1010 2430 1044 2472 se
1075 2410 1134 2474 illa

177 2516 257 2582 gens
280 2501 408 2563 moveat
429 2497 491 2563 hoc
513 2501 667 2582 tempore,
690 2498 766 2562 dum
789 2498 830 2562 ad
852 2500 885 2561 te
907 2498 1051 2582 legiones
1075 2517 1133 2562 eae

175 2587 407 2670 perducantur,
439 2607 517 2669 quas
545 2585 639 2650 audio
673 2585 758 2668 duci3
791 2585 876 2670 quod
904 2586 930 2649 si
956 2606 1051 2669 pares
1080 2607 1133 2650 co·

175 2675 247 2757 pias
274 2675 315 2739 ad
343 2673 581 2759 confligendum
607 2695 675 2739 000
701 2673 850 2756 habebis,
878 2692 946 2738 non
972 2677 1004 2738 te
1027 2673 1135 2757 fugiet

176 2763 225 2826 uti
247 2763 381 2828 consilio
409 2761 452 2827 M.
475 2761 598 2846 Bibuli,
626 2761 680 2846 qui
707 2783 741 2826 se
768 2760 887 2846 oppido
915 2761 1132 2826 munitissimo

177 2853 210 2912 et
242 2850 463 2934 copiosissimo
493 2850 617 2915 tamdiu
653 2851 771 2934 tenuit,
808 2849 960 2934 quamdin
991 2850 1027 2914 in
1058 2871 1132 2932 pro·

141 2937 282 3002 3110010
308 2937 421 3003 Parthi
447 2939 587 3004 fuerunt.
633 2936 695 3004 Sed
722 2938 802 3003 haec
828 2938 943 3002 melius
971 2958 1010 3002 ex
1036 2958 1071 3000 re
1099 2940 1134 3000 et

176 3046 215 3089 cx
241 3030 385 3111 tempore
418 3027 606 3093 constitues:
638 3026 718 3091 mihi
746 3026 873 3110 quidem
905 3046 1006 3110 usque
1036 3046 1132 3089 curae

177 3114 246 3200 erit,
269 3115 346 3200 quid
368 3135 461 3202 agas,
483 3116 573 3200 dum,
596 3114 672 3199 quid
695 3114 812 3199 egeris,
835 3113 944 3179 sciero.
990 3112 1132 3178 Litteras

246 3341 298 3412 Ep
318 3348 399 3411 18‚2.
429 3342 549 3398 Publilii
563 3341 637 3410 (Bp
638 3340 706 3394 raes.
720 3340 757 3394 ad
770 3339 855 3395 Attio.
848 3357 897 3463 ..p
911 3339 996 3411 VIII).
1034 3339 1134 3394 Publii

175 3412 212 3465 u
215 3413 334 3483 ‘'¹¹³⁹‘'
379 3413 438 3555 Eis,
453 3419 494 3540 bl
511 3419 551 3538 ¹5
570 3411 952 3549 1111111111111)
998 3410 1132 3465 eamr
