2370 3878
61 203 110 257 Du
125 200 323 258 PETITIONE
338 199 489 257 CONSUL.
504 199 554 253 AD
568 199 604 253 M.
619 196 798 253 FRATREM
808 203 920 253 18-24.
953 196 1017 262 651

62 349 175 432 cuique
193 370 311 414 munus
330 348 382 433 sit,
400 349 442 430 et,
460 345 728 430 quemadmodum
751 345 873 410 nemini
889 344 1020 409 illorum

62 438 216 502 molestus
237 438 304 501 ulla
326 436 362 500 in
385 456 419 499 re
442 455 596 517 umquam
617 433 718 516 fuisti,
740 433 786 498 sic
805 454 895 516 eura,
912 436 950 497 ut
971 432 1019 496 in·

61 525 213 610 telligant
235 524 344 589 omnia
366 527 409 607 te,
432 543 513 605 quae
537 521 577 585 ab
596 521 660 585 illis
678 520 739 585 tibi
760 520 868 586 deberi
886 521 1020 604 putaris,

62 613 104 676 ad
126 613 188 678 boc
210 616 339 695 tempus
357 630 547 675 reservasse.
584 607 656 693 sed,
679 609 831 693 quoniam
849 609 953 673 tribus
971 593 1058 700 re·,⁶,

61 701 122 766 bus
144 701 293 766 homines
316 699 453 762 maxime
476 698 516 762 ad
540 697 798 762 benevolentiam
821 701 917 781 atque
939 697 1019 761 haec

61 788 262 873 suffragandi
289 786 397 851 studia
420 787 593 868 ducuntur,
623 785 792 869 beneficio,
815 806 886 868 spa,
908 784 1019 850 adiun-

62 877 170 940 ctione
201 875 301 940 animi
334 895 371 938 ao
401 875 584 957 voluntate,
616 873 935 938 animadvertendum
963 877 1020 956 est,

63 963 332 1048 quemadmodum
372 962 486 1046 cuique
526 962 642 1026 horum
683 962 794 1046 generi
836 961 878 1025 sit
920 960 1019 1025 inser·

62 1052 224 1117 viendum.
269 1050 413 1114 Minimis
440 1050 604 1114 benefieiis
633 1050 781 1114 homines
809 1049 1020 1132 adducuntur,

62 1144 100 1204 ut
128 1141 208 1205 satis
240 1160 354 1204 causae
386 1142 502 1223 putent
531 1159 600 1203 esse
628 1138 669 1202 ad
697 1137 838 1203 studium
866 1137 1020 1221 suffraga-

62 1229 172 1312 tionis,
194 1227 313 1293 nedum
335 1227 368 1311 ii,
391 1227 506 1311 quibus
526 1227 623 1291 saluti
640 1225 740 1310 fuisti,
763 1247 843 1310 quos
860 1229 897 1289 tu
919 1225 1021 1290 habes

62 1317 233 1401 plurimos,
260 1337 327 1382 non
349 1315 547 1400 intelligant,
574 1315 602 1379 si
623 1315 686 1379 hoo
708 1317 765 1378 tuo
792 1317 938 1397 tempore
959 1313 1022 1377 tibi

16 1462 20 1469 .
63 1426 129 1470 non
153 1403 377 1486 satisfecerint,
400 1424 434 1467 se
452 1403 606 1488 probatos
627 1403 749 1467 nemini
766 1423 919 1485 umquam
940 1401 1019 1467 fore.

63 1493 157 1568 Quod
176 1515 275 1577 quum
292 1493 339 1556 ita
357 1491 408 1576 sit,
429 1495 540 1556 tamen
557 1490 695 1576 rogandi
713 1494 789 1555 sunt
807 1495 904 1574 atque
923 1491 1020 1556 etiam

63 1582 98 1646 in
120 1581 205 1646 hane
229 1581 415 1665 opinionem
438 1578 625 1663 adducendi,
647 1582 697 1663 ut,
720 1579 774 1663 qui
797 1579 902 1643 adhue
924 1580 1020 1645 nobis

63 1669 199 1755 obligati
221 1669 357 1752 fuerint,
383 1668 423 1733 iis
446 1667 587 1733 vicissim
609 1688 670 1731 nos
693 1667 830 1752 obligari
857 1690 952 1751 posse
975 1667 1019 1731 ri·

63 1757 204 1822 deomur.
250 1756 313 1833 Qui
335 1759 443 1820 autem
466 1776 523 1840 spe
544 1758 706 1838 tenentur,
728 1755 814 1838 quod
837 1775 940 1839 genus
962 1755 1019 1820 ho·
1034 1781 1060 1821 ss

62 1846 187 1910 minum
213 1845 315 1909 multo
344 1843 442 1907 etiam
474 1845 523 1907 est
555 1841 740 1928 diligentius
771 1847 867 1926 atque
899 1843 1019 1908 officio-

62 1934 143 2017 sius,
174 1933 214 1997 iis
241 1931 294 1996 fac
321 1934 359 1995 ut
390 1931 592 2015 propositum
618 1953 656 1995 ao
684 1934 833 2015 paratum
866 1931 1020 1996 auxilium

61 2025 155 2086 tuum
178 2042 247 2085 esse
270 2019 427 2103 videatur,
449 2019 586 2103 denique
605 2023 643 2084 ut
660 2022 874 2104 spectatorem
896 2023 930 2084 te
948 2042 1019 2085 suo-

62 2131 134 2174 rum
162 2109 341 2173 officiorum
369 2128 439 2173 esse
465 2108 653 2193 intelligant
679 2107 880 2192 diligentem,
911 2111 949 2172 ut
975 2108 1019 2173 ri·

62 2197 137 2262 dere
159 2201 192 2261 tc
210 2198 306 2281 plane
326 2199 422 2280 atque
441 2195 704 2280 animadvertere,
726 2199 884 2280 quantum
902 2219 923 2261 a
943 2218 1021 2280 quo-

62 2307 124 2369 que
150 2284 386 2370 proficiscatur,
417 2287 580 2368 appareat.
630 2283 774 2349 Tertium
805 2284 885 2349 illud
918 2306 1020 2371 genus
1035 2309 1060 2350 ss

62 2377 113 2438 est
139 2374 319 2438 studiorum
349 2372 582 2458 voluntarium,
614 2373 699 2458 quod
731 2373 864 2458 agendis
897 2375 1020 2459 gratiis,

62 2461 342 2527 accommodandis
361 2461 562 2527 sermonibus
581 2461 621 2526 ad
641 2483 695 2526 eas
713 2462 865 2546 rationes,
887 2466 1020 2547 propter

61 2573 142 2635 quas
174 2550 308 2635 quisque
341 2549 503 2615 studiosus
533 2551 583 2615 tui
616 2572 684 2615 esse
715 2549 890 2633 videbitur,
920 2551 1019 2634 signi-

59 2639 189 2705 ficanda
201 2659 279 2724 ergo
292 2639 366 2703 illos
384 2639 455 2724 pari
473 2639 650 2722 voluntate,
670 2638 859 2702 adducenda
877 2638 1020 2703 amicitia

60 2727 95 2792 in
125 2751 216 2813 spem
247 2727 477 2791 familiaritatis
505 2730 539 2791 et
564 2725 806 2791 consuetudinis
836 2725 1020 2792 confirmari

62 2815 233 2901 oportebit.
269 2815 377 2898 Atque
399 2815 435 2878 in
457 2815 497 2878 iis
516 2815 665 2879 omuibus
683 2814 855 2900 generibus
877 2814 1019 2880 iudicato

61 2908 94 2967 et
116 2902 321 2988 perpendito,
344 2904 502 2986 quantum
524 2903 658 2986 quisque
680 2902 798 2986 possit,
820 2906 858 2967 ut
871 2903 963 2981 scias
986 2906 1020 2968 et

61 2989 330 3075 quemadmodum
367 2990 480 3073 cuique
515 2990 672 3055 inservias
708 2993 741 3055 et
777 2991 853 3074 quid
883 3013 910 3056 a
942 3013 1019 3076 quo·

61 3101 124 3163 quc
148 3081 312 3163 exspectes
336 3099 374 3142 ac
395 3078 549 3163 postules.
594 3076 678 3144 Sunt
699 3079 786 3144 enim
809 3079 939 3162 quidam
961 3080 1018 3145 ho·
1032 3103 1059 3143 ar

60 3168 164 3233 mines
191 3168 226 3231 in
258 3166 324 3230 suis
356 3166 577 3232 vicinitatibus
604 3169 638 3232 et
663 3166 847 3251 municipiis
874 3168 1019 3254 gratiosi,

61 3261 137 3320 sunt
164 3255 335 3340 diligentes
362 3257 397 3318 et
422 3256 559 3340 copiosi,
590 3256 646 3340 qui
673 3256 798 3321 etiamsi
826 3259 922 3322 antea
951 3278 1018 3322 uon

149 3471 173 3532 θ,
188 3470 231 3519 21.
268 3466 447 3521 adducuntur
465 3460 536 3535 (L'.)¹r
582 3452 634 3520 aas
652 3469 678 3520 te
699 3480 813 3521 suorum
830 3466 876 3534 off.
901 3464 1017 3537 (vulgo).

59 3539 84 3591 tc
101 3534 148 3606 [a]
167 3537 212 3605 off.
232 3534 287 3603 Or,
304 3536 336 3591 B.
374 3542 399 3592 te
416 3537 462 3605 off.
481 3536 539 3590 Erl.
