2370 3878
422 186 681 241 EPISTOLARUM
699 186 732 240 V.
752 192 776 239 2.
1015 186 1077 250 123

120 329 231 413 eaede,
267 331 380 394 urbem
412 330 581 413 incendiis,
617 330 744 394 Italiam
780 330 865 394 bello
901 330 1077 396 liberasset

90 414 234 501 “ltaque
267 439 328 502 ego
359 416 504 502 Metello,
540 419 633 483 fratri
665 423 735 502 tuo,
766 419 929 502 praesenti
960 421 1076 485 restiti:

120 528 197 569 narn
224 507 259 569 in
287 510 401 570 senatu
429 506 501 572 Kal.
533 506 691 571 Ianuariis
724 508 770 571 sie
802 527 874 571 eum
901 528 939 571 eo
971 507 1010 570 de
1042 530 1077 573 re

119 595 249 677 publiea
272 595 442 678 disputavi,
463 599 502 659 ut
524 597 658 660 sentiret
680 595 741 659 sibi
764 616 836 659 eum
855 595 923 659 viro
943 594 1022 659 forti
1045 601 1078 661 et

121 683 285 747 constanti
308 704 377 746 esse
400 683 624 767 pugnandum,
654 702 682 745 a.
705 681 734 745 d.
757 696 809 741 111.
832 681 917 748 Non.
939 683 1077 767 Ianuar,

121 791 221 851 quum
239 790 334 854 agere
353 771 519 854 coepisset,
541 771 637 835 tertio
656 791 783 853 quoque
802 770 900 835 verbo
922 772 1077 837 orationis

121 879 197 921 suae
217 879 267 922 me
287 858 481 942 appellabat,
493 858 574 921 mihi
592 859 786 941 minabatur,
802 879 906 942 neque
924 859 972 923 illi
987 861 1076 942 quid·

121 967 218 1028 quam
238 946 443 1010 deliberatius
461 946 524 1011 fuit
543 968 640 1029 quam
653 966 713 1031 me,
733 967 932 1030 quacumque
951 947 1076 1013 ratione

120 1038 244 1118 posset,
273 1057 341 1099 non
363 1034 481 1100 iudicio
504 1055 609 1117 neque
632 1034 873 1117 disceptatione,
896 1035 952 1099 sed
974 1037 1007 1099 vi
1030 1040 1076 1101 at·

121 1143 183 1204 que
205 1123 416 1207 impressione
440 1127 589 1187 evertere.
634 1121 739 1186 Huius
769 1140 829 1206 ego
851 1122 1026 1187 temeritati
1050 1126 1077 1188 si

120 1211 239 1274 virtute
263 1215 359 1293 atque
382 1211 490 1275 animo
509 1232 577 1274 non
595 1206 793 1293 restitissem,
817 1211 887 1293 quis
907 1215 1000 1295 esset,
1022 1214 1077 1295 qui

121 1319 172 1360 me
195 1299 230 1361 in
254 1300 423 1362 consulatu
445 1321 513 1362 non
537 1320 611 1363 easu
634 1299 742 1382 potius
762 1298 958 1363 existimaret
980 1321 1077 1383 quarn

121 1385 255 1448 consilio
278 1386 396 1449 fortem
418 1386 540 1451 fuisse?
581 1386 670 1451 Haeo
693 1387 720 1450 si
742 1390 778 1451 tu
801 1385 968 1451 Metellum
991 1390 1075 1473 eogi-
1095 1403 1111 1450 9

119 1477 190 1536 tare
219 1472 256 1536 de
284 1496 335 1538 me
362 1475 505 1557 nescisti,
538 1475 633 1539 debes
661 1475 842 1539 existimare
869 1479 901 1539 te
929 1478 1075 1541 maximis

122 1561 160 1624 de
182 1562 278 1625 rebus
301 1570 321 1625 a
343 1563 443 1627 fratre
467 1585 535 1627 esse
563 1566 714 1646 uelatum,
742 1563 792 1627 sin
820 1567 928 1627 autem
955 1565 1077 1647 aliquid

121 1648 297 1731 impertivit
327 1652 387 1715 tibi
424 1652 473 1716 sui
503 1652 628 1716 consilii
635 1702 643 1734 ,
679 1652 760 1715 lenis
793 1673 813 1714 a
843 1655 875 1716 te
908 1656 941 1716 et
971 1652 1075 1716 facilis

122 1737 296 1801 existimari
320 1739 429 1824 debeo,
453 1741 507 1823 qui
530 1741 612 1804 nihil
634 1744 741 1804 tecum
765 1738 803 1802 de
821 1739 860 1802 iis
879 1740 957 1824 ipsis
980 1741 1075 1805 rebus

121 1826 328 1908 expostulem.
368 1827 422 1911 Et,
445 1829 472 1891 si
494 1828 649 1911 intelligis
672 1849 740 1892 non
762 1848 813 1890 me
836 1828 921 1891 dieto
945 1826 1075 1911 Metelli,

120 1916 157 1976 ut
185 1915 310 1996 scribis,
337 1914 393 1978 sed
421 1916 554 1979 oonsilio
582 1916 650 1979 eius
678 1916 848 1997 animoque
876 1915 910 1976 in
937 1936 988 1977 me
1015 1916 1075 1978 ini-

120 2001 294 2064 micissimo
318 2023 387 2065 esse
411 2005 615 2084 commotum,
639 2022 796 2085 eognosoe
820 2022 906 2065 nune
928 2002 1076 2066 humani-

119 2092 221 2152 tatem
243 2110 362 2172 meam,
390 2089 416 2153 si
438 2089 623 2153 humanitas
646 2088 838 2173 appellanda
861 2090 967 2154 estin
990 2112 1074 2155 acer-

119 2176 259 2249 bissima
275 2177 393 2241 iniuria
415 2177 560 2242 remissio
584 2177 683 2241 animi
713 2198 750 2242 ae
773 2177 952 2243 dissolutio:
985 2181 1075 2244 nulla

120 2268 169 2328 est
192 2287 211 2329 a
229 2287 280 2330 me
298 2288 452 2350 umquam
475 2267 635 2330 sententia
658 2266 743 2330 dieta
761 2266 795 2328 in
813 2265 947 2331 fratrem
968 2271 1074 2350 tuum3

120 2355 381 2438 quotiescumque
401 2355 520 2438 aliquid
540 2359 589 2419 est
607 2358 723 2438 aetum,
746 2354 860 2419 sedens
883 2355 921 2418 iis
943 2357 1075 2438 assensi,

120 2442 175 2523 qui
198 2443 277 2506 mihi
299 2444 462 2508 lenissime
486 2444 604 2507 sentire
627 2443 688 2507 visi
712 2446 808 2507 sunt'
840 2442 967 2507 Addam
994 2445 1074 2509 illud

120 2529 226 2613 etiam,
249 2531 334 2614 quod
356 2533 422 2596 iarn
444 2551 505 2616 ego
529 2553 640 2596 curare
663 2553 731 2596 non
753 2531 863 2609 debui,
887 2532 942 2595 sed
964 2536 1074 2597 tamen

118 2617 188 2681 fieri
210 2639 278 2683 non
300 2620 433 2685 moleste
455 2620 516 2684 tuli
535 2624 631 2704 atque
650 2620 757 2702 etiam,
779 2624 816 2683 ut
833 2620 880 2683 ita
897 2619 997 2703 fieret,
1014 2641 1073 2703 pro

118 2726 190 2768 mea
208 2711 300 2791 parte
319 2709 435 2791 adiuvi,
458 2711 495 2772 ut
513 2709 617 2773 senati
636 2708 783 2773 consulto
804 2729 894 2772 meus
916 2708 1074 2792 inimicus,

119 2795 194 2877 quia
216 2799 291 2859 tuus
314 2796 414 2860 frater
433 2799 511 2880 erat,
533 2797 761 2861 sublevaretur.
781 2794 902 2870 'Quare
925 2817 993 2860 non
1012 2818 1072 2882 ego
1093 2808 1127 2857 10

119 2883 304 2966 oppugnavi
326 2883 459 2947 fratrem
482 2887 588 2967 tuum,
612 2884 667 2948 sed
689 2884 783 2948 fratri
805 2887 863 2948 tuo
886 2887 1073 2971 repugnavi,

118 2990 176 3032 nee
199 2971 234 3033 in
256 2975 298 3054 te,
320 2974 357 3034 ut
379 2970 502 3052 scribis,
525 2973 633 3036 animo
651 2973 700 3037 fui
718 2972 839 3056 mobili,
862 2973 918 3037 sed
940 2974 986 3038 ita
1009 2977 1072 3038 sta·

118 3055 188 3138 bili,
219 3061 256 3121 ut
286 3058 321 3121 in
349 3079 421 3121 mea
452 3079 529 3144 erga
558 3063 590 3124 te
613 3061 779 3125 voluntate
808 3060 905 3125 etiam
928 3061 1072 3126 desertus

118 3143 158 3206 ab
182 3143 296 3208 officiis
319 3146 384 3210 tuis
406 3168 635 3230 permanerem.
680 3149 787 3234 Atque
809 3149 873 3214 hoe
899 3150 970 3232 ipso
992 3153 1071 3213 tem·

115 3253 194 3314 pore
221 3232 281 3295 tibi
307 3254 409 3316 paene
437 3228 601 3300 minItanti
632 3237 727 3301 nobis
758 3259 815 3322 per
838 3238 962 3301 litteras
991 3237 1071 3300 haee

115 3319 255 3384 rescribo
275 3323 370 3405 atque
388 3324 580 3408 respondeo:
602 3346 662 3410 ego
682 3325 786 3390 dolori
804 3328 860 3390 tuo
880 3345 947 3389 non
966 3325 1071 3388 solum

183 3511 235 3583 Ep.
256 3519 280 3579 2,
297 3520 337 3570 10.
374 3515 439 3571 haee
456 3516 574 3571 rescribo
594 3516 670 3585 (Ν).
706 3516 755 3573 boe
772 3533 798 3571 r.
814 3515 866 3584 M„
879 3515 982 3586 vulgo.
