2370 3878
309 170 590 227 arlsronnmur
608 170 682 224 xlm
702 176 814 226 24—26.
983 170 1046 233 441

518 417 623 484 XXV.

351 530 409 586 Ser.
437 532 541 586 Romae
569 548 593 585 a.
621 549 648 584 u.
677 547 699 585 e.
730 536 789 586 708.

374 638 512 709 'cicero
532 653 663 709 saevio
684 654 759 708 SAL.

161 752 382 840 Hagesaretus
410 754 593 839 Larisaeus,
624 754 751 839 magnis
780 755 860 820 meis
887 752 1051 820 benefieiis

95 846 231 908 ornatus
262 842 298 907 in
327 843 495 908 consulatu
522 865 607 925 meu,
639 865 762 907 memor
793 847 826 907 et
848 848 960 928 gratus
989 845 1052 908 fuit

94 952 210 1015 meque
232 935 347 1015 postea
365 931 608 1016 diligentissime
627 931 738 995 coluit:
762 953 835 996 eum
853 932 913 994 tibi
931 953 1051 1017 magno

59 1098 63 1103 Ι
96 1040 193 1103 opere
225 1020 428 1102 commendo,
463 1023 500 1083 ut
532 1023 564 1083 et
594 1020 756 1102 hospitem
792 1024 825 1084 et
860 1019 1052 1084 familiarem

96 1129 204 1172 meum
223 1110 255 1171 et
274 1111 403 1192 gratum
421 1107 585 1171 hominem
604 1111 636 1171 et
653 1107 757 1170 virum
775 1108 897 1172 bonum
916 1111 948 1171 et
965 1110 1052 1190 prin·

97 1196 201 1280 eipem
229 1195 369 1259 civitatis
397 1217 472 1259 suae
503 1198 536 1258 et
562 1199 619 1259 tua
646 1196 880 1259 necessitudine
905 1196 1052 1280 dignissi-

97 1305 194 1347 mum.
239 1282 432 1368 Pergratum
454 1283 533 1348 mihi
555 1283 683 1364 feceris,
712 1283 738 1346 si
762 1283 885 1347 dederis
913 1306 1053 1367 operam,

96 1376 134 1435 ut
160 1372 188 1435 is
215 1372 378 1456 intelligat
404 1372 488 1435 hane
515 1393 620 1435 meam
649 1372 959 1436 commendationem
986 1395 1051 1436 ma-

98 1480 199 1545 gnum
223 1460 309 1544 apud
331 1463 364 1523 te
386 1460 512 1543 pondus
535 1460 695 1523 habuisse.

487 1653 607 1718 XXVI.

354 1763 412 1819 Ser.
440 1766 545 1820 Romae
573 1782 597 1818 a.
625 1783 652 1818 u.
681 1782 703 1819 e.
733 1770 792 1821 708.

389 1887 517 1942 CICERO
537 1886 668 1941 SERVIO
688 1886 763 1941 SAL.

166 1983 201 2050 L.
215 1984 390 2051 Mescinius
408 2009 446 2050 ea
464 2008 589 2051 meeum
607 1986 842 2051 necessitudine
864 1986 1053 2051 coniunctus
1073 2001 1087 2050 1

97 2077 162 2156 est,
194 2075 279 2157 quod
310 2075 390 2139 mihi
422 2078 573 2158 quaestor
602 2074 680 2157 fuit3
713 2075 768 2138 sed
798 2075 884 2138 hano
916 2096 1053 2159 eausam,

97 2183 197 2245 quam
220 2183 295 2247 ego,
316 2167 353 2227 ut
381 2185 400 2226 a
427 2163 602 2227 maioribus
625 2163 746 2246 accepi,
775 2184 899 2246 semper
922 2185 1053 2249 gravem

97 2249 184 2333 duxi,
206 2250 283 2314 feeit
305 2251 423 2314 virtute
447 2255 479 2315 et
496 2251 698 2315 humanitate
717 2273 775 2315 sua
793 2251 971 2317 iustiorem:
994 2253 1053 2318 ita·

97 2358 161 2422 que
185 2359 223 2402 eo
247 2339 292 2402 sio
316 2344 403 2423 utor,
425 2342 462 2404 ut
484 2360 544 2403 nee
567 2339 758 2404 familiarius
780 2341 848 2405 ullo
870 2363 930 2405 nee
952 2341 1052 2405 liben-

96 2427 173 2490 tius
208 2424 241 2490 Is
256 2448 449 2511 quamquam
468 2427 627 2492 confidere
641 2428 810 2493 videbatur
825 2433 858 2492 te
872 2451 930 2492 sua
948 2451 1053 2512 eausa,

97 2534 181 2597 quae
212 2513 348 2579 honeste
380 2537 504 2599 posses,
530 2516 668 2580 libenter
696 2539 764 2581 esse
786 2517 961 2600 fauturum,
987 2539 1053 2580 ma·

97 2623 201 2686 guum
229 2625 297 2667 esse
324 2607 434 2669 tamen
466 2605 607 2688 speravit
638 2604 723 2689 apud
750 2609 784 2669 te
812 2626 899 2668 meas
928 2626 1053 2687 quoque

97 2690 224 2754 litteras
241 2693 365 2773 poedore
386 2693 563 2758 habituras:
590 2693 623 2756 id
647 2715 746 2776 quum
775 2692 844 2776 ipse
866 2692 913 2754 ita
935 2691 1053 2756 iudiea-

97 2778 170 2862 bat,
197 2782 267 2843 tum
294 2802 352 2864 pro
380 2781 533 2845 familiari
560 2781 792 2846 consuetudine
821 2801 915 2863 saepe
942 2801 981 2843 ex
1003 2802 1053 2843 me

98 2866 257 2951 audierat,
290 2891 386 2953 quam
418 2870 524 2934 suavis
557 2872 641 2933 esset
672 2870 843 2933 internos
874 2871 907 2931 et
933 2871 1054 2953 quanta
1084 2925 1089 2934 .

98 2956 293 3020 coniunctio.
337 2956 417 3022 Peto
440 2957 540 3042 igitur
563 2979 582 3020 a
604 2960 651 3040 te,
677 2959 770 3021 tanto
795 2956 916 3021 seilicet
939 2957 1054 3039 studio,
1073 2968 1088 3015 a

98 3047 221 3126 quanto
244 3044 399 3130 intelligis
423 3046 537 3109 debere
560 3065 611 3109 me
630 3049 738 3129 petere
756 3066 815 3129 pro
833 3045 964 3109 homine
987 3048 1054 3108 tam

97 3131 179 3196 mihi
202 3135 381 3198 necessario
406 3137 438 3198 et
464 3137 532 3197 tam
558 3133 724 3218 familiari,
750 3136 788 3198 ut
819 3133 887 3197 eius
914 3132 1054 3216 negotia,

98 3240 182 3303 quae
215 3226 292 3286 sunt
322 3223 357 3287 in
387 3220 512 3286 Achaia
544 3244 582 3286 ex
614 3243 665 3306 eo,
697 3222 783 3307 quod
814 3222 907 3285 heres
940 3223 990 3282 est
1010 3218 1054 3283 M.
1160 3232 1161 3236 ’

168 3428 220 3500 Ep.
241 3434 281 3484 25.
314 3429 495 3500 Heueseretue
513 3430 620 3500 (Erull
656 3433 700 3485 An
719 3431 904 3499 Reparatur
924 3427 1054 3495 (Ursin.)?

96 3498 150 3570 Ep.
169 3506 213 3570 26,
228 3506 253 3555 ὓ.
289 3500 398 3556 Achaia
416 3518 449 3556 ea
467 3517 509 3568 eo,
527 3518 550 3572 q.
572 3502 646 3570 (Ψ).
684 3501 803 3568 Achaia,
820 3515 854 3556 eu
872 3513 902 3555 eo
920 3515 947 3570 q.
961 3498 1064 3570 uulgo.
