2370 3878
331 176 591 235 EPISTOLARUM
607 176 655 233 lx.
675 184 770 233 s-ro
963 174 1029 243 269

526 442 618 511 Χ..

110 558 168 614 Sor.
193 559 299 615 Romae
322 561 439 617 exeunte
461 574 556 615 meuse
579 557 661 684 {gip
685 560 734 613 aut
756 558 870 615 ineunte
892 556 994 611 Martio

453 644 477 684 a.
498 648 524 683 u.
544 646 567 683 c.
643 670 648 682 .

251 771 288 824 Μ.
307 769 437 825 CICERO
457 770 484 825 S.
503 770 537 824 D.
555 770 586 824 P.
605 768 855 825 DOLABELLAE.

141 867 219 935 Non
242 892 312 934 sum
336 892 433 935 ausus
457 867 565 933 Salvio
588 873 701 933 nostro
725 869 807 933 nihil
830 868 871 931 ad
893 871 925 931 te
949 868 1033 931 litte·
1056 882 1067 927 1

76 980 184 1023 rarum
207 958 296 1040 dare,
322 979 383 1021 neo
406 956 586 1021 mehercule
608 956 784 1040 habebam,
810 955 887 1040 quid
918 956 1033 1021 scribe-

75 1069 153 1128 rem,
175 1046 293 1109 uisite
317 1068 337 1109 a
359 1067 410 1110 me
433 1045 624 1110 mirabiliter
646 1045 760 1127 amari,
788 1044 826 1107 de
850 1065 914 1127 quo
938 1045 1035 1107 etiam

77 1135 160 1198 nihil
183 1133 341 1198 scribente
364 1155 416 1198 me
433 1138 465 1197 te
484 1154 552 1197 non
572 1132 718 1198 dubitare
737 1135 824 1196 certo
849 1132 925 1196 scio.
961 1131 1036 1196 Om-

78 1222 155 1287 nino
189 1221 268 1284 mihi
295 1222 400 1307 magis
431 1222 558 1286 litterae
590 1226 668 1285 sunt
697 1220 929 1306 exspectandae
953 1242 972 1283 a
995 1223 1037 1299 te,

79 1330 176 1395 quam
198 1330 218 1373 a
240 1330 291 1373 me
317 1309 391 1393 ubi,
418 1308 500 1373 nihil
527 1310 614 1375 enim
636 1310 760 1374 Romae
787 1307 923 1394 geritur,
951 1308 1036 1392 quod

77 1401 110 1463 te
133 1400 245 1482 putem
268 1398 348 1462 scire
372 1419 493 1482 curare,
514 1398 578 1462 nisi
600 1398 684 1463 forte
704 1398 785 1462 seire
807 1396 855 1461 vis
878 1418 930 1460 me
952 1396 1038 1460 inter

79 1484 207 1551 Niciam
229 1488 378 1550 nostrum
405 1490 438 1550 et
460 1484 593 1551 Vidium
620 1487 758 1551 iudicem
787 1506 864 1549 esse.
909 1484 1038 1549 Profert

80 1574 174 1658 alte'r,
202 1573 330 1657 opinor,
362 1573 487 1639 duobus
519 1574 684 1640 versieulis
713 1595 888 1658 expensum
912 1571 1038 1654 Niciae3

81 1662 170 1745 alter,
193 1661 409 1746 Aristarchus,
426 1662 487 1728 hos
511 1657 660 1742 ὀβελίζει.
703 1660 776 1749 Ego
795 1666 961 1745 tamquam
980 1661 1038 1727 eri·

80 1751 164 1815 tious
179 1750 330 1837 antiquus
344 1752 542 1817 iudicaturus
557 1773 638 1831 sum,
655 1754 764 1817 utrum
778 1752 844 1815 sint
866 1748 927 1808 τοῦ
941 1766 1032 1827 ποιη-

81 1838 150 1898 tori'
174 1858 217 1901 an
249 1836 571 1921 παρεμβεβλημὲνοι.
625 1836 708 1902 Puto
746 1844 773 1902 ie
803 1858 891 1901 nunc
923 1836 1074 1898 dicereza

26 1921 32 1929 ’
81 1924 261 2009 „oblitusne
285 1948 318 1990 es
341 1926 441 2010 igitur
470 1926 647 2010 fungorum
674 1926 817 2008 illorum,
850 1944 931 2007 quos
954 1922 1040 2004 apud

82 2010 219 2098 Niciam,
243 2017 275 2079 et
297 2013 479 2099 ingentium
502 2014 523 2092 †
542 2014 687 2078 cularum
710 2033 783 2076 cum
807 2010 921 2095 sophia
945 2010 1040 2093 septi-

82 2101 199 2185 mae‘?“
239 2100 322 2177 Quid
346 2100 446 2187 ergo?
468 2106 505 2165 tu
528 2101 608 2166 adeo
631 2100 712 2165 mihi
735 2121 902 2165 excussam
925 2096 1041 2165 severi-

81 2194 184 2254 tatem
202 2193 343 2254 veterem
360 2194 465 2273 putas,
487 2192 525 2253 ut
541 2210 583 2254 ne
601 2189 637 2253 in
655 2189 727 2254 foro
744 2190 866 2273 quidem
887 2186 1040 2273 reliquiae

82 2277 239 2361 pristinae
266 2276 384 2341 frontis
416 2276 616 2361 appareant?
666 2276 728 2345 Sed
755 2280 866 2342 tamen
892 2276 1077 2341 marisci-3

83 2386 173 2429 mum
192 2358 388 2444 συμβιωτὴν
408 2368 556 2429 nostrum
574 2366 745 2449 praestabo
764 2366 963 2453 integellum,
982 2385 1042 2428 neo

83 2452 300 2533 committam,
326 2454 377 2534 ut,
404 2452 432 2515 si
454 2473 514 2537 ego
537 2473 611 2517 eum
634 2454 863 2538 condemnaro,
892 2458 929 2517 tu
952 2452 1042 2516 resti·

82 2545 169 2623 tuas,
191 2542 229 2602 ut
250 2538 371 2602 habeat
392 2536 498 2603 Bursa
519 2538 668 2627 Plancus,
692 2542 777 2627 apud
800 2564 895 2626 quem
918 2541 1042 2605 litteras

84 2628 199 2692 discat.
244 2622 307 2690 Sed
340 2624 416 2708 quid
448 2626 534 2713 ago?
565 2634 663 2712 quum
695 2630 775 2695 mihi
807 2631 849 2695 sit
875 2630 1044 2710 incertum,

83 2714 305 2799 tranquillone
334 2714 377 2777 sis
405 2713 513 2779 animo
541 2736 597 2800 an,
623 2721 660 2782 ut
686 2719 722 2783 in
748 2719 847 2803 bello,
873 2718 909 2782 in
936 2717 1044 2802 aliqua

85 2803 265 2869 maiuscula
298 2822 374 2865 cura
405 2802 577 2885 negotiove
608 2826 747 2892 versere,
777 2806 870 2873 labor
900 2807 1044 2892 longius3

86 2898 187 2975 'quum
215 2890 315 2975 igitur
338 2888 418 2952 mihi
441 2889 502 2953 erit
524 2892 724 2975 exploratum
750 2900 783 2959 ts
813 2896 951 2961 libenter
975 2916 1043 2960 esse

86 2981 241 3061 risurum,
274 2977 412 3042 scribam
445 2976 486 3039 ad
513 2980 545 3041 te
572 2981 725 3062 pluribus.
775 2983 821 3048 Te
850 2988 959 3047 tamen
982 2982 1044 3047 hoc

88 3068 169 3133 scire
201 3067 289 3150 volo,
321 3065 527 3129 vehementer
558 3070 713 3152 populum
745 3071 916 3136 sollicitum
944 3071 1043 3133 fuisse

159 3293 212 3362 Ep.
234 3296 314 3359 10,1.
342 3292 414 3358 quod
431 3293 571 3350 scriberem
586 3295 690 3364 (Emit
709 3328 742 3336 -
762 3298 839 3361 aiter,
858 3293 1045 3359 Aristarchus,

87 3364 135 3417 7²⁰⁸
155 3365 231 3430 (W).
269 3379 295 3414 a·
314 3360 349 3413 A·
368 3362 415 3415 hor
432 3365 525 3434 vulgo.
572 3372 596 3420 2.
624 3367 737 3422 Niciam
756 3368 844 3432 edisti,
862 3371 887 3419 et
906 3366 991 3432 (W.)?
1010 3392 1045 3402 -

86 3434 230 3558 pepiplurppr
248 3435 339 3556 prpppp
353 3433 449 3501 sophia
466 3437 594 3505 septimae
613 3439 736 3507 (Groui-t
755 3469 788 3476 -
807 3442 839 3491 ut
857 3436 960 3491 habeus
972 3435 1055 3503 titis.
