2370 3878
124 156 191 222 534
407 155 444 210 Μ.
465 155 588 211 TULLII
606 153 798 213 CICERONIS

126 309 212 375 Non.
244 308 327 373 Nov.
381 305 462 371 Inde
495 310 570 372 ante
602 309 706 373 lucem
737 308 990 392 proficiscentes
1023 315 1088 376 ante

127 399 211 463 diem
234 414 305 462 vul.
327 394 404 459 Idus
427 394 509 460 Nor.
536 397 596 460 has
623 397 747 461 litteras
770 396 930 463 dedimus.
982 399 1046 485 Tu,
1066 401 1088 464 si

126 508 186 551 nos
210 505 322 550 omnes
341 506 429 548 amas
449 488 482 548 et
500 485 670 569 praecipue
689 505 749 569 me,
771 487 973 570 magistrum
992 493 1087 572 tuum,

92 589 107 638 2
127 574 282 639 confirma
304 575 345 637 te.
390 573 463 658 Ego
492 573 583 637 valde
608 594 763 657 suspenso
791 574 903 639 animo
928 582 1087 661 exspecto,

126 663 265 746 primum
288 665 321 725 te
345 662 478 745 scilieet,
506 661 619 726 deinde
641 661 821 727 Marionem
844 668 919 728 euin
950 667 1019 730 tuis
1042 666 1086 730 lit

6 770 9 774 ·
126 751 212 814 tens.
257 747 377 815 Omnes
405 750 564 835 cupimus,
592 770 652 835 ego
681 751 716 815 in
742 751 868 836 primis,
897 772 1002 836 quam
1028 754 1086 839 pri·

126 860 215 903 mum
237 841 270 902 te
293 838 409 922 videre,
432 839 496 922 sed,
519 839 564 902 mi
582 838 669 923 Tiro,
687 840 861 922 valentem3
885 863 991 924 quare
1009 843 1085 906 m'hil

126 928 322 1011 properaris:
346 927 424 991 satis
447 927 511 991 cito
534 930 567 991 te
590 927 708 1010 videro,
731 928 758 992 si
780 927 912 993 valebis.
956 929 1084 996 Utilita·
1121 930 1124 947 '

126 1016 214 1080 tibus
236 1016 300 1080 tuis
323 1035 455 1099 possum
478 1036 597 1080 carere:
626 1019 658 1079 te
681 1017 786 1081 valere
814 1020 871 1081 tua
899 1038 1003 1084 oausa
1025 1021 1083 1103 pri·
1121 1022 1124 1035 '

126 1126 215 1169 mum
238 1105 323 1188 volo,
344 1106 414 1168 tum
436 1125 517 1187 mea,
538 1105 583 1168 mi
607 1103 691 1170 Tiro.
736 1103 827 1171 Vale.

575 1296 632 1364 IV.

270 1410 327 1464 Ser.
346 1409 473 1465 Leucade
492 1409 552 1464 VII.
571 1410 637 1465 Idus
651 1408 722 1465 Nos.
741 1425 766 1464 a.
785 1427 812 1465 u.
832 1427 855 1465 e.
876 1416 937 1467 ⁷04.

127 1529 282 1587 TULLIUS
301 1531 428 1588 TIRONI
448 1533 515 1588 SUO
531 1533 605 1588 SAL.
625 1532 729 1588 PLUR.
744 1532 813 1589 DIC.
828 1533 875 1588 ET
891 1532 1024 1592 CICERO
1039 1535 1083 1591 ET

422 1603 453 1669 Q.
472 1602 619 1657 FRATER
637 1605 685 1658 ΕΤ
704 1603 735 1670 Q.
754 1603 785 1658 E.

94 1716 108 1766 ι
194 1701 293 1767 Varie
312 1725 383 1767 sum
402 1702 534 1768 affectus
556 1703 621 1768 tuis
640 1704 768 1784 litteris:
791 1703 883 1768 valde
901 1704 1013 1789 priore
1030 1728 1083 1790 pa·

129 1791 206 1877 gina
232 1793 452 1876 perturbatus,
478 1793 623 1877 paullum
651 1793 752 1858 alters
778 1796 953 1858 recreatus:
988 1815 1082 1878 quare

128 1902 215 1946 nunc
238 1881 367 1965 quidem
388 1903 456 1947 non
474 1881 595 1965 dubito,
619 1882 705 1965 quin,
728 1881 833 1965 quoad
851 1882 946 1965 plane
967 1884 1082 1966 valeas,

128 1973 161 2034 te
188 1990 291 2054 neque
319 1970 520 2055 navigationi
547 1991 650 2053 neque
677 1970 748 2034 viae
778 1970 974 2034 committas:
1008 1971 1082 2036 satis

129 2061 161 2122 te
184 2061 308 2122 mature
331 2059 450 2142 videro,
472 2058 499 2122 si
521 2059 616 2141 plane
635 2057 860 2123 confirmatum
879 2058 1000 2124 videro.
1037 2059 1083 2124 De

129 2145 251 2210 medico
284 2149 317 2210 et
347 2149 384 2212 tu
415 2147 497 2210 bene
530 2147 705 2211 existimari
737 2146 848 2211 scribis
881 2150 914 2211 et
945 2167 1009 2233 ego
1031 2148 1083 2219 ,sic

130 2232 239 2316 audi03
271 2234 325 2298 sed
353 2236 448 2318 plane
481 2235 661 2300 curationes
693 2235 761 2299 eius
793 2256 861 2300 non
888 2236 1006 2320 probo3
1036 2237 1083 2301 ius
1119 2237 1121 2241 ’

130 2321 216 2384 enim
247 2321 388 2387 dandum
420 2324 480 2388 tibi
511 2345 579 2389 non
610 2323 686 2407 fuit,
709 2345 807 2408 quum
837 2320 1084 2409 κακοστόμαχος

66 2441 68 2446 ·
131 2429 229 2491 esses3
257 2409 311 2473 sed
342 2413 452 2475 tamen
485 2416 517 2476 et
546 2412 586 2476 ad
617 2413 708 2477 illum
735 2412 849 2496 scripsi
876 2417 1026 2478 accurate
1054 2411 1089 2477 et

95 2512 111 2560 2
131 2497 171 2561 ad
194 2496 362 2581 Lysonem.
398 2498 451 2561 Ad
474 2497 606 2564 Curium
628 2522 713 2584 vero,
736 2500 960 2565 suavissimum
982 2501 1083 2567 homi-

130 2607 205 2650 nem
219 2589 252 2650 et
265 2586 381 2651 summi
400 2586 497 2651 oflicii
517 2609 721 2673 summaeque
739 2589 961 2673 humanitate,
981 2591 1083 2654 multa

131 2675 253 2758 scripsi,
274 2675 310 2738 in
332 2675 371 2738 iis
395 2675 504 2758 etiam,
527 2678 576 2759 ut,
600 2676 627 2739 si
649 2676 709 2740 tibi
732 2678 906 2761 videretur,
927 2680 962 2741 te
985 2678 1028 2743 ad
1052 2699 1083 2742 se

130 2762 295 2844 traferret3
318 2761 403 2846 Lyso
427 2764 512 2827 enim
535 2768 646 2829 noster
668 2786 780 2830 vereor
802 2787 843 2830 ne
866 2766 1084 2852 negligentior

131 2849 185 2913 sit:
208 2850 356 2935 primum,
375 2852 450 2936 quia
469 2874 579 2917 omnes
594 2851 719 2937 Craeoi3
743 2854 856 2919 deinde
871 2855 968 2938 quod,
985 2877 1085 2938 quum

131 2959 151 3001 a
177 2959 228 3002 me
255 2938 379 3004 litteras
407 2942 594 3026 accepisset,
622 2942 713 3006 mihi.
728 2943 833 3008 nullas
860 2943 997 3026 remisit3
1030 2942 1085 3008 sed

131 3048 204 3091 eum
226 3029 263 3092 tu
285 3027 410 3093 laudas:
432 3033 469 3094 tu
491 3029 599 3114 igitur,
623 3030 699 3115 quid
720 3031 902 3096 faciendum
926 3031 982 3116 sit,
1004 3031 1085 3096 iudi·

131 3115 228 3180 cabis.
271 3114 369 3200 Illud,
392 3118 437 3181 mi
459 3117 551 3202 Tiro,
576 3122 608 3182 te
631 3139 725 3204 rogo,
753 3122 883 3204 sumptu
906 3140 947 3184 ne
970 3141 1085 3204 parcas

203 3256 302 3325 ΕΜ,
323 3261 346 3310 1.
379 3255 457 3320 Noa,
476 3254 560 3320 Noa,
578 3269 606 3306 o:
625 3252 713 3306 Nonis
726 3250 929 3307 Novembribus
947 3247 1011 3318 (V.).
1039 3262 1087 3302 oo·

133 3343 185 3381 noc
202 3326 352 3381 novenbris
374 3326 411 3379 M.
447 3324 546 3379 Nonae
562 3323 724 3377 Novembres
741 3323 772 3378 B.
791 3321 911 3375 —satis
930 3319 1089 3389 propinquo

134 3403 159 3450 te
177 3397 221 3451 clio
239 3397 383 3466 (Krauselt
405 3411 427 3450 s.
450 3396 547 3451 cotiae
564 3393 601 3446 M.
620 3408 641 3446 s.
661 3393 713 3446 cito
736 3397 761 3446 te
778 3391 862 3460 (qu
880 3390 925 3445 W.
944 3389 975 3473 et
991 3388 1034 3472 R.)
1055 3419 1088 3428 -

128 3467 228 3536 profic.
252 3471 315 3521 aare
336 3467 407 3520 diora
425 3465 499 3536 (Ν),
519 3482 559 3535 μ,
582 3481 607 3518 c.
631 3463 657 3517 d.
676 3462 707 3516 B.
743 3463 793 3532 Ep.
818 3467 843 3516 4.
868 3467 891 3515 1.
928 3461 1040 3515 lettere&
1063 3475 1089 3513 o.

127 3537 243 3610 (vulgo).
276 3539 306 3609 L,
324 3555 348 3597 v.
368 3536 401 3598 Β.
433 3543 460 3595 2.
478 3540 511 3596 tlt
528 3538 566 3595 te
584 3533 667 3592 olom
683 3532 762 3602 Νὴ.
786 3532 820 3583 tn
830 3531 878 3582 lats
895 3528 1092 3593 alkanlgo.
