<?xml version="1.0" encoding="UTF-8"?>
<!DOCTYPE html PUBLIC "-//W3C//DTD XHTML 1.0 Transitional//EN"
    "http://www.w3.org/TR/xhtml1/DTD/xhtml1-transitional.dtd">
<html xmlns="http://www.w3.org/1999/xhtml" xml:lang="en" lang="en">
 <head>
  <title>
</title>
<meta http-equiv="Content-Type" content="text/html;charset=utf-8" />
  <meta name='ocr-system' content='tesseract 3.04.00' />
  <meta name='ocr-capabilities' content='ocr_page ocr_carea ocr_par ocr_line ocrx_word'/>
</head>
<body>
  <div class='ocr_page' id='page_1' title='image "./epistolae00cicegoog_0637.png"; bbox 0 0 2370 3878; ppageno 0'>
   <div class='ocr_carea' id='block_1_1' title="bbox 1 40 50 176">
    <p class='ocr_par' dir='ltr' id='par_1_1' title="bbox 1 40 50 176">
     <span class='ocr_line' id='line_1_1' title="bbox 1 40 50 176; baseline 0 0"><span class='ocrx_word' id='word_1_1' title='bbox 1 40 50 176; x_wconf 78' lang='lat' dir='ltr'><strong>u</strong></span> 
     </span>
    </p>
   </div>
   <div class='ocr_carea' id='block_1_2' title="bbox 250 179 921 245">
    <p class='ocr_par' dir='ltr' id='par_1_2' title="bbox 250 179 921 245">
     <span class='ocr_line' id='line_1_2' title="bbox 250 179 921 245; baseline -0.006 -1"><span class='ocrx_word' id='word_1_2' title='bbox 250 180 315 245; x_wconf 74' lang='lat'><strong>628</strong></span> <span class='ocrx_word' id='word_1_3' title='bbox 532 180 570 236; x_wconf 73' lang='lat'>1</span> <span class='ocrx_word' id='word_1_4' title='bbox 589 179 713 237; x_wconf 74' lang='lat' dir='ltr'><strong>uuum</strong></span> <span class='ocrx_word' id='word_1_5' title='bbox 730 181 921 240; x_wconf 73' lang='lat' dir='ltr'>CICERONIS</span> 
     </span>
    </p>
   </div>
   <div class='ocr_carea' id='block_1_3' title="bbox 249 293 1179 498">
    <p class='ocr_par' dir='ltr' id='par_1_3' title="bbox 249 293 1179 498">
     <span class='ocr_line' id='line_1_3' title="bbox 250 293 1179 418; baseline 0.008 -27"><span class='ocrx_word' id='word_1_6' title='bbox 250 347 360 409; x_wconf 80' lang='lat' dir='ltr'><strong>causa,</strong></span> <span class='ocrx_word' id='word_1_7' title='bbox 390 327 523 411; x_wconf 84' lang='lat' dir='ltr'><strong>propter</strong></span> <span class='ocrx_word' id='word_1_8' title='bbox 549 326 618 390; x_wconf 86' lang='lat' dir='ltr'><strong>eine</strong></span> <span class='ocrx_word' id='word_1_9' title='bbox 644 326 776 392; x_wconf 89' lang='lat' dir='ltr'><strong>luctum.</strong></span> <span class='ocrx_word' id='word_1_10' title='bbox 815 293 870 393; x_wconf 66' lang='lat' dir='ltr'><strong>⁵&#39;Pe</strong></span> <span class='ocrx_word' id='word_1_11' title='bbox 897 350 954 394; x_wconf 90' lang='lat' dir='ltr'><strong>oro</strong></span> <span class='ocrx_word' id='word_1_12' title='bbox 983 330 1091 396; x_wconf 82' lang='lat' dir='ltr'><strong>etiam</strong></span> <span class='ocrx_word' id='word_1_13' title='bbox 1119 336 1179 418; x_wconf 81' lang='lat' dir='ltr'><strong>atq</strong></span> 
     </span>
     <span class='ocr_line' id='line_1_4' title="bbox 249 412 760 498; baseline 0.004 -19"><span class='ocrx_word' id='word_1_14' title='bbox 249 415 360 498; x_wconf 86' lang='lat' dir='ltr'><strong>etiam,</strong></span> <span class='ocrx_word' id='word_1_15' title='bbox 382 414 427 478; x_wconf 87' lang='lat' dir='ltr'><strong>mi</strong></span> <span class='ocrx_word' id='word_1_16' title='bbox 448 412 563 497; x_wconf 80' lang='lat' dir='ltr'><strong>frater,</strong></span> <span class='ocrx_word' id='word_1_17' title='bbox 584 417 622 480; x_wconf 90' lang='lat' dir='ltr'><strong>ut</strong></span> <span class='ocrx_word' id='word_1_18' title='bbox 644 415 760 481; x_wconf 82' lang='lat' dir='ltr'><strong>valeas.</strong></span> 
     </span>
    </p>
   </div>
   <div class='ocr_carea' id='block_1_4' title="bbox 319 606 1146 783">
    <p class='ocr_par' dir='ltr' id='par_1_4' title="bbox 319 606 1146 783">
     <span class='ocr_line' id='line_1_5' title="bbox 702 606 744 674; baseline 0.024 -1"><span class='ocrx_word' id='word_1_19' title='bbox 702 606 744 674; x_wconf 91' lang='lat'><strong>11.</strong></span> 
     </span>
     <span class='ocr_line' id='line_1_6' title="bbox 319 717 1146 783; baseline 0.011 -10"><span class='ocrx_word' id='word_1_20' title='bbox 319 718 377 774; x_wconf 81' lang='lat' dir='ltr'><strong>Ser.</strong></span> <span class='ocrx_word' id='word_1_21' title='bbox 400 719 506 775; x_wconf 77' lang='lat' dir='ltr'><strong>Itomae</strong></span> <span class='ocrx_word' id='word_1_22' title='bbox 529 734 554 775; x_wconf 83' lang='grc' dir='ltr'><strong>ιι</strong></span> <span class='ocrx_word' id='word_1_23' title='bbox 577 717 604 774; x_wconf 80' lang='lat' dir='ltr'><strong>d.</strong></span> <span class='ocrx_word' id='word_1_24' title='bbox 627 717 661 775; x_wconf 84' lang='lat' dir='ltr'><strong>V.</strong></span> <span class='ocrx_word' id='word_1_25' title='bbox 683 718 749 776; x_wconf 77' lang='lat' dir='ltr'><strong>Idus</strong></span> <span class='ocrx_word' id='word_1_26' title='bbox 772 719 907 777; x_wconf 75' lang='lat' dir='ltr'><strong>Octobres</strong></span> <span class='ocrx_word' id='word_1_27' title='bbox 929 737 954 777; x_wconf 81' lang='grc' dir='ltr'><strong>ιι</strong></span> <span class='ocrx_word' id='word_1_28' title='bbox 977 739 1005 777; x_wconf 82' lang='grc' dir='ltr'><strong>ιι</strong></span> <span class='ocrx_word' id='word_1_29' title='bbox 1024 739 1052 780; x_wconf 85' lang='lat' dir='ltr'><strong>o.</strong></span> <span class='ocrx_word' id='word_1_30' title='bbox 1079 730 1146 783; x_wconf 75' lang='grc'><strong>700.</strong></span> 
     </span>
    </p>
   </div>
   <div class='ocr_carea' id='block_1_5' title="bbox 220 826 1185 1034">
    <p class='ocr_par' dir='ltr' id='par_1_5' title="bbox 220 826 1185 1034">
     <span class='ocr_line' id='line_1_7' title="bbox 355 826 1107 915; baseline 0.004 -16"><span class='ocrx_word' id='word_1_31' title='bbox 355 842 521 899; x_wconf 69' lang='lat' dir='ltr'><strong>mineus</strong></span> <span class='ocrx_word' id='word_1_32' title='bbox 541 841 697 915; x_wconf 78' lang='lat' dir='ltr'><strong>ournro</strong></span> <span class='ocrx_word' id='word_1_33' title='bbox 710 826 873 898; x_wconf 76' lang='lat' dir='ltr'><strong>rnnrar&#39;</strong></span> <span class='ocrx_word' id='word_1_34' title='bbox 888 843 1107 902; x_wconf 70' lang='lat' dir='ltr'><strong>smurnrr.</strong></span> 
     </span>
     <span class='ocr_line' id='line_1_8' title="bbox 220 941 1185 1034; baseline 0.004 -31"><span class='ocrx_word' id='word_1_35' title='bbox 220 961 234 1003; x_wconf 83' lang='lat'>1</span> <span class='ocrx_word' id='word_1_36' title='bbox 313 942 353 1008; x_wconf 59' lang='lat' dir='ltr'>A</span> <span class='ocrx_word' id='word_1_37' title='bbox 376 943 407 1007; x_wconf 92' lang='lat' dir='ltr'><strong>d.</strong></span> <span class='ocrx_word' id='word_1_38' title='bbox 430 960 475 1010; x_wconf 70' lang='lat' dir='ltr'><strong>vu</strong></span> <span class='ocrx_word' id='word_1_39' title='bbox 515 943 593 1008; x_wconf 87' lang='lat' dir='ltr'><strong>Idus</strong></span> <span class='ocrx_word' id='word_1_40' title='bbox 615 942 744 1008; x_wconf 79' lang='lat' dir='ltr'><strong>Octobr.</strong></span> <span class='ocrx_word' id='word_1_41' title='bbox 771 941 900 1009; x_wconf 80' lang='lat' dir='ltr'><strong>Salvius</strong></span> <span class='ocrx_word' id='word_1_42' title='bbox 926 943 1055 1010; x_wconf 82' lang='lat' dir='ltr'><strong>Ostiam</strong></span> <span class='ocrx_word' id='word_1_43' title='bbox 1084 970 1185 1034; x_wconf 79' lang='lat' dir='ltr'><strong>vesp</strong></span> 
     </span>
    </p>
   </div>
   <div class='ocr_carea' id='block_1_6' title="bbox 219 1031 1185 2881">
    <p class='ocr_par' dir='ltr' id='par_1_6' title="bbox 219 1031 1185 2881">
     <span class='ocr_line' id='line_1_9' title="bbox 247 1031 1185 1118; baseline 0.001 -23"><span class='ocrx_word' id='word_1_44' title='bbox 247 1031 324 1097; x_wconf 82' lang='lat' dir='ltr'><strong>navi</strong></span> <span class='ocrx_word' id='word_1_45' title='bbox 346 1031 509 1116; x_wconf 84' lang='lat' dir='ltr'><strong>profectus</strong></span> <span class='ocrx_word' id='word_1_46' title='bbox 533 1035 602 1096; x_wconf 83' lang='lat' dir='ltr'><strong>erat</strong></span> <span class='ocrx_word' id='word_1_47' title='bbox 624 1053 697 1097; x_wconf 88' lang='lat' dir='ltr'><strong>cum</strong></span> <span class='ocrx_word' id='word_1_48' title='bbox 718 1031 758 1095; x_wconf 84' lang='lat' dir='ltr'><strong>iis</strong></span> <span class='ocrx_word' id='word_1_49' title='bbox 780 1031 891 1117; x_wconf 86' lang='lat' dir='ltr'><strong>rebus,</strong></span> <span class='ocrx_word' id='word_1_50' title='bbox 919 1055 999 1118; x_wconf 84' lang='lat' dir='ltr'><strong>quas</strong></span> <span class='ocrx_word' id='word_1_51' title='bbox 1022 1035 1092 1101; x_wconf 89' lang='lat' dir='ltr'><strong>tibi</strong></span> <span class='ocrx_word' id='word_1_52' title='bbox 1116 1037 1185 1103; x_wconf 58' lang='lat' dir='ltr'><strong>2d÷</strong></span> 
     </span>
     <span class='ocr_line' id='line_1_10' title="bbox 247 1117 1183 1210; baseline 0.007 -26"><span class='ocrx_word' id='word_1_53' title='bbox 247 1120 334 1184; x_wconf 89' lang='lat' dir='ltr'><strong>mitti</strong></span> <span class='ocrx_word' id='word_1_54' title='bbox 355 1120 512 1186; x_wconf 74' lang='lat' dir='ltr'><strong>volueras,</strong></span> <span class='ocrx_word' id='word_1_55' title='bbox 556 1119 681 1185; x_wconf 81' lang='lat' dir='ltr'><strong>Eodem</strong></span> <span class='ocrx_word' id='word_1_56' title='bbox 708 1119 759 1184; x_wconf 85' lang='lat' dir='ltr'><strong>dio</strong></span> <span class='ocrx_word' id='word_1_57' title='bbox 781 1117 954 1185; x_wconf 81' lang='lat' dir='ltr'><strong>Gabinium</strong></span> <span class='ocrx_word' id='word_1_58' title='bbox 980 1121 1023 1186; x_wconf 88' lang='lat' dir='ltr'><strong>ad</strong></span> <span class='ocrx_word' id='word_1_59' title='bbox 1048 1127 1183 1210; x_wconf 84' lang='lat' dir='ltr'><strong>populu</strong></span> 
     </span>
     <span class='ocr_line' id='line_1_11' title="bbox 246 1207 1185 1294; baseline 0 -21"><span class='ocrx_word' id='word_1_60' title='bbox 246 1208 408 1273; x_wconf 73' lang='lat' dir='ltr'>luculente</span> <span class='ocrx_word' id='word_1_61' title='bbox 431 1208 622 1275; x_wconf 77' lang='lat' dir='ltr'><strong>calefecerat</strong></span> <span class='ocrx_word' id='word_1_62' title='bbox 642 1207 813 1273; x_wconf 84' lang='lat' dir='ltr'><strong>Memmius</strong></span> <span class='ocrx_word' id='word_1_63' title='bbox 836 1209 895 1294; x_wconf 86' lang='lat' dir='ltr'><strong>sie,</strong></span> <span class='ocrx_word' id='word_1_64' title='bbox 921 1212 959 1273; x_wconf 90' lang='lat' dir='ltr'><strong>ut</strong></span> <span class='ocrx_word' id='word_1_65' title='bbox 985 1207 1120 1278; x_wconf 84' lang='lat' dir='ltr'><strong>Calidio</strong></span> <span class='ocrx_word' id='word_1_66' title='bbox 1146 1238 1185 1278; x_wconf 57' lang='lat' dir='ltr'><strong>ve</strong></span> 
     </span>
     <span class='ocr_line' id='line_1_12' title="bbox 247 1296 1183 1384; baseline 0.01 -24"><span class='ocrx_word' id='word_1_67' title='bbox 247 1297 325 1361; x_wconf 91' lang='lat' dir='ltr'><strong>bum</strong></span> <span class='ocrx_word' id='word_1_68' title='bbox 350 1297 456 1362; x_wconf 88' lang='lat' dir='ltr'><strong>faeere</strong></span> <span class='ocrx_word' id='word_1_69' title='bbox 483 1319 542 1384; x_wconf 90' lang='lat' dir='ltr'><strong>pro</strong></span> <span class='ocrx_word' id='word_1_70' title='bbox 569 1319 608 1363; x_wconf 91' lang='lat' dir='ltr'><strong>eo</strong></span> <span class='ocrx_word' id='word_1_71' title='bbox 635 1318 704 1363; x_wconf 90' lang='lat' dir='ltr'><strong>non</strong></span> <span class='ocrx_word' id='word_1_72' title='bbox 729 1296 863 1362; x_wconf 79' lang='lat' dir='ltr'><strong>licuerit</strong></span> <span class='ocrx_word' id='word_1_73' title='bbox 906 1296 1072 1365; x_wconf 78' lang='lat' dir='ltr'><strong>Postridie</strong></span> <span class='ocrx_word' id='word_1_74' title='bbox 1101 1307 1183 1368; x_wconf 86' lang='lat' dir='ltr'><strong>aute</strong></span> 
     </span>
     <span class='ocr_line' id='line_1_13' title="bbox 247 1385 1178 1471; baseline 0.008 -22"><span class='ocrx_word' id='word_1_75' title='bbox 247 1385 315 1449; x_wconf 87' lang='lat' dir='ltr'><strong>eius</strong></span> <span class='ocrx_word' id='word_1_76' title='bbox 338 1385 410 1470; x_wconf 87' lang='lat' dir='ltr'><strong>diei,</strong></span> <span class='ocrx_word' id='word_1_77' title='bbox 433 1385 488 1471; x_wconf 90' lang='lat' dir='ltr'><strong>qui</strong></span> <span class='ocrx_word' id='word_1_78' title='bbox 510 1390 580 1451; x_wconf 86' lang='lat' dir='ltr'><strong>emt</strong></span> <span class='ocrx_word' id='word_1_79' title='bbox 600 1389 671 1451; x_wconf 86' lang='lat' dir='ltr'><strong>tum</strong></span> <span class='ocrx_word' id='word_1_80' title='bbox 692 1385 835 1468; x_wconf 83' lang='lat' dir='ltr'><strong>futurus,</strong></span> <span class='ocrx_word' id='word_1_81' title='bbox 861 1406 961 1470; x_wconf 92' lang='lat' dir='ltr'><strong>quum</strong></span> <span class='ocrx_word' id='word_1_82' title='bbox 981 1385 1068 1453; x_wconf 83' lang='lat' dir='ltr'><strong>haec</strong></span> <span class='ocrx_word' id='word_1_83' title='bbox 1093 1391 1178 1456; x_wconf 82' lang='lat' dir='ltr'><strong>scri·</strong></span> 
     </span>
     <span class='ocr_line' id='line_1_14' title="bbox 248 1471 1152 1558; baseline 0.008 -22"><span class='ocrx_word' id='word_1_84' title='bbox 248 1472 323 1537; x_wconf 84' lang='lat' dir='ltr'><strong>bam</strong></span> <span class='ocrx_word' id='word_1_85' title='bbox 346 1477 421 1537; x_wconf 85' lang='lat' dir='ltr'><strong>ante</strong></span> <span class='ocrx_word' id='word_1_86' title='bbox 449 1475 567 1557; x_wconf 87' lang='lat' dir='ltr'><strong>lucem,</strong></span> <span class='ocrx_word' id='word_1_87' title='bbox 594 1473 679 1558; x_wconf 87' lang='lat' dir='ltr'><strong>apud</strong></span> <span class='ocrx_word' id='word_1_88' title='bbox 702 1471 860 1539; x_wconf 80' lang='lat' dir='ltr'><strong>Catonem</strong></span> <span class='ocrx_word' id='word_1_89' title='bbox 886 1477 956 1539; x_wconf 82' lang='lat' dir='ltr'><strong>erat</strong></span> <span class='ocrx_word' id='word_1_90' title='bbox 983 1475 1152 1544; x_wconf 84' lang='lat' dir='ltr'><strong>divinatio</strong></span> 
     </span>
     <span class='ocr_line' id='line_1_15' title="bbox 246 1558 1180 1632; baseline 0.009 -8"><span class='ocrx_word' id='word_1_91' title='bbox 246 1558 419 1625; x_wconf 85' lang='lat' dir='ltr'><strong>Gabinium</strong></span> <span class='ocrx_word' id='word_1_92' title='bbox 441 1561 550 1626; x_wconf 83' lang='lat' dir='ltr'><strong>futura</strong></span> <span class='ocrx_word' id='word_1_93' title='bbox 576 1562 662 1626; x_wconf 85' lang='lat' dir='ltr'><strong>inter</strong></span> <span class='ocrx_word' id='word_1_94' title='bbox 688 1561 876 1629; x_wconf 87' lang='lat' dir='ltr'><strong>Memmium</strong></span> <span class='ocrx_word' id='word_1_95' title='bbox 902 1566 936 1627; x_wconf 88' lang='lat' dir='ltr'><strong>et</strong></span> <span class='ocrx_word' id='word_1_96' title='bbox 957 1561 1006 1628; x_wconf 46' lang='lat' dir='ltr'><strong>Ti.»</strong></span> <span class='ocrx_word' id='word_1_97' title='bbox 1037 1562 1180 1632; x_wconf 84' lang='lat' dir='ltr'><strong>Nerone</strong></span> 
     </span>
     <span class='ocr_line' id='line_1_16' title="bbox 246 1645 1142 1739; baseline 0.004 -26"><span class='ocrx_word' id='word_1_98' title='bbox 246 1651 280 1713; x_wconf 88' lang='lat' dir='ltr'><strong>et</strong></span> <span class='ocrx_word' id='word_1_99' title='bbox 306 1645 340 1712; x_wconf 81' lang='lat' dir='ltr'><strong>O.</strong></span> <span class='ocrx_word' id='word_1_100' title='bbox 368 1652 401 1713; x_wconf 88' lang='lat' dir='ltr'><strong>et</strong></span> <span class='ocrx_word' id='word_1_101' title='bbox 426 1647 461 1712; x_wconf 88' lang='lat' dir='ltr'><strong>L.</strong></span> <span class='ocrx_word' id='word_1_102' title='bbox 489 1647 651 1714; x_wconf 84' lang='lat' dir='ltr'><strong>Antonios</strong></span> <span class='ocrx_word' id='word_1_103' title='bbox 678 1648 722 1714; x_wconf 74' lang='lat' dir='ltr'>M</span> <span class='ocrx_word' id='word_1_104' title='bbox 748 1650 785 1715; x_wconf 63' lang='lat' dir='ltr'><strong>fa</strong></span> <span class='ocrx_word' id='word_1_105' title='bbox 820 1651 1016 1736; x_wconf 81' lang='lat' dir='ltr'><strong>putabamus</strong></span> <span class='ocrx_word' id='word_1_106' title='bbox 1047 1653 1142 1739; x_wconf 84' lang='lat' dir='ltr'><strong>fore,</strong></span> 
     </span>
     <span class='ocr_line' id='line_1_17' title="bbox 245 1735 1181 1823; baseline 0.006 -21"><span class='ocrx_word' id='word_1_107' title='bbox 245 1735 397 1802; x_wconf 85' lang='lat' dir='ltr'><strong>Memmio</strong></span> <span class='ocrx_word' id='word_1_108' title='bbox 421 1736 559 1823; x_wconf 84' lang='lat' dir='ltr'><strong>daretur,</strong></span> <span class='ocrx_word' id='word_1_109' title='bbox 582 1737 642 1803; x_wconf 84' lang='lat' dir='ltr'><strong>etsi</strong></span> <span class='ocrx_word' id='word_1_110' title='bbox 665 1740 735 1802; x_wconf 85' lang='lat' dir='ltr'><strong>erat</strong></span> <span class='ocrx_word' id='word_1_111' title='bbox 757 1737 898 1805; x_wconf 83' lang='lat' dir='ltr'><strong>Neronis</strong></span> <span class='ocrx_word' id='word_1_112' title='bbox 919 1740 1003 1803; x_wconf 84' lang='lat' dir='ltr'><strong>mira</strong></span> <span class='ocrx_word' id='word_1_113' title='bbox 1024 1744 1181 1807; x_wconf 74' lang='lat' dir='ltr'><strong>contenti</strong></span> 
     </span>
     <span class='ocr_line' id='line_1_18' title="bbox 246 1824 1171 1915; baseline 0.008 -26"><span class='ocrx_word' id='word_1_114' title='bbox 246 1824 329 1901; x_wconf 77' lang='lat' dir='ltr'><strong>Quid</strong></span> <span class='ocrx_word' id='word_1_115' title='bbox 348 1825 497 1910; x_wconf 76' lang='lat' dir='ltr'><strong>quaeris?</strong></span> <span class='ocrx_word' id='word_1_116' title='bbox 518 1827 618 1910; x_wconf 88' lang='lat' dir='ltr'><strong>probe</strong></span> <span class='ocrx_word' id='word_1_117' title='bbox 637 1827 802 1910; x_wconf 84' lang='lat' dir='ltr'><strong>premitur,</strong></span> <span class='ocrx_word' id='word_1_118' title='bbox 820 1828 884 1892; x_wconf 87' lang='lat' dir='ltr'><strong>nisi</strong></span> <span class='ocrx_word' id='word_1_119' title='bbox 903 1831 1015 1892; x_wconf 86' lang='lat' dir='ltr'><strong>noster</strong></span> <span class='ocrx_word' id='word_1_120' title='bbox 1027 1827 1171 1915; x_wconf 87' lang='lat' dir='ltr'><strong>Pompei</strong></span> 
     </span>
     <span class='ocr_line' id='line_1_19' title="bbox 219 1913 1185 2000; baseline 0.003 -26"><span class='ocrx_word' id='word_1_121' title='bbox 219 1913 295 1978; x_wconf 71' lang='lat' dir='ltr'><strong>udis</strong></span> <span class='ocrx_word' id='word_1_122' title='bbox 321 1914 569 1999; x_wconf 77' lang='lat' dir='ltr'><strong>hominibusque</strong></span> <span class='ocrx_word' id='word_1_123' title='bbox 599 1915 711 1980; x_wconf 82' lang='lat' dir='ltr'><strong>invitis</strong></span> <span class='ocrx_word' id='word_1_124' title='bbox 741 1916 909 2000; x_wconf 86' lang='lat' dir='ltr'><strong>negotium</strong></span> <span class='ocrx_word' id='word_1_125' title='bbox 935 1917 1099 1983; x_wconf 77' lang='lat' dir='ltr'><strong>everterit</strong></span> <span class='ocrx_word' id='word_1_126' title='bbox 1182 1950 1185 1977; x_wconf 63' lang='grc' dir='ltr'>ι</span> 
     </span>
     <span class='ocr_line' id='line_1_20' title="bbox 245 2001 1185 2088; baseline -0.005 -20"><span class='ocrx_word' id='word_1_127' title='bbox 245 2023 365 2088; x_wconf 82' lang='lat' dir='ltr'><strong>gnosce</strong></span> <span class='ocrx_word' id='word_1_128' title='bbox 394 2024 482 2069; x_wconf 87' lang='lat' dir='ltr'><strong>nunc</strong></span> <span class='ocrx_word' id='word_1_129' title='bbox 511 2001 654 2068; x_wconf 86' lang='lat' dir='ltr'><strong>bominis</strong></span> <span class='ocrx_word' id='word_1_130' title='bbox 685 2002 852 2068; x_wconf 78' lang='lat' dir='ltr'><strong>audaciam</strong></span> <span class='ocrx_word' id='word_1_131' title='bbox 883 2007 917 2068; x_wconf 88' lang='lat' dir='ltr'><strong>et</strong></span> <span class='ocrx_word' id='word_1_132' title='bbox 946 2003 1080 2088; x_wconf 56' lang='lat' dir='ltr'><strong>aliquid*</strong></span> <span class='ocrx_word' id='word_1_133' title='bbox 1104 2006 1145 2072; x_wconf 92' lang='lat' dir='ltr'><strong>in</strong></span> <span class='ocrx_word' id='word_1_134' title='bbox 1183 2044 1185 2063; x_wconf 45' lang='grc' dir='ltr'>ι</span> 
     </span>
     <span class='ocr_line' id='line_1_21' title="bbox 244 2089 1177 2178; baseline 0.006 -23"><span class='ocrx_word' id='word_1_135' title='bbox 244 2091 374 2176; x_wconf 84' lang='lat' dir='ltr'><strong>publica</strong></span> <span class='ocrx_word' id='word_1_136' title='bbox 395 2091 521 2176; x_wconf 85' lang='lat' dir='ltr'><strong>perdita</strong></span> <span class='ocrx_word' id='word_1_137' title='bbox 543 2092 713 2156; x_wconf 83' lang='lat' dir='ltr'><strong>delectare:</strong></span> <span class='ocrx_word' id='word_1_138' title='bbox 739 2113 838 2175; x_wconf 88' lang='lat' dir='ltr'><strong>quum</strong></span> <span class='ocrx_word' id='word_1_139' title='bbox 861 2089 1026 2175; x_wconf 85' lang='lat' dir='ltr'><strong>Gabinius,</strong></span> <span class='ocrx_word' id='word_1_140' title='bbox 1049 2114 1177 2178; x_wconf 91' lang='lat' dir='ltr'><strong>quacu</strong></span> 
     </span>
     <span class='ocr_line' id='line_1_22' title="bbox 245 2180 1185 2265; baseline 0.004 -20"><span class='ocrx_word' id='word_1_141' title='bbox 245 2202 306 2263; x_wconf 91' lang='lat' dir='ltr'><strong>que</strong></span> <span class='ocrx_word' id='word_1_142' title='bbox 329 2180 487 2264; x_wconf 78' lang='lat' dir='ltr'><strong>veniebat,</strong></span> <span class='ocrx_word' id='word_1_143' title='bbox 508 2180 708 2264; x_wconf 84' lang='lat' dir='ltr'><strong>triumphum</strong></span> <span class='ocrx_word' id='word_1_144' title='bbox 730 2201 764 2244; x_wconf 93' lang='lat' dir='ltr'><strong>se</strong></span> <span class='ocrx_word' id='word_1_145' title='bbox 784 2181 948 2265; x_wconf 88' lang='lat' dir='ltr'><strong>postulare</strong></span> <span class='ocrx_word' id='word_1_146' title='bbox 971 2180 1108 2246; x_wconf 82' lang='lat' dir='ltr'><strong>dixisset</strong></span> <span class='ocrx_word' id='word_1_147' title='bbox 1133 2206 1185 2249; x_wconf 83' lang='lat' dir='ltr'><strong>su</strong></span> 
     </span>
     <span class='ocr_line' id='line_1_23' title="bbox 244 2268 1185 2353; baseline 0.006 -22"><span class='ocrx_word' id='word_1_148' title='bbox 244 2269 353 2351; x_wconf 88' lang='lat' dir='ltr'><strong>itoque</strong></span> <span class='ocrx_word' id='word_1_149' title='bbox 376 2269 481 2334; x_wconf 90' lang='lat' dir='ltr'><strong>bonus</strong></span> <span class='ocrx_word' id='word_1_150' title='bbox 503 2268 679 2353; x_wconf 86' lang='lat' dir='ltr'><strong>imperator</strong></span> <span class='ocrx_word' id='word_1_151' title='bbox 698 2272 799 2335; x_wconf 85' lang='lat' dir='ltr'><strong>noctu</strong></span> <span class='ocrx_word' id='word_1_152' title='bbox 821 2270 857 2332; x_wconf 85' lang='lat' dir='ltr'><strong>iu</strong></span> <span class='ocrx_word' id='word_1_153' title='bbox 878 2269 1033 2348; x_wconf 84' lang='lat' dir='ltr'><strong>urbem.†</strong></span> <span class='ocrx_word' id='word_1_154' title='bbox 1057 2270 1185 2337; x_wconf 89' lang='lat' dir='ltr'><strong>bostiu</strong></span> 
     </span>
     <span class='ocr_line' id='line_1_24' title="bbox 244 2356 1184 2440; baseline 0.009 -22"><span class='ocrx_word' id='word_1_155' title='bbox 244 2356 340 2438; x_wconf 85' lang='lat' dir='ltr'><strong>plane</strong></span> <span class='ocrx_word' id='word_1_156' title='bbox 367 2357 550 2440; x_wconf 85' lang='lat' dir='ltr'><strong>invasisset,</strong></span> <span class='ocrx_word' id='word_1_157' title='bbox 575 2357 612 2422; x_wconf 89' lang='lat' dir='ltr'><strong>in</strong></span> <span class='ocrx_word' id='word_1_158' title='bbox 638 2361 787 2422; x_wconf 88' lang='lat' dir='ltr'><strong>senatum</strong></span> <span class='ocrx_word' id='word_1_159' title='bbox 814 2378 848 2422; x_wconf 86' lang='lat' dir='ltr'><strong>se</strong></span> <span class='ocrx_word' id='word_1_160' title='bbox 874 2378 942 2421; x_wconf 87' lang='lat' dir='ltr'><strong>nou</strong></span> <span class='ocrx_word' id='word_1_161' title='bbox 968 2360 1184 2426; x_wconf 84' lang='lat' dir='ltr'><strong>committeba</strong></span> 
     </span>
     <span class='ocr_line' id='line_1_25' title="bbox 244 2442 1185 2530; baseline 0 -23"><span class='ocrx_word' id='word_1_162' title='bbox 244 2442 378 2509; x_wconf 85' lang='lat' dir='ltr'><strong>interim</strong></span> <span class='ocrx_word' id='word_1_163' title='bbox 400 2446 471 2530; x_wconf 91' lang='lat' dir='ltr'><strong>ipso</strong></span> <span class='ocrx_word' id='word_1_164' title='bbox 494 2445 617 2512; x_wconf 87' lang='lat' dir='ltr'><strong>decimo</strong></span> <span class='ocrx_word' id='word_1_165' title='bbox 640 2445 700 2529; x_wconf 89' lang='lat' dir='ltr'><strong>die,</strong></span> <span class='ocrx_word' id='word_1_166' title='bbox 723 2467 786 2530; x_wconf 90' lang='lat' dir='ltr'><strong>quo</strong></span> <span class='ocrx_word' id='word_1_167' title='bbox 809 2445 1125 2530; x_wconf 74' lang='lat' dir='ltr'><strong>eumoportebat⁴s</strong></span> <span class='ocrx_word' id='word_1_168' title='bbox 1150 2449 1185 2514; x_wconf 86' lang='lat' dir='ltr'><strong>h.</strong></span> 
     </span>
     <span class='ocr_line' id='line_1_26' title="bbox 244 2532 1180 2622; baseline 0.005 -25"><span class='ocrx_word' id='word_1_169' title='bbox 244 2532 378 2598; x_wconf 85' lang='lat' dir='ltr'><strong>stiurum</strong></span> <span class='ocrx_word' id='word_1_170' title='bbox 409 2555 578 2598; x_wconf 87' lang='lat' dir='ltr'><strong>numerum</strong></span> <span class='ocrx_word' id='word_1_171' title='bbox 609 2539 643 2597; x_wconf 91' lang='lat' dir='ltr'><strong>et</strong></span> <span class='ocrx_word' id='word_1_172' title='bbox 673 2534 812 2598; x_wconf 88' lang='lat' dir='ltr'><strong>militum</strong></span> <span class='ocrx_word' id='word_1_173' title='bbox 842 2534 1040 2618; x_wconf 87' lang='lat' dir='ltr'><strong>renuntiare,</strong></span> <span class='ocrx_word' id='word_1_174' title='bbox 1070 2535 1180 2622; x_wconf 84' lang='lat' dir='ltr'><strong>irreps</strong></span> 
     </span>
     <span class='ocr_line' id='line_1_27' title="bbox 244 2619 1171 2705; baseline 0.006 -20"><span class='ocrx_word' id='word_1_175' title='bbox 244 2643 368 2687; x_wconf 88' lang='lat' dir='ltr'><strong>summa</strong></span> <span class='ocrx_word' id='word_1_176' title='bbox 389 2621 614 2705; x_wconf 85' lang='lat' dir='ltr'><strong>infrequentia.</strong></span> <span class='ocrx_word' id='word_1_177' title='bbox 660 2619 766 2695; x_wconf 87' lang='lat' dir='ltr'><strong>Quum</strong></span> <span class='ocrx_word' id='word_1_178' title='bbox 792 2622 889 2687; x_wconf 88' lang='lat' dir='ltr'><strong>vellet</strong></span> <span class='ocrx_word' id='word_1_179' title='bbox 914 2622 1014 2704; x_wconf 83' lang='lat' dir='ltr'><strong>exire,</strong></span> <span class='ocrx_word' id='word_1_180' title='bbox 1040 2644 1062 2686; x_wconf 85' lang='lat' dir='ltr'><strong>a</strong></span> <span class='ocrx_word' id='word_1_181' title='bbox 1085 2644 1171 2690; x_wconf 91' lang='lat' dir='ltr'><strong>cons</strong></span> 
     </span>
     <span class='ocr_line' id='line_1_28' title="bbox 244 2709 1181 2794; baseline 0.006 -22"><span class='ocrx_word' id='word_1_182' title='bbox 244 2711 326 2774; x_wconf 88' lang='lat' dir='ltr'><strong>libus</strong></span> <span class='ocrx_word' id='word_1_183' title='bbox 349 2715 492 2774; x_wconf 84' lang='lat' dir='ltr'><strong>retentus</strong></span> <span class='ocrx_word' id='word_1_184' title='bbox 514 2711 572 2792; x_wconf 79' lang='lat' dir='ltr'><strong>est,</strong></span> <span class='ocrx_word' id='word_1_185' title='bbox 594 2709 768 2774; x_wconf 85' lang='lat' dir='ltr'><strong>introducti</strong></span> <span class='ocrx_word' id='word_1_186' title='bbox 786 2710 963 2794; x_wconf 85' lang='lat' dir='ltr'><strong>publicani:</strong></span> <span class='ocrx_word' id='word_1_187' title='bbox 985 2709 1084 2774; x_wconf 89' lang='lat' dir='ltr'><strong>bomo</strong></span> <span class='ocrx_word' id='word_1_188' title='bbox 1109 2715 1181 2778; x_wconf 87' lang='lat' dir='ltr'><strong>und</strong></span> 
     </span>
     <span class='ocr_line' id='line_1_29' title="bbox 244 2798 1181 2881; baseline 0.007 -21"><span class='ocrx_word' id='word_1_189' title='bbox 244 2819 305 2880; x_wconf 85' lang='lat' dir='ltr'><strong>quc</strong></span> <span class='ocrx_word' id='word_1_190' title='bbox 327 2798 349 2875; x_wconf 88' lang='lat'><strong>†</strong></span> <span class='ocrx_word' id='word_1_191' title='bbox 372 2799 456 2862; x_wconf 85' lang='lat' dir='ltr'><strong>atius</strong></span> <span class='ocrx_word' id='word_1_192' title='bbox 487 2800 520 2860; x_wconf 85' lang='lat' dir='ltr'><strong>et</strong></span> <span class='ocrx_word' id='word_1_193' title='bbox 547 2817 645 2881; x_wconf 87' lang='lat' dir='ltr'><strong>quum</strong></span> <span class='ocrx_word' id='word_1_194' title='bbox 673 2818 767 2862; x_wconf 87' lang='lat' dir='ltr'><strong>ame</strong></span> <span class='ocrx_word' id='word_1_195' title='bbox 797 2799 936 2862; x_wconf 85' lang='lat' dir='ltr'><strong>maxime</strong></span> <span class='ocrx_word' id='word_1_196' title='bbox 965 2799 1181 2867; x_wconf 81' lang='lat' dir='ltr'><strong>uulneraretu</strong></span> 
     </span>
    </p>
   </div>
   <div class='ocr_carea' id='block_1_7' title="bbox 15 3024 1185 3593">
    <p class='ocr_par' dir='ltr' id='par_1_7' title="bbox 242 3024 1185 3520">
     <span class='ocr_line' id='line_1_30' title="bbox 313 3024 1173 3094; baseline 0.008 -17"><span class='ocrx_word' id='word_1_197' title='bbox 313 3025 364 3094; x_wconf 84' lang='lat' dir='ltr'><strong>Ep.</strong></span> <span class='ocrx_word' id='word_1_198' title='bbox 384 3030 409 3092; x_wconf 80' lang='lat'><strong>2,</strong></span> <span class='ocrx_word' id='word_1_199' title='bbox 429 3028 453 3078; x_wconf 70' lang='grc' dir='ltr'>ι.</span> <span class='ocrx_word' id='word_1_200' title='bbox 489 3024 583 3079; x_wconf 81' lang='lat' dir='ltr'><strong>arbem</strong></span> <span class='ocrx_word' id='word_1_201' title='bbox 599 3027 618 3090; x_wconf 93' lang='lat'>†</span> <span class='ocrx_word' id='word_1_202' title='bbox 635 3025 751 3079; x_wconf 79' lang='lat' dir='ltr'><strong>bostium</strong></span> <span class='ocrx_word' id='word_1_203' title='bbox 770 3026 857 3094; x_wconf 78' lang='lat' dir='ltr'><strong>plone</strong></span> <span class='ocrx_word' id='word_1_204' title='bbox 879 3026 933 3082; x_wconf 81' lang='lat' dir='ltr'><strong>ino.</strong></span> <span class='ocrx_word' id='word_1_205' title='bbox 960 3024 1034 3091; x_wconf 60' lang='grc' dir='ltr'><strong>(Ν),</strong></span> <span class='ocrx_word' id='word_1_206' title='bbox 1072 3043 1099 3080; x_wconf 89' lang='grc' dir='ltr'><strong>ιι.</strong></span> <span class='ocrx_word' id='word_1_207' title='bbox 1121 3030 1173 3084; x_wconf 84' lang='lat' dir='ltr'><strong>bos</strong></span> 
     </span>
     <span class='ocr_line' id='line_1_31' title="bbox 243 3094 1171 3164; baseline 0.005 -15"><span class='ocrx_word' id='word_1_208' title='bbox 243 3097 293 3149; x_wconf 77' lang='lat' dir='ltr'><strong>icoc</strong></span> <span class='ocrx_word' id='word_1_209' title='bbox 311 3097 352 3163; x_wconf 79' lang='lat' dir='ltr'><strong>pl,</strong></span> <span class='ocrx_word' id='word_1_210' title='bbox 376 3097 407 3148; x_wconf 79' lang='lat' dir='ltr'><strong>in</strong></span> <span class='ocrx_word' id='word_1_211' title='bbox 430 3094 536 3147; x_wconf 75' lang='lat' dir='ltr'><strong>niodum</strong></span> <span class='ocrx_word' id='word_1_212' title='bbox 562 3096 617 3150; x_wconf 84' lang='lat' dir='ltr'><strong>ino.</strong></span> <span class='ocrx_word' id='word_1_213' title='bbox 643 3095 717 3161; x_wconf 62' lang='lat' dir='ltr'><strong>(W).</strong></span> <span class='ocrx_word' id='word_1_214' title='bbox 763 3113 800 3160; x_wconf 82' lang='lat' dir='ltr'><strong>u,</strong></span> <span class='ocrx_word' id='word_1_215' title='bbox 817 3097 932 3150; x_wconf 77' lang='lat' dir='ltr'><strong>bostium</strong></span> <span class='ocrx_word' id='word_1_216' title='bbox 947 3097 1003 3164; x_wconf 72' lang='lat' dir='ltr'><strong>pt,</strong></span> <span class='ocrx_word' id='word_1_217' title='bbox 1024 3097 1080 3152; x_wconf 83' lang='grc' dir='ltr'>ιἰιυ.</span> <span class='ocrx_word' id='word_1_218' title='bbox 1106 3099 1171 3154; x_wconf 83' lang='lat' dir='ltr'><strong>MR</strong></span> 
     </span>
     <span class='ocr_line' id='line_1_32' title="bbox 245 3165 1185 3234; baseline 0 -16"><span class='ocrx_word' id='word_1_219' title='bbox 245 3168 337 3234; x_wconf 77' lang='lat' dir='ltr'><strong>vulgo.</strong></span> <span class='ocrx_word' id='word_1_220' title='bbox 356 3195 389 3205; x_wconf 90' lang='lat'><em>-</em></span> <span class='ocrx_word' id='word_1_221' title='bbox 412 3165 598 3229; x_wconf 79' lang='lat' dir='ltr'><strong>†bostiurum</strong></span> <span class='ocrx_word' id='word_1_222' title='bbox 617 3181 756 3219; x_wconf 67' lang='lat' dir='ltr'><strong>nutrieram</strong></span> <span class='ocrx_word' id='word_1_223' title='bbox 780 3167 839 3233; x_wconf 72' lang='grc' dir='ltr'><strong>(Μ,</strong></span> <span class='ocrx_word' id='word_1_224' title='bbox 860 3167 924 3231; x_wconf 81' lang='lat' dir='ltr'><strong>W.).</strong></span> <span class='ocrx_word' id='word_1_225' title='bbox 966 3168 1082 3221; x_wconf 75' lang='lat' dir='ltr'><strong>iiostium</strong></span> <span class='ocrx_word' id='word_1_226' title='bbox 1102 3173 1185 3225; x_wconf 79' lang='lat' dir='ltr'><strong>occ‘</strong></span> 
     </span>
     <span class='ocr_line' id='line_1_33' title="bbox 243 3235 1150 3309; baseline 0.009 -22"><span class='ocrx_word' id='word_1_227' title='bbox 243 3253 303 3288; x_wconf 81' lang='grc' dir='ltr'>ιιιιη</span> <span class='ocrx_word' id='word_1_228' title='bbox 322 3252 349 3289; x_wconf 83' lang='grc' dir='ltr'><strong>ιι,</strong></span> <span class='ocrx_word' id='word_1_229' title='bbox 368 3235 413 3289; x_wconf 84' lang='lat' dir='ltr'><strong>vel</strong></span> <span class='ocrx_word' id='word_1_230' title='bbox 432 3235 457 3290; x_wconf 77' lang='lat' dir='ltr'><strong>b.</strong></span> <span class='ocrx_word' id='word_1_231' title='bbox 477 3251 614 3289; x_wconf 79' lang='lat' dir='ltr'><strong>caesorum</strong></span> <span class='ocrx_word' id='word_1_232' title='bbox 632 3254 659 3290; x_wconf 86' lang='grc' dir='ltr'><strong>ιι.</strong></span> <span class='ocrx_word' id='word_1_233' title='bbox 680 3236 754 3303; x_wconf 60' lang='grc' dir='ltr'><strong>(Ν).</strong></span> <span class='ocrx_word' id='word_1_234' title='bbox 791 3238 907 3291; x_wconf 68' lang='lat' dir='ltr'><strong>&#39;restium</strong></span> <span class='ocrx_word' id='word_1_235' title='bbox 926 3255 952 3291; x_wconf 83' lang='lat' dir='ltr'><strong>n.</strong></span> <span class='ocrx_word' id='word_1_236' title='bbox 973 3237 1031 3303; x_wconf 74' lang='lat' dir='ltr'><strong>Ri,</strong></span> <span class='ocrx_word' id='word_1_237' title='bbox 1050 3239 1150 3309; x_wconf 73' lang='lat' dir='ltr'><strong>arrigo.</strong></span> 
     </span>
     <span class='ocr_line' id='line_1_34' title="bbox 242 3305 1178 3376; baseline 0.004 -18"><span class='ocrx_word' id='word_1_238' title='bbox 242 3306 396 3374; x_wconf 74' lang='lat' dir='ltr'><strong>frequentia</strong></span> <span class='ocrx_word' id='word_1_239' title='bbox 411 3307 463 3369; x_wconf 79' lang='lat' dir='ltr'><strong>(cd.</strong></span> <span class='ocrx_word' id='word_1_240' title='bbox 480 3305 595 3367; x_wconf 53' lang='lat' dir='ltr'><strong>bandi?</strong></span> <span class='ocrx_word' id='word_1_241' title='bbox 611 3336 639 3344; x_wconf 91' lang='lat'><em>-</em></span> <span class='ocrx_word' id='word_1_242' title='bbox 663 3308 783 3376; x_wconf 69' lang='lat' dir='ltr'><strong>anulique</strong></span> <span class='ocrx_word' id='word_1_243' title='bbox 796 3313 813 3373; x_wconf 93' lang='lat'>†</span> <span class='ocrx_word' id='word_1_244' title='bbox 829 3315 903 3362; x_wconf 73' lang='grc' dir='ltr'>ιιιιιιι</span> <span class='ocrx_word' id='word_1_245' title='bbox 916 3313 940 3362; x_wconf 84' lang='lat' dir='ltr'><strong>ct</strong></span> <span class='ocrx_word' id='word_1_246' title='bbox 954 3325 1035 3376; x_wconf 77' lang='lat' dir='ltr'><strong>quum</strong></span> <span class='ocrx_word' id='word_1_247' title='bbox 1051 3309 1178 3374; x_wconf 75' lang='lat' dir='ltr'>(M1,W</span> 
     </span>
     <span class='ocr_line' id='line_1_35' title="bbox 242 3376 1172 3440; baseline 0.008 -11"><span class='ocrx_word' id='word_1_248' title='bbox 242 3391 269 3429; x_wconf 88' lang='grc' dir='ltr'><strong>ιι.</strong></span> <span class='ocrx_word' id='word_1_249' title='bbox 290 3392 314 3428; x_wconf 87' lang='lat' dir='ltr'><strong>a.</strong></span> <span class='ocrx_word' id='word_1_250' title='bbox 335 3377 390 3429; x_wconf 78' lang='lat' dir='ltr'><strong>tuis</strong></span> <span class='ocrx_word' id='word_1_251' title='bbox 408 3382 432 3429; x_wconf 80' lang='lat' dir='ltr'><strong>ct</strong></span> <span class='ocrx_word' id='word_1_252' title='bbox 451 3392 511 3430; x_wconf 79' lang='grc' dir='ltr'>σιιιιι.</span> <span class='ocrx_word' id='word_1_253' title='bbox 531 3376 589 3440; x_wconf 62' lang='grc' dir='ltr'><strong>ΜΘ,</strong></span> <span class='ocrx_word' id='word_1_254' title='bbox 608 3378 627 3429; x_wconf 89' lang='lat' dir='ltr'><strong>l.</strong></span> <span class='ocrx_word' id='word_1_255' title='bbox 665 3393 723 3430; x_wconf 75' lang='lat' dir='ltr'><strong>curu</strong></span> <span class='ocrx_word' id='word_1_256' title='bbox 744 3395 763 3431; x_wconf 89' lang='grc' dir='ltr'><strong>ιι</strong></span> <span class='ocrx_word' id='word_1_257' title='bbox 790 3397 808 3432; x_wconf 87' lang='grc' dir='ltr'><strong>ιι</strong></span> <span class='ocrx_word' id='word_1_258' title='bbox 827 3382 989 3432; x_wconf 69' lang='lat' dir='ltr'><strong>misellum</strong></span> <span class='ocrx_word' id='word_1_259' title='bbox 1007 3378 1037 3432; x_wconf 72' lang='lat' dir='ltr'><strong>R„</strong></span> <span class='ocrx_word' id='word_1_260' title='bbox 1073 3396 1102 3432; x_wconf 82' lang='grc' dir='ltr'><strong>ιι.</strong></span> <span class='ocrx_word' id='word_1_261' title='bbox 1124 3389 1172 3436; x_wconf 80' lang='lat' dir='ltr'><strong>act</strong></span> 
     </span>
     <span class='ocr_line' id='line_1_36' title="bbox 243 3445 1147 3520; baseline 0.006 -21"><span class='ocrx_word' id='word_1_262' title='bbox 243 3451 267 3499; x_wconf 83' lang='lat' dir='ltr'><strong>ct</strong></span> <span class='ocrx_word' id='word_1_263' title='bbox 286 3462 366 3515; x_wconf 80' lang='lat' dir='ltr'><strong>quum</strong></span> <span class='ocrx_word' id='word_1_264' title='bbox 387 3445 442 3512; x_wconf 87' lang='lat' dir='ltr'>(V.)</span> <span class='ocrx_word' id='word_1_265' title='bbox 462 3453 511 3499; x_wconf 83' lang='lat' dir='ltr'><strong>aut</strong></span> <span class='ocrx_word' id='word_1_266' title='bbox 529 3464 549 3498; x_wconf 85' lang='grc' dir='ltr'><strong>ιι</strong></span> <span class='ocrx_word' id='word_1_267' title='bbox 576 3449 731 3516; x_wconf 65' lang='lat' dir='ltr'><strong>cumquotus</strong></span> <span class='ocrx_word' id='word_1_268' title='bbox 748 3450 803 3516; x_wconf 82' lang='lat' dir='ltr'><strong>(vel</strong></span> <span class='ocrx_word' id='word_1_269' title='bbox 823 3466 849 3503; x_wconf 85' lang='lat' dir='ltr'><strong>u.</strong></span> <span class='ocrx_word' id='word_1_270' title='bbox 869 3453 1011 3518; x_wconf 64' lang='lat' dir='ltr'><strong>euitatus),</strong></span> <span class='ocrx_word' id='word_1_271' title='bbox 1028 3465 1113 3517; x_wconf 73' lang='grc' dir='ltr'>ιιιιιιιι</span> <span class='ocrx_word' id='word_1_272' title='bbox 1135 3459 1147 3520; x_wconf 84' lang='lat'>(</span> 
     </span>
    </p>

    <p class='ocr_par' dir='ltr' id='par_1_8' title="bbox 15 3518 730 3593">
     <span class='ocr_line' id='line_1_37' title="bbox 15 3518 730 3593; baseline -0.006 -17"><span class='ocrx_word' id='word_1_273' title='bbox 15 3552 25 3593; x_wconf 55' lang='lat' dir='ltr'><em>s</em></span> <span class='ocrx_word' id='word_1_274' title='bbox 234 3524 286 3575; x_wconf 74' lang='lat' dir='ltr'><strong>urit</strong></span> <span class='ocrx_word' id='word_1_275' title='bbox 306 3536 332 3576; x_wconf 85' lang='grc' dir='ltr'><strong>ιι.</strong></span> <span class='ocrx_word' id='word_1_276' title='bbox 354 3523 443 3587; x_wconf 77' lang='lat' dir='ltr'><strong>cetae,</strong></span> <span class='ocrx_word' id='word_1_277' title='bbox 461 3535 543 3591; x_wconf 72' lang='lat' dir='ltr'><strong>qutun</strong></span> <span class='ocrx_word' id='word_1_278' title='bbox 565 3518 661 3588; x_wconf 52' lang='lat' dir='ltr'><strong>obtutu,</strong></span> <span class='ocrx_word' id='word_1_279' title='bbox 677 3519 730 3581; x_wconf 58' lang='lat' dir='ltr'><strong>bu.</strong></span> 
     </span>
    </p>
   </div>
   <div class='ocr_carea' id='block_1_8' title="bbox 11 3706 295 3813">
    <p class='ocr_par' dir='ltr' id='par_1_9' title="bbox 11 3706 295 3813">
     <span class='ocr_line' id='line_1_38' title="bbox 11 3706 295 3813; baseline 0.004 -1"><span class='ocrx_word' id='word_1_280' title='bbox 11 3720 23 3789; x_wconf 87' lang='grc' dir='ltr'><strong>ι</strong></span> <span class='ocrx_word' id='word_1_281' title='bbox 233 3706 295 3813; x_wconf 58' lang='grc' dir='ltr'><strong>κ·</strong></span> 
     </span>
    </p>
   </div>
   <div class='ocr_carea' id='block_1_9' title="bbox 0 0 1190 3878">
    <p class='ocr_par' dir='ltr' id='par_1_10' title="bbox 0 0 1190 3878">
     <span class='ocr_line' id='line_1_39' title="bbox 0 0 1190 3878; baseline 0 1"><span class='ocrx_word' id='word_1_282' title='bbox 0 0 1190 3878; x_wconf 95' lang='lat' dir='ltr'><strong> </strong></span> 
     </span>
    </p>
   </div>
  </div>
 </body>
</html>
