2370 3878
352 180 609 236 nprsronnnon
628 180 661 234 x,
682 186 794 235 ae-ao.
988 180 1051 245 333

93 328 199 391 facere
222 347 282 391 nec
305 327 457 391 desistam
485 328 518 389 et
545 327 609 389 iam
636 324 672 389 in
700 325 840 388 maxima
867 345 901 389 re
930 324 992 388 feei
1020 329 1052 388 et

95 414 306 479 fundamenta
329 415 388 478 ieci
411 414 524 477 salutis
547 416 632 476 tuae.
678 411 727 476 'l'u
757 413 809 477 fac
832 413 918 477 bono
943 413 1051 477 animo

95 523 277 587 magnoque
306 503 358 566 sis
376 523 490 587 meque
513 501 574 565 tibi
600 502 691 564 nulla
712 523 747 564 rc
775 501 960 565 defuturum
983 522 1052 565 esse

95 590 247 656 confidas.
292 589 398 654 Pridie
420 587 534 654 Nonas
558 588 742 664 Quinctiles.

519 782 622 847 XXX.

95 895 153 949 Ser.
168 895 311 950 incastris
327 896 362 949 ad
376 895 515 950 Mutinam
529 911 554 948 a.
569 896 595 948 d.
611 894 684 948 XVI.
699 894 760 949 Kal.
775 895 866 950 Maias
880 911 941 950 au.
957 912 979 950 c.
993 901 1051 949 711.

371 1017 493 1073 GALBA
511 1017 683 1072 CICERONI
704 1017 778 1072 SAL.

163 1117 202 1181 A.
221 1118 250 1182 d.
273 1132 359 1180 xvn.
382 1118 454 1182 Kal.
473 1117 585 1199 Maias,
609 1139 672 1201 quo
692 1117 742 1180 die
760 1116 867 1182 Pansa
885 1118 920 1181 in
939 1118 1052 1181 castris
1073 1136 1085 1177 r

97 1205 196 1269 Hirtii
220 1210 289 1270 crat
310 1205 449 1290 futurus,
472 1228 544 1271 cum
567 1228 630 1289 quo
655 1227 715 1291 ego
743 1227 832 1269 eram
855 1241 897 1252 -
921 1227 997 1270 narn
1024 1207 1053 1270 ei

98 1295 226 1358 obviam
257 1315 475 1378 processeram
507 1295 595 1358 milia
626 1316 780 1378 passuum
813 1297 958 1376 centum,
990 1316 1053 1378 quo

98 1383 255 1446 maturius
277 1382 402 1448 veniret
414 1421 467 1466 —‚
490 1382 653 1447 Antonius
674 1383 818 1468 legiones
837 1383 947 1447 eduxit
965 1383 1054 1466 duas,

100 1471 273 1534 secundam
296 1475 329 1534 et
350 1472 497 1555 quintam
519 1472 723 1556 tricesimam,
745 1476 778 1535 et
797 1471 945 1536 cohortes
963 1493 1058 1555 prae.

97 1559 198 1622 torias
221 1559 311 1642 duas,
332 1582 431 1624 unam
450 1582 551 1643 suam,
573 1562 708 1624 alteram
728 1557 838 1643 Silani,
860 1565 890 1624 at
907 1564 1053 1624 avocato-

98 1669 169 1710 rum
182 1652 321 1731 partem:
343 1648 390 1713 ita
408 1649 537 1713 obviam
554 1649 644 1713 venit
662 1648 765 1732 nobis,
784 1649 870 1732 quod
888 1670 948 1713 nos
963 1652 1053 1732 quat-

97 1738 172 1800 tuor
197 1736 343 1821 legiones
369 1737 513 1801 tironum
544 1737 662 1801 habere
691 1738 795 1801 solum
824 1737 1053 1818 arbitrabatur3

98 1824 154 1886 sed
181 1828 293 1906 noctu,
326 1845 388 1907 quo
418 1824 520 1888 tutius
547 1825 656 1888 venire
683 1824 718 1886 in
745 1827 852 1887 castra
878 1845 1055 1906 possemus,

98 1911 259 1994 legionem
273 1910 435 1993 Martiam,
453 1911 505 1974 cui
519 1931 579 1995 ego
595 1931 743 1994 praeesse
758 1911 910 1993 solebam,
929 1914 962 1974 et
975 1911 1054 1974 duas

100 1997 249 2062 cohortes
277 1999 455 2081 praetorias
483 1999 615 2062 miserat
641 1997 768 2062 Hirtius
797 1997 900 2062 nobis.
950 1997 1089 2074 Quuma

100 2086 224 2168 equites
247 2084 385 2151 Antonii
407 2087 640 2170 apparuissent,
664 2087 822 2150 contineri
844 2107 947 2170 neque
970 2086 1055 2171 legio

99 2173 219 2237 Martia
245 2196 350 2257 neque
378 2174 526 2239 cohortes
552 2174 733 2259 praetoriae
760 2177 948 2259 potuerunt3
976 2196 1055 2259 quas

100 2263 191 2346 sequi
218 2263 381 2346 coepimus
413 2262 529 2347 coacti,
558 2263 711 2348 quoniam
742 2263 879 2327 retinere
907 2285 960 2328 eas
988 2285 1056 2328 non

99 2356 316 2434 potueramus.
366 2351 528 2416 Antonius
560 2351 601 2416 ad
632 2350 752 2416 Forum
784 2349 950 2416 Gallorum
981 2374 1055 2416 suas

100 2440 209 2523 copias
237 2440 426 2505 continebat
455 2461 558 2524 neque
591 2441 665 2504 sciri
692 2441 821 2505 volebat
848 2462 882 2504 se
911 2440 1055 2525 legiones

99 2527 231 2592 habere:
245 2532 373 2593 tantum
388 2529 566 2613 equitatum
581 2532 613 2593 et
625 2528 728 2593 levem
742 2532 939 2593 armaturam
950 2531 1055 2591 osten·

100 2614 205 2680 debat.
256 2617 472 2701 Posteaquam
504 2618 585 2682 vidit
616 2639 650 2681 se
680 2617 783 2681 invito
815 2616 978 2700 legionem
1008 2616 1054 2678 ire

99 2704 216 2789 Pansa,
230 2707 320 2789 sequi
334 2728 367 2769 se
383 2706 462 2770 duas
475 2707 621 2792 legiones
635 2705 729 2769 iussit
741 2706 893 2769 tironum.
925 2702 1055 2768 Postea*

101 2816 198 2876 quam
212 2793 379 2878 angustias
393 2794 520 2877 paludis
540 2799 573 2858 et
591 2794 744 2857 silvarum
756 2792 953 2876 transiimus,
971 2792 1055 2856 acies

101 2887 151 2946 est
173 2882 332 2945 instructa
359 2883 495 2946 anobis
523 2881 802 2965 xl1.eohortium3
832 2881 976 2947 nondum
1004 2901 1089 2946 ves
1123 2894 1126 2900 '

101 2974 218 3034 nerant
243 2969 388 3054 legiones
417 2970 510 3034 duae:
542 2973 674 3053 repente
701 2968 864 3035 Antonius
892 2969 926 3033 in
955 2971 1056 3033 aciem

101 3080 176 3122 suas
196 3059 304 3143 copias
324 3057 362 3120 de
381 3058 451 3122 vieo
470 3056 623 3141 produxit
640 3061 673 3122 et
691 3058 759 3123 sine
777 3080 868 3124 mora
886 3057 1056 3121 concurrit.

100 3144 209 3211 Primo
232 3146 280 3210 ita
302 3148 483 3231 pugnatum
506 3148 567 3229 est,
594 3149 631 3210 ut
658 3147 762 3212 acrius
788 3168 858 3212 non
878 3147 989 3228 posset
1017 3165 1057 3208 ex

171 3373 224 3442 Ep.
242 3355 284 3428 2⁸9.
313 3337 374 3428 ¹te'ln'
391 3373 517 3429 nullane
535 3373 591 3441 (M.‚
609 3373 714 3444 vulgo).
750 3377 769 3426 t.
788 3373 821 3424 in
838 3387 865 3425 a.
884 3387 914 3426 re
932 3371 962 3425 B.
1003 3369 1054 3439 Ep.

102 3449 201 3510 3ο,1.,
229 3460 278 3502 sec.
302 3449 328 3499 et
353 3445 477 3514 quintum
504 3447 529 3498 et
551 3444 715 3498 tricesimum
740 3441 879 3511 (Graevll
931 3442 978 3495 An
993 3458 1017 3494 s.
1033 3447 1061 3493 et

103 3513 234 3567 XXXV.
254 3514 341 3582 (Μ
375 3521 399 3570 3.
421 3514 508 3584 'duee
527 3531 613 3588 quum
631 3518 743 3589 repente
761 3513 882 3585 massa
