2370 3878
298 179 558 234 EPISTOLARUM
576 179 649 235 xm.
670 186 783 236 oo-ca
952 180 1015 243 471

464 445 612 531 unuin.

199 556 256 612 Sor.
276 557 381 612 Romae
399 574 494 612 menso
514 557 672 627 Septembri
690 573 714 611 a.
733 575 760 611 u.
779 575 802 612 c.
823 564 881 614 708.

64 681 102 735 Μ.
122 678 279 736 TULLIUS
299 679 428 735 CICERO
447 681 476 733 Ρ.
497 680 665 735 SERVILIO
688 680 856 735 ISAURICO
870 679 1017 736 Pnocos.

287 750 478 805 COLLEGAE
498 751 573 806 SAL.
593 751 794 807 PLURIMAM.

12 873 18 888 ·
133 850 251 916 Graiae
279 850 358 914 mihi
389 851 594 914 vehementer
624 854 698 914 tuae
730 849 855 914 litterae
882 850 1053 932 fuerunt,1

65 961 106 1004 ex
137 939 253 1023 quibus
285 938 421 1022 cognovi
457 960 567 1003 cursus
603 937 843 1023 navigationem
878 941 1019 1019 tuarum3

67 1026 274 1111 significabas
297 1027 384 1089 enim
406 1027 594 1092 memoriam
616 1030 707 1091 tuam
733 1029 862 1090 nostrae
885 1027 1020 1090 necessi·

65 1115 197 1198 tudinis,
216 1137 279 1198 qua
297 1114 377 1177 mihi
390 1114 472 1178 nihil
489 1118 617 1198 poterat
630 1137 699 1179 esse
717 1113 892 1178 iucundius.
930 1112 1022 1188 Quod

66 1203 225 1287 reliquum
254 1205 315 1285 est,
342 1203 444 1265 multo
472 1203 569 1266 etiam
597 1203 658 1266 erit
685 1201 820 1286 gratius,
849 1202 876 1264 si
903 1202 944 1265 ad
970 1224 1021 1266 me

68 1290 107 1354 de
130 1290 329 1373 republica,
351 1290 384 1353 id
406 1293 457 1354 est
481 1291 518 1354 de
543 1294 629 1355 statu
651 1289 846 1374 provinciae,
870 1290 908 1353 de
931 1290 1022 1353 insti-

67 1378 148 1442 tutis
171 1378 244 1461 tuis,
277 1378 478 1442 familiariter
501 1379 633 1462 scribes,
663 1400 743 1464 quae
767 1400 961 1462 quamquam
984 1399 1023 1441 ex

69 1465 179 1529 multis
201 1487 260 1549 pro
283 1470 340 1530 tua
363 1466 507 1530 claritate
527 1467 663 1551 audiam,
685 1471 795 1530 tamen
812 1466 1022 1530 libentissime
1124 1540 1127 1547 ¹

69 1574 109 1616 ex
127 1553 192 1616 tuis
211 1554 326 1618 litteris
345 1575 545 1638 cognoscam.
581 1554 653 1640 Ego
669 1555 709 1618 ad
727 1559 767 1637 te,
786 1555 877 1619 dere
895 1555 1022 1637 publica
1041 1563 1056 1609 2

69 1663 196 1705 summa
219 1642 294 1725 quid
327 1642 477 1725 sentiam,
504 1664 572 1707 non
599 1665 694 1726 saepe
727 1642 865 1707 scribam
892 1647 1023 1726 propter

69 1729 245 1812 periculum
268 1730 424 1795 eiusmodi
446 1731 638 1813 litterarum,
668 1732 744 1815 quid
771 1735 885 1814 agatur
908 1734 1023 1811 autem,

70 1817 208 1881 scribam
241 1819 375 1901 saepius.
435 1815 569 1901 Sperare
600 1823 710 1882 tamen
745 1818 854 1881 videor
885 1815 1024 1895 Caesari,

70 1906 211 1988 collegae
238 1909 364 1987 nostro,
396 1905 464 1969 fore
492 1927 585 1969 curae
613 1909 646 1969 et
673 1926 754 1986 esse,
786 1908 823 1967 ut
849 1905 1024 1968 habeamus

70 1994 212 2076 aliquam
234 2015 302 2057 rem
324 1993 499 2076 publicam,
527 1995 616 2057 cuius
639 1993 780 2057 consiliis
808 1993 918 2076 magni
945 1993 1023 2056 refe·

70 2082 164 2145 rebat
189 2086 221 2145 te
248 2082 416 2163 interesse,
441 2082 508 2164 sed,
540 2082 568 2145 si
594 2082 654 2145 tibi
681 2080 790 2144 utilius
816 2083 880 2161 est,
911 2080 944 2144 id
976 2085 1025 2144 est

71 2169 250 2253 gloriosius,
269 2169 366 2233 Asiae
385 2190 531 2251 praeesse
550 2172 583 2232 et
601 2170 697 2233 istam
716 2171 840 2252 partem
857 2170 904 2232 rei
921 2169 1024 2252 publi-

71 2278 126 2320 cae
154 2257 237 2321 male
265 2257 412 2320 affectam
439 2257 535 2338 tueri,
563 2257 643 2321 mihi
667 2255 792 2341 qutque
814 2257 912 2340 idem,
940 2257 1024 2342 quod

70 2345 132 2408 tibi
159 2348 191 2407 et
219 2345 307 2408 laudi
333 2349 407 2408 tuae
433 2344 636 2427 profuturum
668 2348 729 2426 est,
761 2346 901 2428 optatius
931 2346 1025 2410 debet

70 2453 149 2495 esse.
195 2430 277 2515 Ego,
300 2453 381 2516 quae
405 2433 445 2496 ad
467 2436 557 2496 tuam
581 2433 771 2517 dignitatem
792 2434 951 2516 pertinere
975 2449 1058 2496 ‹ar-3

70 2519 224 2601 bitrabor,
244 2542 368 2584 summo
387 2521 493 2585 studio
512 2521 739 2606 diligentiaque
758 2521 885 2601 curab0,
908 2522 943 2584 in
960 2521 1023 2604 pri-

71 2608 197 2691 misque
220 2609 335 2673 tuebor
353 2609 441 2673 omni
460 2610 665 2674 observantia
682 2610 894 2673 clarissimum
912 2609 1025 2691 virum,

69 2699 196 2778 patrem
218 2699 323 2779 tuum,
351 2698 435 2781 quod
459 2703 491 2762 et
512 2719 571 2780 pro
594 2702 754 2762 vetustate
781 2697 1024 2760 necessitudinis

71 2787 103 2846 et
126 2805 184 2865 pro
208 2784 369 2849 beneficiis
392 2786 506 2850 vestris
534 2789 568 2849 et
588 2807 647 2868 pro
671 2785 828 2869 dignitate
854 2785 955 2868 ipsius
978 2785 1024 2848 fa·

70 2892 140 2934 cere
164 2871 272 2936 deboc.

140 3097 192 3166 Ep.
213 3104 295 3165 68,1.
332 3099 401 3163 iuis,
419 3097 597 3164 familiariter
616 3097 690 3163 (W).
731 3102 749 3152 i.
768 3099 789 3165 f.
808 3098 901 3168 vulgo.
943 3103 968 3152 2.
992 3098 1025 3152 de

69 3182 99 3221 re
113 3169 229 3236 publica
248 3168 315 3237 (M).
352 3170 385 3222 de
402 3169 444 3224 rei
460 3168 587 3239 publicae
605 3168 688 3237 Crat,
706 3168 738 3223 B.
