2370 3878
364 187 624 242 EPISTOLARUM
642 189 703 242 XV.
724 197 747 242 1.
765 195 789 244 2.
991 193 1051 256 501

101 335 307 416 afferrentur,
334 334 395 395 iter
417 333 496 396 milri
519 332 702 396 faciendum
725 355 783 417 per
805 334 1001 418 Lycaoniam
1024 343 1057 401 et

98 444 157 507 per
189 421 318 488 Isauros
352 425 384 484 et
415 443 472 504 per
500 418 737 523 Cappadociam
770 423 854 486 arbit
840 427 943 487 tratas
972 447 1056 509 sum3

100 514 170 575 erat
202 511 287 573 enim
318 529 438 592 magna
470 509 624 593 suspiria,
655 509 733 572 Part
720 510 807 594 thos,
839 512 866 574 si
898 533 936 575 ex
964 511 1056 596 Syria

72 652 77 663 .
100 598 209 682 egredi
233 598 361 680 atque
352 618 527 681 irrumpere
550 598 585 660 in
608 618 712 662 meam
738 599 938 682 provinciam
961 621 1054 665 cona·

100 691 221 770 rentur,
243 687 304 749 iter
327 706 382 749 eos
404 707 462 768 per
481 683 726 770 Cappadociam,
749 687 834 769 quod
858 709 896 751 ea
918 690 1056 753 maxime

100 779 239 858 pateret,
271 795 340 837 esse
371 773 438 836 fact
424 778 523 838 turos.
577 773 690 856 ltaque
723 796 796 838 cum
828 777 967 840 exercitu
998 790 1090 861 pera

101 862 323 946 Cappadociae
355 865 428 945 part
426 883 480 925 em
512 883 596 944 eam,
628 884 709 944 quae
742 884 814 927 cum
842 862 954 928 Cilicia
981 888 1055 930 con·

101 952 208 1015 tinans
237 953 298 1033 est,
329 950 391 1013 iter
422 951 484 1013 feci
511 955 678 1033 castraque
708 950 749 1014 ad
777 949 937 1035 Cybistra,
970 955 1056 1038 quod

102 1039 256 1122 oppidum
280 1042 329 1102 est
352 1039 392 1100 ad
415 1042 558 1102 montem
581 1037 736 1122 Taurum,
759 1040 874 1122 locavi,
902 1044 939 1103 ut
961 1041 1055 1106 Arta-

101 1127 224 1210 vasdes,
246 1148 302 1189 rex
324 1125 506 1209 Armenius
530 1148 729 1209 quocumque
749 1128 857 1192 animo
880 1132 974 1213 esset,
998 1133 1055 1194 sci·

101 1220 151 1279 ret
173 1237 240 1278 non
262 1216 374 1298 procul
398 1236 417 1277 a
440 1215 506 1278 suis
528 1214 647 1278 finibus
671 1216 844 1285 exercitum
862 1181 974 1300 populi
992 1218 1055 1282 Ro·

101 1304 189 1366 mani
213 1324 291 1386 esse,
315 1307 346 1366 et
364 1302 562 1387 Deiotarum,
584 1303 804 1367 fidelissimum
827 1325 936 1389 regem
959 1311 1056 1390 atque

101 1392 329 1455 anricissimum
353 1391 399 1453 rei
422 1392 568 1473 publicae
591 1395 733 1475 nostrae,
761 1393 897 1456 maxime
925 1395 1055 1458 coniun-

101 1484 189 1542 ctum
211 1479 372 1561 haberem,
396 1477 484 1542 cuius
508 1483 541 1542 et
563 1481 695 1544 consilio
720 1484 752 1543 et
773 1482 888 1564 opibus
911 1482 1056 1547 adiuvari

101 1569 212 1650 posset
234 1588 285 1629 res
308 1567 444 1648 publica.
490 1566 560 1641 Quo
589 1591 687 1651 quum
714 1570 749 1632 in
771 1570 842 1633 loco
871 1574 977 1634 castra
1000 1572 1055 1635 ha·
1074 1583 1090 1630 3

101 1656 209 1718 berem
242 1655 481 1739 equitatumque
512 1657 545 1719 in
574 1653 717 1720 Ciliciam
748 1659 920 1741 misissem,
955 1663 992 1723 ut
1024 1665 1056 1724 et

101 1764 191 1806 meus
224 1743 379 1806 adventus
411 1745 450 1806 iis
483 1745 679 1826 civitatibuS,
715 1767 795 1827 quae
828 1747 862 1808 in
895 1768 932 1809 ea
963 1753 1055 1830 parte

102 1835 223 1913 essent,
245 1832 414 1894 nuntiatus
437 1831 593 1894 firmiores
617 1833 742 1895 animos
770 1834 914 1896 omnium
936 1834 1056 1899 faceret

102 1923 134 1981 ct
158 1940 217 2002 ego
246 1921 384 2000 mature,
412 1919 488 2000 quid
516 1922 665 2002 ageretur
692 1920 726 1981 in
750 1921 852 2002 Syria,
880 1921 960 1983 scire
983 1944 1055 2005 pos-

102 2029 178 2090 sem,
200 2010 327 2088 tempas
351 2007 419 2069 eius
442 2006 552 2089 tridui,
580 2007 665 2089 quod
692 2007 726 2068 in
749 2006 788 2069 iis
816 2008 928 2071 castris
951 2031 1054 2074 mora-

99 2095 199 2176 bar,
190 2116 225 2157 m
248 2114 367 2177 magno
392 2093 498 2158 officio
518 2098 550 2157 et
567 2095 747 2158 necessario
771 2095 850 2158 milri
869 2098 1054 2179 ponendum

100 2183 220 2264 putavi.
258 2180 363 2256 Quum
384 2182 470 2244 enim
493 2185 599 2245 vestra
618 2180 791 2246 auctoritas
813 2185 1054 2272 intercessisset,
1073 2200 1090 2247 4

100 2274 138 2331 ut
161 2289 220 2352 ego
248 2290 357 2352 regem
380 2267 632 2333 Ariobarzanem
658 2269 819 2334 Eusebem
851 2277 884 2335 et
909 2273 1053 2340 Philoro-

101 2378 228 2419 maeum
250 2360 357 2419 tuerer
380 2357 511 2440 eiusque
529 2359 614 2442 regis
633 2359 768 2422 salutem
787 2357 975 2425 incolumita
976 2366 1054 2427 tem·

101 2465 162 2525 que
185 2444 277 2528 regni
300 2444 516 2529 defenderem,
545 2447 614 2531 regi
636 2467 800 2531 regnoque
823 2450 982 2531 praesidio
1007 2473 1054 2515 cs·

101 2553 180 2616 sem,
217 2532 504 2616 adiunxissetisque
542 2536 677 2598 salutem
709 2536 776 2599 eius
808 2536 894 2620 regis
927 2541 1053 2602 senatui

98 2583 282 2703 popdloqae
302 2621 445 2685 Romano
475 2643 612 2707 magnae
636 2645 730 2688 curae
753 2645 830 2706 esse,
854 2625 940 2706 quod
962 2627 1052 2692 nullo

98 2731 251 2792 umquam
280 2709 318 2773 de
346 2731 421 2794 rege
449 2710 556 2774 decret
542 2716 612 2775 turn
642 2716 727 2775 esset
754 2716 908 2776 anostra
932 2715 1053 2799 ordine,

99 2797 278 2861 existimavi
305 2819 356 2860 me
384 2797 536 2861 iudicium
563 2802 705 2862 vestrum
729 2799 770 2862 ad
796 2820 905 2884 regem
929 2801 1052 2866 deferre

99 2883 212 2946 debere
237 2885 327 2966 eique
350 2885 546 2985 praesidium
568 2906 675 2949 meum
698 2891 731 2949 et
717 2887 839 2951 tfidem
863 2893 895 2951 et
918 2889 1051 2973 diligen-

98 2971 176 3032 tiam
200 2971 352 3053 polliceri,
375 2975 420 3054 ut,
443 2971 595 3053 quoniam
614 2973 728 3037 salus
718 2976 829 3059 1psius,
847 2977 1051 3041 incolumitas

167 3161 218 3230 Ep
239 3167 303 3226 aa
341 3161 507 3216 Artauasdes
533 3163 607 3229 (Wl.
649 3165 800 3220 Artuasdes
822 3166 858 3218 M.
862 3166 980 3234 ,.vulgo
1024 3173 1050 3222 4

98 3203 317 3287 Philorouraburu
336 3231 439 3300 (Mau.)
478 3233 715 3290 Philorhomaeum
738 3236 773 3288 M.
776 3235 953 3304 ,vulgo-
977 3237 1050 3291 salu·

95 3306 148 3352 tem
160 3301 422 3370 incolumitatemque
435 3306 513 3372 requi
527 3304 595 3371 <W.;
611 3321 632 3359 e.
647 3311 672 3359 ct
685 3278 897 3359 incolumitatem
911 3322 988 3375 repm
984 3307 1028 3360 L
1030 3312 1048 3375 )

95 3386 126 3434 s,
144 3370 316 3425 incolumitat
275 3377 356 3426 tatem
373 3389 536 3442 aequumque
553 3375 599 3442 M.
613 3376 757 3429 vulo—
724 3381 853 3429 —tserm
854 3392 884 3428 ui
881 3377 1050 3445 'populoque

94 3411 220 3496 Idomauo
244 3442 317 3510 (Wm)
358 3445 464 3512 poprdo
486 3448 703 3513 senatuique
707 3445 825 3515 ,.valgo
855 3476 887 3484 -—
916 3448 1049 3503 decretum

94 3516 160 3566 esset
179 3512 234 3581 (M,
252 3513 354 3583 vulgo).
393 3515 418 3568 d
439 3515 525 3569 estB.
