2370 3878
131 149 193 214 116
412 149 446 203 Μ.
466 148 592 204 TULLII
610 148 802 205 CICERONIS

558 396 648 462 XIV.

292 487 350 565 ser.
369 509 475 563 Romae
495 510 570 578 (post
588 510 620 563 K.
636 509 708 580 Oct.)
727 527 752 565 a.
772 528 799 565 u.
818 526 840 565 c.
862 516 921 567 708.

334 632 371 686 Μ.
391 630 519 688 CICERO
540 631 566 686 S.
585 631 619 687 D.
639 631 694 687 CN.
714 631 880 688 PLANCIO.

93 749 108 798 1
194 731 295 795 Binas
319 753 338 794 a
359 735 392 794 te
421 732 528 815 accepi
555 732 679 797 litteras
708 730 848 816 Corcyra
874 733 982 817 datas,
1013 757 1092 819 qua·

127 841 200 884 rum
232 820 340 884 alteris
372 819 451 882 mihi
483 820 702 905 gratulabare,
738 820 824 903 quod
857 820 1004 886 audisses
1037 845 1090 888 me

127 930 233 973 meam
259 908 431 992 pristinam
459 907 651 992 dignitatem
679 908 838 993 obtinere,
865 910 974 974 alteris
1005 911 1091 976 dice-

127 999 186 1062 bas
213 999 246 1061 te
273 997 368 1081 velle,
395 1017 476 1081 quae
504 997 655 1081 egissem,
682 996 764 1060 bene
792 1000 825 1060 et
850 996 989 1062 feliciter
1017 1020 1090 1064 eve-

67 1152 71 1156 ,
127 1087 206 1150 nire.
250 1085 323 1171 Ego
347 1088 468 1168 autem,
498 1085 525 1148 si
553 1085 695 1171 dignitas
723 1088 772 1149 est
798 1085 880 1149 bene
908 1084 947 1148 de
970 1107 1006 1150 re
1029 1108 1089 1170 pu-

127 1174 213 1239 blica
236 1174 355 1238 sentire
383 1176 415 1236 et
437 1172 531 1236 bonis
558 1173 635 1236 viris
664 1172 813 1256 probare,
841 1173 927 1256 quod
954 1175 1089 1259 sentias,

128 1263 259 1327 obtineo
284 1260 475 1345 dignitatem
502 1255 620 1342 meam,
647 1261 830 1324 sinautem
855 1261 890 1324 in
918 1281 956 1325 eo
980 1261 1088 1346 digni·

128 1353 179 1413 tas
203 1352 261 1433 est,
285 1349 321 1431 si,
344 1348 429 1431 quod
453 1347 586 1430 sentiae,
614 1350 726 1411 autre
750 1348 875 1413 efficere
898 1349 1005 1432 possis
1030 1354 1089 1415 aut

129 1437 265 1519 denique
283 1436 385 1500 libera
404 1435 548 1499 oratione
567 1434 747 1519 defendere,
765 1458 806 1500 ne
825 1436 998 1521 vestigium
1018 1439 1088 1520 qui·

128 1526 201 1588 dem
223 1524 325 1588 ullum
348 1526 397 1587 est
419 1522 577 1605 reliquum
599 1523 693 1588 nobis
713 1525 890 1610 dignitatis,
913 1525 1087 1609 agiturque

128 1613 304 1696 praeclare,
327 1611 354 1675 si
377 1612 614 1695 nosmetipsos
637 1633 748 1697 regere
770 1634 955 1697 possumus,
977 1616 1016 1676 ut
1040 1635 1087 1698 ea,

129 1722 210 1785 quae
237 1700 355 1784 partim
386 1699 451 1763 iam
478 1702 604 1784 assunt,
635 1700 754 1784 partim
784 1701 986 1784 impendent,
1018 1723 1087 1767 mo-

129 1790 238 1855 derate
259 1789 411 1872 feramus,
433 1787 520 1871 quod
542 1790 592 1852 est
609 1787 738 1853 difficile
760 1789 796 1853 in
814 1787 971 1853 eiusmodi
988 1788 1087 1874 bello,

128 1880 218 1944 cuius
251 1878 354 1943 exitus
387 1877 549 1941 exaltem
580 1880 672 1961 parte
704 1877 834 1941 caedem
862 1879 1019 1960 ostentat,
1046 1900 1088 1942 ex

94 1993 109 2041 2
129 1969 230 2032 altera
248 1967 447 2032 servitutem:
471 1986 534 2049 quo
552 1966 588 2028 in
605 1965 747 2049 periculo
766 1964 916 2029 nonnihil
938 1985 989 2028 me
1008 1985 1086 2030 con-

130 2056 261 2137 solatur,
284 2076 382 2138 quum
405 2055 554 2118 recordor
576 2054 656 2117 haec
676 2073 728 2133 me
746 2056 816 2117 tum
833 2052 961 2136 vidisse,
984 2074 1086 2136 quum

66 2220 69 2225 4
129 2142 285 2207 secundas
313 2143 410 2205 etiam
440 2163 491 2205 res
523 2145 665 2224 nostras,
696 2163 764 2206 non
794 2140 890 2205 modo
924 2139 1086 2225 adversae,

14 2268 16 2273 ·
128 2229 393 2315 pertimescebam
411 2229 629 2311 videbamque,
652 2232 773 2310 quanto
791 2229 933 2312 periculo
952 2228 996 2292 de.
1013 2228 1085 2294 iure

128 2319 257 2403 publico
281 2317 512 2399 disceptaretur
535 2315 645 2399 armis,
674 2317 789 2399 quibus
817 2317 844 2380 si
871 2316 894 2380 ii
921 2316 1086 2400 vicissent,

130 2406 171 2470 ad
203 2427 282 2490 quos
315 2424 375 2489 ego
407 2403 495 2486 pacis
523 2425 593 2487 spe,
624 2425 692 2468 non
722 2403 799 2468 belli
826 2403 1001 2488 cupiditate
1030 2405 1085 2468 ad-

130 2494 244 2559 ductus
277 2512 485 2574 accesseram,
515 2495 625 2555 tamen
656 2492 890 2577 intelligebam,
922 2495 955 2555 et
985 2492 1086 2558 irato·

128 2606 201 2648 rum
222 2582 392 2646 hominum
419 2583 452 2643 et
479 2579 668 2663 cupidorum
695 2584 728 2643 et
753 2580 962 2645 insolentium
985 2600 1085 2663 quam

130 2671 266 2736 crudelis
285 2672 369 2734 esset
386 2668 497 2732 futura
514 2668 657 2751 11111111,
676 2669 726 2732 sin
746 2671 853 2732 autem
870 2668 947 2733 victi
966 2671 1086 2752 essent,

130 2762 269 2843 quantus
292 2757 441 2822 interitus
469 2759 553 2820 esset
575 2756 702 2820 futurus
730 2756 847 2834 civium
876 2755 994 2840 partim
1018 2777 1085 2818 am-

129 2847 357 2931 plissimorum,
378 2844 497 2930 partim
515 2843 613 2908 etiarn
631 2845 836 2930 optimorum,
858 2844 913 2928 qui
931 2865 981 2908 me
1003 2842 1086 2908 haec

129 2934 367 3019 praedicentem
389 2937 485 3017 atque
509 2932 628 3016 optime
648 2933 868 2997 consulentem
888 2931 984 2997 saluti
1007 2952 1086 2995 suae

130 3023 295 3089 molebant
320 3022 456 3086 nimium
482 3019 630 3085 timidum
662 3042 758 3104 quam
786 3021 864 3085 satis
893 3018 1087 3104 prudentem

95 3135 111 3184 1
131 3110 314 3178 existimari.
361 3109 453 3186 Quod
477 3113 584 3174 autem
606 3108 686 3172 mihi
709 3109 748 3172 de
771 3130 823 3193 eo,
846 3108 932 3192 quod
955 3106 1087 3192 egerim,

131 3199 317 3287 gratularis,
347 3202 380 3264 te
411 3199 459 3263 ita
489 3199 570 3262 velle
602 3201 689 3262 certo
722 3196 801 3279 sci03
834 3196 890 3283 sed
922 3216 982 3281 ego
1016 3198 1088 3260 11111

194 3412 256 3535 Ep,
278 3416 323 3478 14,
344 3415 367 3465 1.
415 3407 535 3479 Corcyra
567 3406 730 3476 (Mart-L).
785 3404 900 3476 Corcyrc
930 3404 967 3458 Μ.
1021 3402 1089 3458 Gor·

132 3498 212 3551 cyrae
259 3523 265 3535 .
553 3516 554 3520 ,
