2370 3878
127 165 191 228 412
409 167 446 221 M.
466 165 588 221 TULLII
607 165 798 221 CICERONIS

126 315 360 394 procuratores,
382 310 524 394 libertos,
541 309 697 374 familiam
716 311 968 395 quibuscumque
986 313 1092 378 rebus.

128 421 208 482 opus
236 399 297 462 erit
325 396 518 481 defenderis,
545 399 668 482 gratius
695 399 775 463 mihi
797 399 956 483 futurum,
987 422 1087 483 quam

127 488 154 549 si
178 508 215 550 ea
237 490 295 549 tua
317 486 493 550 liberalitas
515 487 723 570 pertinuisset
745 487 785 551 ad
804 509 872 551 rem
889 488 1087 553 familiarem

127 596 245 658 meam,
272 595 332 638 nee
355 572 480 657 dubito,
503 575 581 658 quin
609 576 677 639 sine
700 597 772 638 mea
796 575 1087 654 commendatione,

127 662 212 746 quod
235 666 327 726 tuum
355 665 404 726 est
429 662 583 727 iudicium
606 662 645 727 de
672 663 871 749 hominibus,
897 664 999 747 ipsius
1024 664 1085 728 La·

126 752 209 815 miae
232 771 329 815 causa
352 750 493 815 studiose
513 751 622 816 omnia
640 751 783 816 facturus
807 752 863 815 sis:
888 774 1086 836 quamquam

127 843 197 903 erat
219 839 312 904 nobis
336 838 456 904 dietum
479 843 511 903 te
534 838 715 903 existimare
735 840 829 903 alicui
853 843 983 904 senatus
1009 861 1086 904 con·

127 927 222 1011 sulto,
240 928 325 1011 quod
345 931 457 992 contra
477 927 668 1012 dignitatem
686 931 776 991 tuam
794 928 894 1012 fieret,
913 928 1087 993 scribendo

127 1015 272 1080 Lamiam
296 1016 438 1100 affuisse,
462 1017 516 1099 qui
539 1016 671 1079 omnino
695 1016 880 1080 consulibus
903 1016 967 1080 illis
990 1037 1085 1079 num-

21 1135 24 1142 ·
128 1126 224 1187 quam
246 1105 309 1169 fuit
332 1105 372 1168 ad
396 1103 614 1186 scribendum3
637 1104 751 1168 deinde
775 1105 884 1168 omnia
905 1108 976 1167 tum
999 1104 1086 1167 falsa

128 1196 257 1257 senatus
282 1194 430 1258 consulta
453 1192 690 1276 deferebantur3
716 1193 780 1256 nisi
803 1192 887 1257 forte
915 1192 1014 1256 etiam
1036 1192 1085 1256 illi

12 1340 16 1347 .
128 1278 360 1366 Semproniano
392 1283 522 1344 senatus
550 1281 696 1346 consulto
725 1301 776 1344 me
806 1301 916 1344 censes
945 1279 1092 1362 affuisse,

128 1371 182 1453 qui
214 1390 254 1433 ne
281 1368 403 1433 Romae
436 1368 563 1452 quidem
594 1368 655 1451 fui,
686 1371 723 1432 ut
749 1371 820 1433 tum
849 1368 888 1432 de
916 1389 954 1432 eo
983 1368 1025 1431 ad
1050 1371 1085 1430 te

92 1457 249 1542 ascripsi,
267 1478 301 1520 re
319 1457 449 1541 recenti.
486 1455 548 1520 Sed
565 1455 645 1520 haec
662 1457 827 1521 haetenus.
865 1455 919 1539 Te,
941 1457 987 1519 mi
1006 1452 1085 1520 Cor-

127 1545 228 1627 nifici,
256 1545 353 1608 etiam
381 1549 476 1628 atque
504 1545 600 1608 etiam
627 1566 722 1629 rogo,
751 1548 788 1609 ut
815 1545 923 1610 omnia
951 1543 1086 1607 Lamiae

23 1660 27 1667 ¹
128 1633 260 1717 negotia
282 1654 354 1697 mea
376 1636 469 1716 putes
492 1653 561 1696 esse
580 1653 742 1717 curesque,
764 1636 801 1696 ut
818 1633 981 1716 intelligat
998 1631 1085 1695 hano

129 1719 440 1785 commendationem
458 1721 596 1785 maximo
617 1721 677 1786 sibi
696 1721 768 1785 usui
786 1720 897 1784 fuisse:
920 1719 983 1784 hoc
1004 1719 1087 1783 mihi

8 1878 11 1885 ,
129 1810 251 1894 gratius
274 1809 379 1874 facere
402 1809 484 1874 nihil
506 1812 607 1893 potes.
654 1806 747 1892 Cura,
769 1812 807 1872 ut
829 1809 944 1873 valeas.

451 2004 458 2016 '
552 2000 655 2067 XXX.

235 2115 293 2170 Scr.
312 2115 418 2170 Romae
436 2116 554 2169 exeunte
572 2131 667 2168 mense
685 2113 759 2167 Maio
779 2129 803 2167 a.
823 2131 849 2168 u.
868 2129 890 2167 c.
912 2120 971 2167 711.

348 2235 495 2292 CICERO
515 2235 759 2292 CORNIFICIO
778 2235 861 2292 SAL.

96 2357 106 2404 1
197 2335 312 2401 Itane?
334 2340 461 2419 praeter
483 2336 662 2420 litigatores
685 2357 780 2401 nemo
804 2336 844 2400 ad
866 2339 899 2400 te
921 2357 1010 2400 meas
1033 2338 1087 2402 lit·

129 2425 237 2489 teras?
274 2423 396 2489 Multae
419 2424 500 2488 istae
523 2425 664 2507 quidem3
686 2428 723 2488 tu
746 2425 832 2488 enim
854 2424 1026 2509 perfecisti,
1048 2430 1088 2489 ut

130 2535 224 2578 nemo
249 2513 317 2577 sine
344 2513 460 2576 litteris
487 2513 565 2575 meis
592 2513 652 2576 tibi
681 2533 714 2576 se
741 2513 1000 2578 commendatum
1027 2536 1088 2596 pu·

130 2606 227 2686 taret3
260 2601 315 2666 sed
348 2601 418 2684 quis
451 2621 602 2683 umquam
628 2604 758 2666 tuorum
784 2600 864 2665 mihi
896 2601 976 2665 dixit
1006 2623 1086 2681 csse,

131 2691 182 2754 cui
205 2690 323 2773 darem,
346 2689 425 2773 quin
448 2687 611 2752 dederim?
635 2692 692 2753 aut
714 2688 790 2771 quid
812 2689 892 2752 mihi
914 2688 1086 2753 iucundius

131 2800 241 2862 quam,
269 2800 367 2861 quum
395 2797 503 2842 coram
529 2779 636 2841 tecum
662 2776 751 2860 loqui
777 2798 845 2842 non
866 2777 1002 2860 possim,
1031 2781 1088 2840 aut

47 2919 51 2923 .
132 2867 269 2930 scribere
293 2866 333 2930 ad
356 2869 388 2929 te
412 2868 468 2929 aut
490 2867 563 2928 tuas
586 2865 692 2950 legere
710 2864 856 2929 litteras?
878 2865 958 2929 illud
981 2865 1090 2949 magis

130 2954 211 3018 mihi
233 2953 315 3017 solet
338 2973 406 3018 esse
428 2954 610 3037 molestum,
630 2953 731 3017 tantis
754 2974 804 3017 me
827 2953 975 3036 impediri
994 2973 1086 3017 occu·

130 3041 325 3126 pationibus,
343 3045 381 3105 ut
399 3041 439 3105 ad
457 3045 490 3105 te
509 3042 668 3106 scribendi
686 3062 758 3106 meo
777 3041 935 3105 arbitratu
949 3040 1094 3105 facultas.

130 3131 221 3195 nulla
244 3130 350 3213 detur,
372 3151 440 3194 non
463 3129 548 3194 enim
566 3134 599 3194 te
618 3130 771 3214 epistolis,
793 3128 849 3193 sed
869 3129 1088 3192 voluminibus

130 3220 328 3302 lacesserem,
351 3218 467 3302 quibus
490 3217 619 3302 quidem
641 3239 692 3281 me
716 3221 785 3281 ate
803 3217 971 3300 provocari
994 3238 1088 3301 opor·

131 3307 234 3390 tebet,
257 3307 402 3390 quamvis
425 3306 512 3370 enim
536 3308 710 3388 occupatus
730 3305 783 3388 sis,
806 3305 863 3369 otii
881 3308 992 3368 tamen
1014 3306 1088 3388 plus

130 3395 244 3478 habes3
271 3398 341 3477 aut,
368 3395 394 3458 si
421 3397 522 3457 netu
545 3392 674 3475 quidem
697 3414 805 3477 vacas,
827 3393 896 3456 noli
918 3393 1089 3476 impudens

119 3503 192 3546 esse
212 3503 277 3549 nec
297 3481 383 3549 milri
404 3479 591 3550 molestiam
613 3480 763 3548 exhibere
790 3485 824 3546 et
848 3502 871 3544 a
890 3501 941 3544 me
963 3481 1092 3547 litteras
