2370 3878
182 134 224 198 82
465 135 503 189 Μ.
523 134 645 190 TULLII
663 132 854 189 CICERONIS

181 281 357 364 permirum
380 279 509 364 accidit,
531 282 658 344 tantam
680 279 896 344 temeritatem
918 276 1019 344 fuisse
1041 278 1078 345 in
1100 300 1136 346 eo

182 368 393 452 adolescente,
416 369 506 433 ouius
530 388 590 453 ego
614 369 751 433 salutem
775 367 899 432 duobus
919 367 1034 451 capitis
1057 366 1135 432 iudi·

182 457 238 521 ciis
262 477 387 521 summa
409 457 616 522 contentione
640 455 782 540 defendi,
809 459 846 521 ut
868 454 933 519 tuis
959 455 1135 521 inimicitiis

182 545 392 629 suscipiendis
416 544 657 611 oblivisceretur
679 543 810 629 patroni
828 543 972 609 omnium
990 543 1134 611 fortuna·

181 656 253 699 rum
276 655 313 699 ac
335 633 499 699 rationum
522 654 661 718 suarum,
683 632 873 717 praesertim
895 652 995 717 quum
1012 635 1051 698 tu
1071 654 1134 699 om·

180 723 277 788 nibus
298 722 350 787 vel
369 722 566 787 ornamentis
584 722 635 785 vel
653 720 821 806 praesidiis
839 719 1045 806 redundares,
1067 721 1135 804 ipset,

181 815 218 875 ut
239 810 399 875 levissime
427 810 545 894 dicam,
572 811 674 875 multa
703 810 858 874 deessent.
904 805 1003 874 Ouius
1031 829 1135 875 sermo

183 900 299 963 stultus
323 901 356 962 et
376 899 509 982 puerilis
532 902 602 963 erat
624 898 689 964 iam
712 901 787 963 ante
811 898 925 962 adme
949 919 968 961 a
990 895 1035 962 M.
1058 894 1134 963 Cae

182 988 235 1072 lio,
257 986 409 1052 familiari
430 991 557 1073 nostro,
585 987 794 1073 perscriptum
822 985 860 1050 de
884 1007 947 1070 quo
970 984 1049 1050 item
1073 1007 1134 1050 ser·

59 1113 63 1121 ·
181 1098 276 1141 mone
299 1077 402 1141 multa
425 1077 544 1162 scripta
567 1080 644 1141 sunt
666 1075 785 1140 abste.
820 1072 893 1159 Ego
913 1076 1022 1138 autem
1041 1073 1134 1139 citius

182 1187 255 1229 cum
282 1186 334 1248 eo,
366 1165 420 1247 qui
446 1168 520 1230 tuas
546 1164 731 1229 inimicitias
758 1162 963 1247 suscepisset,
994 1164 1134 1228 veterem

182 1252 440 1317 coniunctionem
463 1252 674 1336 diremissem,
701 1273 798 1335 quam
824 1271 943 1316 novam
970 1250 1134 1316 concilias·

183 1362 263 1422 sem3
290 1360 394 1423 neque
424 1341 509 1404 enim
533 1340 571 1404 de
594 1361 665 1404 meo
694 1359 771 1425 erga
797 1342 830 1404 te
853 1337 959 1404 studio
988 1338 1134 1404 dubitare

183 1429 293 1512 debes,
320 1449 424 1510 neque
446 1428 480 1492 id
507 1431 557 1492 est
579 1428 750 1492 obscurum
778 1427 926 1513 cuiquam
948 1426 984 1493 in
1005 1428 1134 1511 provin-

148 1529 164 1577 6
184 1517 233 1580 eia
255 1536 314 1580 nec
328 1514 450 1581 Romae
468 1515 540 1580 fuit.
576 1513 638 1581 Sed
661 1520 770 1581 tamen
790 1514 991 1602 significatur
1012 1516 1048 1581 in
1068 1515 1135 1580 tuis

182 1604 298 1668 litteris
326 1604 464 1688 suspicio
493 1604 650 1688 quaedam
673 1608 706 1669 et
728 1604 886 1670 dubitatio
909 1607 980 1689 tna,
1008 1603 1049 1668 de
1072 1625 1135 1688 qua

183 1693 324 1757 alienum
346 1696 473 1777 tempus
497 1696 547 1758 est
568 1693 648 1757 mihi
670 1697 777 1759 tecum
799 1691 1040 1777 expostulandi,
1060 1714 1135 1777 pur·

183 1780 283 1867 gandi
304 1784 412 1846 autem
435 1781 498 1846 mei
520 1782 743 1847 necessarium.
788 1780 854 1848 Ubi
877 1781 963 1846 enim
986 1801 1046 1866 ego
1070 1780 1135 1846 cui·

183 1893 279 1954 quam
297 1869 453 1956 legationi
471 1869 520 1934 fui
538 1870 776 1955 impedimento,
795 1891 858 1955 quo
876 1869 983 1934 minus
996 1867 1136 1935 Romam

183 1959 224 2022 ad
246 1958 374 2024 laudem
396 1962 486 2025 tuam
508 1958 710 2025 mitteretur?
738 1962 795 2024 aut
821 1958 856 2022 in
884 1979 946 2042 quo
974 1957 1081 2042 potui,
1105 1957 1136 2032 ‚si

182 2049 215 2110 te
237 2046 345 2129 palam
369 2047 515 2132 odissem,
538 2048 653 2132 minus,
676 2047 762 2133 quod
784 2046 845 2111 tibi
863 2047 999 2130 obesset,
1020 2045 1136 2131 facere,

184 2134 316 2217 siclam,
334 2136 438 2220 magis
457 2139 566 2219 aperte
585 2137 734 2200 inimicus
753 2134 843 2200 esse?
880 2133 973 2211 Quod
991 2133 1019 2198 si
1032 2154 1136 2201 essem

184 2243 222 2286 ea
243 2221 384 2306 perfidia,
407 2244 471 2306 qua
494 2227 570 2287 sunt
590 2225 623 2307 ii,
646 2225 701 2307 qui
722 2224 757 2289 in
776 2245 837 2290 nos
854 2223 935 2289 haec
954 2221 1137 2308 conferunt,

183 2314 293 2375 tamen
316 2332 354 2374 ea
377 2310 514 2375 stultitia
537 2315 621 2376 certe
643 2333 710 2376 non
732 2311 874 2396 fuissem,
896 2315 934 2377 ut
952 2311 1062 2378 autin
1079 2311 1136 2377 ob-

152 2463 154 2467 ,
185 2419 277 2463 sauro
301 2398 374 2463 odio
395 2402 525 2482 apertas
549 2399 733 2466 inimicitias
752 2404 817 2485 aut,
838 2401 875 2465 in
894 2421 957 2484 quo
974 2399 1036 2465 tibi
1052 2398 1138 2465 nihil

184 2508 341 2571 nocerem,
364 2508 521 2552 summam
544 2488 745 2555 ostenderem
767 2489 968 2555 voluntatem
989 2486 1138 2555 nocendi.

183 2575 236 2641 Ad
262 2588 313 2641 me
341 2575 428 2641 adire
456 2576 612 2660 quosdam
638 2578 782 2663 memini,
813 2577 967 2644 nimirum
993 2596 1032 2643 ex
1057 2573 1137 2662 npi·

185 2668 283 2747 cteto,
311 2665 366 2748 qui
394 2664 536 2729 dicerent
563 2666 659 2731 nimis
686 2686 823 2753 magnos
851 2667 997 2751 sumptus
1019 2664 1138 2751 legatis

185 2752 324 2817 decerni:
352 2753 467 2836 quibus
495 2773 555 2838 ego
578 2775 646 2820 non
672 2758 740 2820 tam
761 2754 917 2841 imperavi
944 2774 1041 2838 quam
1063 2772 1138 2819 cen·

186 2840 235 2903 sui
259 2844 404 2926 sumptus
431 2841 547 2927 legatis
575 2863 672 2927 quam
693 2843 831 2909 maximo
860 2842 901 2909 ad
927 2843 1033 2929 legem
1060 2837 1138 2907 Gor·

184 2927 303 2992 neliam
326 2928 550 3015 decernendos,
573 2933 669 3014 atque
690 2930 727 2997 in
749 2952 786 2997 eo
809 2931 881 3016 ipso
902 2951 954 2998 mc
976 2950 1045 2997 non
1066 2948 1138 3083 per·

185 3037 346 3082 severasse
368 3019 467 3084 testes
491 3022 567 3085 sunt
588 3018 730 3088 rationes
753 3019 932 3103 civitatum,
954 3017 990 3085 in
1012 3016 1067 3104 qui
1089 3037 1140 3104 us,

186 3109 342 3190 quantum
356 3126 500 3193 quaeque
518 3108 630 3193 voluit,
650 3107 767 3197 legatis
783 3108 850 3174 tuis
868 3106 980 3174 datum
996 3104 1140 3191 induxit3

255 3334 306 3405 Ep.
323 3341 364 3403 10,
379 3339 404 3390 ⁶.
440 3335 554 3391 salutem
567 3338 599 3393 in
611 3336 637 3392 d.
653 3335 740 3404 (Wll
758 3365 791 3376 -
810 3335 940 3392 kcmsim
994 3335 1021 3405 .).
1058 3332 1139 3389 leniu-

184 3407 249 3461 sime
266 3404 402 3474 Mea-n,
421 3404 451 3459 B.
490 3413 513 3461 6.
544 3407 686 3477 [cimicum
701 3417 736 3462 eu
748 3404 887 3478 Epicteto]
907 3405 952 3476 (ed
973 3404 1140 3475 wetti?-

185 3477 217 3529 e'c
234 3491 311 3548 quos,
329 3479 461 3547 quonium
480 3475 564 3546 (W.)?
