2370 3878
341 145 601 202 EPISTOLARUM
619 147 679 202 vn.
699 152 812 202 11-11.
990 148 1054 212 219

93 312 254 377 unguem,
282 291 368 374 quod
395 292 499 374 aiunt,
527 313 547 355 a
574 291 663 373 stilo;
689 291 717 355 is
745 291 830 355 enim
859 294 908 355 est
930 292 1056 357 dicendi

95 380 220 465 opifex3
243 382 340 463 atque
363 380 509 464 equidem
528 379 730 463 aliquantum
747 380 813 444 iarn
831 380 929 445 etiam
951 382 1055 447 noetis

94 490 237 534 assumo.

516 660 636 726 XXVI.

330 771 388 830 Sor.
406 773 437 828 in
456 774 614 828 Tusculano
633 789 658 827 a.
677 790 704 827 u.
723 778 826 830 1197.

389 893 517 951 CICERO
536 896 563 951 S.
583 897 616 950 D.
636 895 764 951 GALLO.

168 995 274 1071 Quum
297 996 454 1061 decimum
477 996 542 1059 iam
566 996 650 1060 diem
674 996 815 1080 graviter
838 1017 876 1059 ex
893 996 1056 1061 intestinis
1077 1011 1088 1058 1
1115 1064 1123 1083 ‚

96 1085 281 1151 laborarem
310 1106 413 1168 neque
441 1085 494 1167 iis,
523 1084 579 1167 qui
601 1106 673 1147 mea
701 1105 799 1167 opera
825 1084 873 1146 uti
896 1084 1057 1169 volebant,

97 1194 152 1237 me
170 1174 342 1257 probarem
359 1195 426 1238 non
445 1173 560 1255 valere,
583 1173 658 1255 quia
675 1171 792 1235 febrim
811 1192 877 1235 non
896 1171 1057 1256 haberem,

97 1261 172 1346 fugi
194 1262 229 1325 in
248 1261 475 1344 Tusculanum,
498 1282 597 1344 quum
616 1260 744 1344 quidem
762 1258 895 1323 biduum
916 1260 962 1323 ita
980 1261 1057 1324 ieiu-

99 1372 164 1414 nus
186 1349 329 1433 fuissem,
351 1353 446 1414 utne
466 1371 583 1434 aquam
602 1349 730 1433 quidem
749 1352 925 1433 gustarem:
948 1349 1056 1432 itaque

99 1437 267 1503 confectus
294 1440 451 1522 languore
479 1443 512 1503 et
542 1438 628 1502 fame
660 1437 763 1522 magis
790 1441 883 1501 tuum
915 1437 1054 1501 officium

100 1526 293 1610 desideravi,
322 1549 417 1610 quam
448 1549 467 1591 a
489 1530 522 1590 te
544 1526 663 1610 requiri
685 1525 797 1610 putavi
823 1547 939 1589 meum.
984 1525 1056 1611 Ego

101 1618 209 1678 autem
234 1637 332 1698 quum
356 1637 466 1679 omnes
489 1616 620 1679 morbos
638 1614 821 1696 reformido,
843 1617 913 1678 tum
935 1615 971 1678 in
994 1636 1056 1696 quo

101 1701 279 1786 Epicurum
305 1707 398 1767 tuum
426 1701 525 1768 Stoici
552 1705 635 1767 male
663 1703 838 1785 accipiunt,
870 1702 945 1784 quia
973 1703 1058 1765 dicat

102 1785 354 1869 στραγγουρικὰ
376 1787 433 1850 καὶ
461 1785 681 1867 δυσεντερικὰ
710 1786 803 1868 πάθη
831 1789 892 1852 sibi
923 1789 1058 1853 molesta

102 1899 186 1959 esse,
214 1898 351 1958 quorum
379 1878 516 1941 alterum
543 1878 692 1941 morbum
715 1876 882 1941 edacitatis
910 1896 978 1939 esse
1002 1900 1058 1959 pu·

101 1968 186 2046 tant,
210 1965 347 2027 alterum
370 1964 468 2028 etiam
490 1964 643 2046 turpioris
661 1963 938 2046 intemperantiae.
976 1962 1058 2028 Sane

102 2051 325 2128 δυσεντερίαι
356 2051 597 2134 pertimuerarn3
630 2051 685 2116 sed
716 2051 785 2115 visa
817 2055 867 2115 est
898 2050 977 2115 mihi
1008 2054 1058 2116 vel

101 2139 166 2204 loci
188 2139 326 2203 mutatio
349 2141 401 2203 vel
424 2140 523 2203 animi
541 2140 638 2203 etiam
657 2139 811 2204 relaxatio
830 2140 882 2203 vel
901 2139 972 2223 ipsa
994 2139 1058 2205 for-

102 2231 189 2292 tasse
212 2228 278 2292 iam
302 2228 497 2292 senescentis
521 2228 625 2292 morbi
643 2228 789 2293 remissio
808 2228 977 2312 profuisse.
1009 2229 1093 2298 Aca

102 2319 227 2399 tamen,
254 2337 295 2380 ne
324 2317 451 2399 mirere,
483 2317 567 2380 unde
594 2317 657 2381 hoc
680 2317 831 2381 acciderit
858 2317 1058 2400 quomodove

103 2405 326 2487 commiserim,
348 2405 400 2468 lex
423 2405 630 2489 sumptuaria,
653 2427 734 2490 quae
754 2406 882 2470 videtur
905 2403 1058 2485 λιτότητα

104 2493 263 2575 attulisse,
291 2513 329 2556 ea
360 2493 440 2558 mihi
466 2493 573 2557 fraudi
599 2494 670 2558 fuit.
715 2492 814 2576 Nam,
841 2494 918 2558 dum
945 2495 1059 2556 volunt

103 2580 158 2644 isti
184 2581 266 2644 lauti
293 2584 379 2645 terra
405 2585 496 2665 nata,
529 2603 609 2665 quae
640 2583 711 2667 lege
744 2585 876 2665 excepta
904 2584 992 2662 sunt,
1024 2581 1058 2644 in

102 2667 261 2733 honorem
284 2669 450 2754 adducere,
472 2671 601 2756 fungos
618 2671 783 2753 heluellas,
805 2669 922 2733 herbas
947 2688 1058 2733 omnes

103 2757 150 2820 ita
178 2758 346 2842 condiunt,
373 2762 410 2823 ut
436 2758 518 2822 nihil
546 2758 650 2842 possit
676 2780 744 2822 esse
773 2757 914 2821 suavius:
942 2755 977 2819 in
1005 2778 1058 2822 eas

105 2866 203 2927 quum
225 2846 408 2910 incidissem
430 2848 466 2910 in
489 2867 590 2910 coena
608 2846 755 2931 augurali
773 2845 858 2928 apud
876 2843 1059 2929 Lentulum,

104 2936 197 2996 tanta
223 2956 274 2997 me
302 2932 458 3014 διάρροια
485 2934 634 3016 arripuit,
660 2936 698 2997 ut
723 2932 819 2998 hodie
846 2934 986 3017 primum
1013 2934 1058 2998 vi·

104 3020 217 3085 deatur
240 3022 382 3105 coepisse
406 3022 588 3085 consistere.
624 3021 677 3085 Ita
699 3042 769 3107 eg0,
792 3023 847 3105 qui
870 3043 921 3085 me
945 3022 1058 3086 ostreis

104 3112 137 3172 et
158 3111 321 3175 muraenis
343 3108 437 3173 facile
465 3110 680 3193 abstinebam,
707 3110 824 3173 abeta
851 3114 884 3173 et
911 3131 930 3172 a
953 3110 1058 3171 malva

104 3197 255 3280 deceptus
279 3220 363 3281 sum3
386 3198 521 3280 posthac
544 3198 644 3282 igitur
667 3199 784 3263 erimus
809 3198 975 3262 cautiores.
1008 3196 1057 3261 Tu

102 3288 222 3370 tamen,
245 3308 343 3369 quum
367 3286 509 3351 audisses
533 3287 574 3350 ab
597 3285 713 3351 Anicio
733 3322 774 3332 ν
794 3285 875 3349 vidit
897 3283 983 3346 enim
1006 3304 1057 3346 me

102 3379 314 3439 nauseantem
328 3412 380 3458 —,
402 3397 470 3440 non
492 3375 589 3440 modo
613 3374 762 3438 mittendi
785 3393 915 3436 causam
938 3371 1057 3435 iustam

102 3460 253 3545 habuisti,
277 3463 332 3527 sed
355 3463 453 3528 etiam
470 3462 607 3528 visendi:
631 3483 691 3547 ego
711 3461 763 3525 hic
786 3459 893 3544 cogito
918 3480 1056 3523 commo-
