2370 3878
201 167 262 230 166
481 170 518 222 Μ.
538 169 660 224 TULLII
679 169 868 226 CICERONIS

197 334 294 396 quam
316 333 445 376 necesse
467 313 543 396 fuit3
565 314 645 378 facit
663 319 770 379 autem
788 337 856 379 non
874 317 1056 400 loquacitas
1075 342 1149 403 meu,

162 399 253 468 used
275 400 501 465 benevolentia
523 403 685 486 longiores
714 404 874 486 epistolas.
920 403 1070 471 Servium
1093 409 1149 473 dis·

196 487 328 552 cessisse
360 488 497 554 Athenis
529 491 662 555 moleste
694 492 767 573 tuli3
803 513 871 555 non
907 492 995 556 enim
1032 495 1150 579 dubito,

196 579 274 660 quin
301 597 439 661 magnae
470 579 531 641 tibi
557 579 711 642 levationi
739 579 852 643 solitus
880 580 923 644 sit
950 603 1022 646 esse
1050 585 1149 667 quoti·

195 665 310 729 dianus
343 687 534 750 congressus
571 670 603 730 et
635 688 739 731 sermo
774 689 873 750 quum
909 668 1149 737 familiarissimi

194 753 344 837 hominiS,
366 757 437 817 tum
460 755 574 837 optimi
597 758 630 817 et
651 755 892 838 prudentissimi
915 757 984 821 viri.
1029 758 1081 823 Tu
1102 782 1149 825 ve·

195 841 252 903 lim
283 844 329 924 te,
360 845 397 905 ut
429 842 524 906 debes
552 847 585 907 et
613 844 708 927 soles,
740 847 797 907 tua
828 844 947 908 virtute
976 850 1149 912 sustentes:

195 949 269 1013 eg0,
299 951 380 1012 quae
408 933 440 994 te
469 932 549 995 velle
573 953 716 1014 quaeque
744 931 785 995 ad
807 935 840 995 te
863 936 896 996 et
919 933 960 996 ad
982 937 1060 999 tuos
1083 958 1149 1020 per·

194 1018 296 1081 tinere
320 1019 515 1103 arbitrabor,
543 1020 651 1084 omnia
674 1020 816 1084 studiose
839 1020 1077 1105 diligenterque
1101 1045 1149 1088 cu·

193 1107 286 1188 rabo3
310 1129 391 1189 quae
415 1130 513 1191 quum
536 1108 662 1191 faciam,
685 1108 943 1173 benevolentiam
961 1112 1056 1174 tuam
1075 1133 1149 1198 erga

194 1216 245 1258 me
267 1194 427 1279 imitabor,
450 1196 565 1259 merita
587 1217 654 1259 non
678 1217 839 1279 assequar.
884 1194 976 1261 Vale.

648 1387 688 1452 V.

369 1497 425 1552 scr.
450 1497 555 1552 Romae
578 1502 695 1554 exeunte
719 1517 792 1555 anno
815 1519 842 1554 u.
866 1518 889 1554 c.
910 1498 979 1556 708?

408 1621 445 1676 M.
460 1619 588 1676 CICERO
604 1622 630 1677 S.
645 1623 677 1676 D.
693 1624 725 1678 A.
741 1623 930 1679 CAECINAE.

158 1737 173 1786 1
260 1720 527 1805 Quotiescumque
540 1722 644 1786 filium
656 1727 749 1787 tuum
766 1723 859 1788 video
875 1759 916 1770 -
931 1723 1026 1789 video
1042 1728 1148 1789 autem

192 1811 258 1876 fere
282 1811 424 1896 quotidie
438 1847 489 1895 —‚
511 1812 665 1894 polliceor
684 1812 712 1875 ei
731 1811 872 1876 studium
891 1811 1020 1894 quidem
1041 1834 1147 1879 meum

192 1904 225 1964 et
248 1923 379 1984 operam
402 1900 470 1965 sine
493 1901 559 1964 ulla
583 1900 768 1983 exceptione
793 1903 850 1963 aut
871 1900 992 1964 laboris
1015 1904 1076 1965 aut
1098 1922 1147 1966 oe

192 1990 372 2072 cupationis
392 1992 449 2053 sut
465 1989 629 2072 temporis,
648 1989 786 2073 gratiam
800 1991 908 2051 autem
927 1991 1023 2071 atque
1039 1994 1147 2054 aucto·

191 2077 320 2140 ritatem
339 2099 412 2141 cum
429 2077 491 2140 hac
509 2077 704 2160 exceptione,
728 2080 886 2160 quantum
902 2076 1028 2139 valeam
1048 2098 1147 2161 quan·

190 2167 323 2246 tumque
346 2165 475 2247 possim.
512 2164 608 2227 Liber
630 2168 706 2228 tuus
730 2167 762 2229 et
784 2166 885 2228 lectus
909 2166 959 2228 est
977 2167 1010 2228 et
1027 2164 1148 2251 legitur

192 2272 211 2314 a
238 2273 289 2313 me
317 2250 487 2335 diligenter
514 2254 547 2314 et
572 2251 751 2316 custoditur
779 2251 1032 2336 diligentissime.
1083 2252 1147 2317 Res

192 2343 224 2402 et
246 2338 395 2402 fortunae
418 2342 493 2402 tuae
521 2338 600 2402 mihi
627 2341 783 2404 maximae
817 2361 910 2403 curae
943 2343 1032 2422 sunt,
1066 2362 1147 2424 quae

191 2428 320 2511 quidem
343 2426 485 2510 quotidie
508 2426 668 2490 faciliores
696 2428 775 2492 mihi
803 2432 835 2492 et
861 2428 1009 2492 meliores
1036 2428 1147 2493 viden·

190 2520 252 2600 tur,
274 2515 447 2598 multisque
466 2515 558 2579 video
576 2535 714 2600 magnae
738 2538 806 2581 esso
825 2537 928 2598 curae,
951 2536 1091 2599 quorum
1110 2516 1148 2581 de

192 2605 298 2669 studio
322 2608 355 2668 et
373 2604 411 2667 de
431 2624 488 2666 sua
507 2624 563 2686 spe
581 2603 684 2668 filium
702 2603 743 2668 ad
760 2608 793 2668 te
811 2602 1034 2688 perscripsisse
1059 2608 1147 2669 certo

156 2694 270 2775 asci03
293 2693 332 2756 iis
357 2695 464 2756 autem
488 2692 657 2775 derebus,
682 2714 761 2775 quas
785 2692 970 2756 coniectura
993 2692 1148 2776 consequi

190 2802 370 2864 possumus,
393 2801 461 2843 non
483 2780 563 2843 mihi
586 2802 687 2864 sumo,
710 2784 747 2844 ut
763 2781 836 2864 plus
855 2781 923 2863 ipse
942 2779 1149 2863 prospiciam,

192 2890 289 2951 quam
311 2872 344 2931 te
366 2868 473 2933 videre
497 2871 593 2952 atque
616 2868 796 2953 intelligere
819 2867 899 2932 mihi
922 2869 1149 2951 persuaserim,

126 2950 129 2955 ⁴
192 2957 247 3020 sed
270 2960 388 3040 tamen,
412 2957 487 3039 quia
508 2957 578 3020 fieri
599 2959 715 3040 potest,
737 2960 775 3020 ut
796 2960 833 3021 tu
852 2978 891 3020 ea
909 2956 1149 3039 perturbatiore

192 3046 300 3109 animo
324 3045 459 3130 cogites,
482 3048 561 3128 puto
585 3066 654 3109 esse
677 3066 796 3128 meum,
820 3045 897 3128 quid
920 3044 1074 3129 sentiam,
1098 3066 1149 3109 ex·

191 3155 324 3219 ponere:
352 3155 390 3196 ea
416 3137 534 3197 natura
556 3153 663 3196 rerum
691 3136 740 3196 est
762 3136 795 3196 et
821 3134 849 3197 is
871 3136 1056 3214 temporum
1080 3154 1150 3196 cur-

192 3244 256 3306 sus,
277 3226 315 3285 ut
336 3242 405 3285 non
427 3221 531 3305 possit
551 3221 615 3284 ista
638 3223 694 3285 aut
716 3221 776 3285 tibi
800 3224 856 3285 aut
879 3220 991 3284 ceteris
1014 3220 1151 3285 fortuna

192 3332 260 3374 esse
284 3309 436 3374 diuturna
458 3330 562 3392 neque
584 3309 715 3374 haerere
738 3310 773 3372 in
795 3311 863 3373 tam
885 3308 972 3372 bona
995 3328 1096 3373 causa
1119 3312 1152 3373 et

261 3501 312 3572 Ep.
334 3506 357 3572 5,
374 3507 397 3556 1.
434 3505 512 3568 saut,
536 3517 606 3571 qaae
623 3501 730 3571 quidem
749 3499 823 3569 (W).
859 3502 939 3564 Μῦς
960 3513 985 3567 q.
1004 3514 1029 3566 q.
1053 3499 1154 3571 vulgo.
