2370 3878
160 168 225 253 29'2
442 191 480 244 n.
499 190 622 245 nuum
640 189 830 245 cloarcius

159 356 249 416 nam,
277 333 410 411 situm,
438 356 537 417 quum
559 334 715 419 habebas,
743 356 823 418 quos
846 334 1020 418 imitarere,
1047 357 1117 400 non

160 423 297 487 multum
320 421 518 506 proficiebas,
542 422 618 505 quid
640 445 727 487 nunc
750 427 782 486 te
800 423 961 487 factumm
982 425 1117 506 putem?

161 510 323 594 Spurinna
346 510 487 593 quidem,
515 532 614 594 quum
637 511 666 574 ei
688 533 756 574 rem
784 511 1056 576 demonstrassem
1084 516 1118 576 et

160 599 260 663 vitam
282 602 372 662 tuam
396 599 592 682 superiorem
610 600 837 683 exposuissem,
860 620 1015 684 magnum
1033 601 1117 683 peri·

160 687 268 751 culum
292 708 434 752 summae
461 687 677 770 reipublicae
700 687 956 771 demonstrabat,
983 687 1047 751 nisi
1076 688 1117 751 ad

160 775 358 859 superiorem
376 775 642 840 consuetudinem
659 779 739 859 tum,
762 798 860 859 quum
874 775 1037 841 Favonius
1060 776 1117 840 fla·

159 867 218 947 ret,
239 863 438 946 revertisses3
460 864 523 928 hoc
540 866 685 947 tempore
703 864 781 927 ferri
799 885 902 947 posse,
926 865 953 928 si
976 864 1060 928 forte
1080 867 1116 928 tu

125 966 141 1012 a
159 951 263 1037 frigus
286 951 370 1016 ferre
392 973 460 1017 non
482 973 603 1035 posses.
645 951 707 1016 Sed
730 951 919 1035 mehercule,
941 952 987 1016 mi
1009 951 1117 1036 Paete,

160 1043 250 1104 extra
272 1040 378 1104 iocum
400 1061 516 1105 moneo
540 1043 581 1124 te,
604 1039 689 1123 quod
708 1039 867 1123 pertinere
891 1039 931 1103 ad
954 1040 1047 1104 beate
1071 1041 1116 1103 vi-

159 1129 299 1193 vendum
313 1129 461 1211 arbitror,
481 1132 519 1192 ut
532 1149 605 1192 cum
618 1128 695 1192 viris
709 1129 813 1215 bonis,
831 1127 988 1212 iucundis,
1006 1149 1116 1192 aman-

159 1218 246 1281 tibus
264 1217 312 1282 tui
330 1217 433 1281 vivas:
455 1217 538 1280 nihil
557 1219 606 1280 est
624 1217 731 1301 aptius
750 1216 845 1299 vitae,
862 1215 944 1279 nihil
963 1216 1003 1279 ad
1022 1217 1116 1280 beate

159 1304 331 1369 vivendum
354 1304 638 1387 accommodatius3
660 1326 720 1368 nec
738 1304 771 1367 id
790 1304 830 1367 ad
849 1305 1048 1387 voluptatem
1069 1326 1117 1368 re-

159 1394 238 1477 fero,
257 1391 312 1457 sed
332 1393 372 1456 ad
391 1393 655 1458 communitatem
673 1393 758 1456 vitae
773 1396 869 1476 atque
883 1393 986 1456 victus
1005 1394 1116 1457 remis-

160 1482 346 1565 sionemque
360 1481 550 1565 animorum,
569 1502 650 1565 quae
665 1481 802 1545 maxime
817 1503 963 1546 sermone
978 1481 1117 1545 efficitur

159 1569 321 1654 familiari,
339 1570 394 1653 qui
413 1571 515 1634 estin
534 1570 689 1635 conviviis
703 1569 916 1651 dulcissimus,
934 1572 972 1634 ut
990 1570 1115 1653 sapien-

160 1658 224 1722 tius
238 1659 342 1724 nostri
357 1679 452 1742 quam
463 1657 590 1723 Graeci:
603 1658 651 1722 illi
666 1657 835 1738 συμπόσια
849 1660 905 1722 aut
915 1652 1114 1736 σύνδειπνα,

159 1746 193 1811 id
216 1751 267 1811 est
288 1747 545 1830 compotationes
569 1749 625 1810 aut
643 1746 921 1830 concoenationes,
943 1766 1004 1810 nos
1023 1765 1116 1829 „con-

159 1834 271 1919 vivia“,
293 1835 379 1920 quod
401 1840 472 1900 tum
494 1835 631 1900 maxime
654 1835 750 1899 simul
772 1834 898 1899 vivitur.
943 1832 1053 1917 Vides,
1080 1837 1117 1896 ut

159 1926 192 1988 te
214 1923 473 2008 philosophando
497 1945 646 1988 revocare
669 1944 767 1988 coner
789 1922 830 1986 ad
854 1944 979 1988 coenas.
1023 1919 1116 2003 Cura,

159 2015 197 2076 ut
219 2014 340 2095 valeas3
362 2013 396 2076 id
418 2013 498 2078 foris
522 2010 713 2079 coenitando
736 2011 888 2075 facillime
912 2031 1115 2095 consequere.

124 2113 142 2159 4
161 2099 223 2164 Sed
246 2122 331 2183 cave,
355 2101 383 2164 si
404 2123 456 2165 me
479 2123 578 2183 amas,
600 2101 762 2164 existimes
785 2120 845 2183 me,
868 2099 954 2182 quod
977 2098 1116 2163 iocosius

162 2188 308 2273 scribam,
331 2189 485 2255 abiecisse
509 2212 618 2255 curam
640 2190 687 2253 rei
710 2188 866 2272 publicae.
905 2186 957 2252 Sic
979 2187 1047 2269 tibi,
1070 2187 1114 2248 mi

159 2275 266 2359 Paete,
284 2277 450 2362 persuade,
472 2299 524 2342 me
543 2279 609 2342 dies
628 2281 661 2342 et
678 2282 790 2341 noctes
808 2275 891 2340 nihil
909 2274 996 2339 aliud
1010 2293 1115 2357 agere,

160 2364 241 2428 nihil
265 2385 390 2449 curare,
413 2366 479 2429 nisi
500 2369 538 2430 ut
559 2366 623 2430 mei
646 2366 730 2431 cives
754 2365 835 2429 salvi
857 2362 1011 2444 liberique
1034 2360 1114 2423 sint:

160 2453 286 2517 nullum
308 2454 415 2517 locum
438 2454 659 2537 praetermitto
679 2452 841 2536 monendi,
862 2449 987 2536 agendi,
1009 2450 1115 2534 provi-

161 2541 269 2624 dendi,
286 2543 349 2606 hoc
369 2541 504 2626 denique
524 2543 632 2607 animo
651 2564 731 2626 sum,
749 2545 795 2625 ut,
813 2540 841 2605 si
853 2540 888 2603 in
901 2538 963 2602 hac
977 2560 1055 2603 cura
1069 2542 1115 2601 at-

160 2652 221 2713 que
236 2630 514 2695 administratione
533 2631 600 2695 vita
618 2631 698 2695 mihi
715 2629 865 2715 ponenda
883 2627 935 2711 sit,
952 2627 1116 2711 praeclare

160 2722 268 2783 actum
290 2740 416 2783 mecum
437 2723 557 2803 putem.
602 2718 712 2783 Etiam
735 2722 831 2803 atque
854 2717 952 2781 etiam
975 2716 1054 2781 vale.

493 2914 497 2921 “
532 2963 535 2967 .
584 2912 688 2979 XXV.

196 3022 253 3079 Ser.
273 3023 427 3080 Laodiceae
445 3041 538 3081 mense
557 3025 710 3099 Februario
728 3025 804 3094 (post
817 3023 869 3092 Id.)
888 3039 912 3076 a.
932 3040 958 3078 u.
978 3038 1001 3077 c.
1022 3027 1080 3075 704.

452 3148 580 3204 CICERO
599 3147 673 3203 IMP.
691 3147 820 3202 PAETO.

127 3259 141 3305 1
197 3226 211 3247 ’ἐ
228 3245 395 3313 Summum
422 3271 473 3314 me
502 3249 615 3313 ducem
641 3248 768 3311 litterae
795 3250 870 3310 tuae
897 3243 1117 3309 reddiderunt:

161 3337 256 3420 plane
279 3337 463 3402 nesciebam
485 3339 518 3401 te
541 3341 609 3401 tam
631 3335 772 3420 peritum
794 3355 863 3398 esse
886 3334 934 3398 rei
956 3330 1119 3413 militaris3

206 3524 262 3593 Ep.
285 3533 331 3598 24,
346 3534 374 3585 3.
414 3546 524 3591 coenae.
565 3528 646 3588 Oura
662 3526 741 3600 (Νὴ.
777 3523 874 3583 cmm?
911 3522 1095 3592 emacules*
