2370 3878
137 147 174 201 M.
189 146 312 202 TULLII
326 145 516 204 CICERONIS
530 145 788 202 EPISTOLARUM
802 147 848 202 VI.
866 155 889 202 1.
946 148 1009 212 159

51 314 112 357 nec
136 292 286 374 animis,
314 292 369 374 qui
395 292 430 355 in
457 295 490 355 te
513 291 617 355 adhuc
640 291 802 374 iniustior,
829 313 926 374 quam
953 296 1011 356 tua

52 381 195 464 dignitas
223 380 422 463 postulabat,
453 378 529 463 fuit,
556 400 624 444 non
651 399 771 464 magna
802 380 896 464 signa
923 380 1011 445 dedit

53 469 154 533 animi
181 489 259 552 erga
285 471 317 530 te
345 467 498 552 mitigati,
525 488 584 531 nec
607 470 717 531 tamen
739 467 767 531 is
794 468 876 551 ipse,
904 490 923 532 a
946 490 1010 552 quo

53 557 141 621 salus
164 556 297 640 petitur,
324 555 424 619 habet
447 556 638 638 explicatam
661 559 718 619 aut
740 556 938 638 exploratam
961 578 1010 620 ra-

53 646 177 710 tionem
200 643 313 708 salutis
337 665 422 727 suae,
446 665 580 726 cumque
604 644 748 708 omniurn
766 644 925 709 bellorum
947 645 1010 708 exi-

54 738 109 797 tus
131 732 245 796 incerti
274 732 351 814 sint,
384 731 424 795 ab
457 733 559 796 altera
590 731 725 797 victoria
751 732 812 796 tibi
834 733 1011 816 periculum

54 821 181 886 nullum
204 841 273 884 esse
296 819 468 903 perspicio,
496 819 582 903 quod
610 820 738 902 quidem
766 820 946 885 seiunctum
970 821 1012 884 sit

55 910 97 973 ab
122 909 265 973 omnium
288 908 434 990 interitu,
462 908 502 971 ab
527 909 628 972 altera
650 911 683 971 te
705 908 812 991 ipsum
834 930 1011 992 numquam

55 996 201 1061 timuisse
225 999 312 1060 certo
337 995 411 1060 scio.
453 994 625 1078 Reliquum
648 999 705 1078 est,
728 999 765 1059 ut
787 999 819 1059 te
841 996 875 1059 id
898 997 1048 1079 ipsum,a

57 1084 144 1168 quod
171 1104 231 1169 ego
260 1084 351 1167 quasi
382 1084 612 1148 consolationis
643 1085 714 1148 loco
747 1105 848 1167 pono,
874 1085 1011 1147 maxime

57 1172 230 1255 excruciet,
261 1192 430 1237 commune
457 1171 634 1255 pericnlum
661 1172 708 1235 rei
730 1172 889 1255 publicae:
923 1172 1012 1236 cuius

56 1260 142 1324 tanti
164 1261 254 1342 mali,
278 1260 423 1342 quamvis
447 1259 533 1324 docti
555 1260 615 1324 viri
638 1261 740 1323 multa
763 1260 881 1343 dicant,
903 1263 1013 1324 tamen

56 1369 171 1412 vereor
188 1369 230 1411 ne
249 1348 426 1412 consolatio
449 1349 539 1412 nulla
557 1349 660 1431 possit
678 1369 754 1412 vera
771 1348 904 1432 reperiri
922 1370 1012 1432 prae-

57 1439 108 1500 ter
140 1435 242 1518 illam,
275 1457 356 1518 quae
387 1439 481 1500 tanta
512 1440 574 1519 est,
606 1439 763 1518 quantum
793 1437 829 1500 in
860 1436 1013 1519 cuiusque

58 1523 168 1589 animo
195 1524 320 1588 roboris
352 1528 401 1589 est
428 1529 524 1608 atque
551 1545 736 1607 nervorum3
764 1525 792 1588 si
818 1525 904 1589 enim
931 1525 1014 1588 bene

60 1611 180 1677 sentire
203 1615 351 1694 reeteque
374 1611 479 1677 facere
507 1613 585 1676 satis
614 1617 662 1677 est
690 1613 730 1677 ad
753 1614 834 1677 bene
857 1613 1014 1695 beateque

58 1700 246 1784 vivendum,
268 1721 392 1783 vereor,
414 1722 455 1764 ne
478 1722 565 1784 eum,
587 1701 642 1784 qui
665 1722 698 1765 se
722 1702 917 1784 optimorum
940 1722 1013 1765 con-

59 1789 205 1854 siliorum
228 1789 425 1853 conscientia
443 1793 623 1853 sustentare
642 1789 753 1872 possit,
775 1790 926 1852 miserum
946 1809 1015 1851 esse

59 1877 152 1941 nefas
179 1877 222 1941 sit
245 1876 357 1941 dicere.
405 1875 474 1941 Nec
498 1877 584 1941 enim
610 1899 671 1941 nos
699 1877 835 1940 arbitror
861 1876 1015 1940 victoriae

59 1965 210 2050 praemiis
239 1966 351 2030 ductos
377 1965 516 2048 patriam
544 1965 620 2030 olim
651 1968 683 2028 et
708 1965 826 2028 liberos
854 1967 887 2027 et
912 1963 1014 2028 fortu-

60 2075 121 2118 nas
147 2054 327 2137 reliquisse,
351 2052 407 2116 sed
430 2053 590 2135 quoddam
613 2052 707 2116 nobis
731 2051 873 2116 officium
894 2052 1016 2116 iustum

61 2145 94 2205 et
116 2141 205 2225 pium
228 2145 260 2205 et
283 2140 426 2205 debitum
449 2141 494 2204 rei
517 2141 664 2223 publicae
692 2144 884 2223 nostraeque
912 2140 1015 2224 digni-

60 2228 123 2292 tati
141 2228 328 2293 videbamur
346 2228 445 2312 sequi,
463 2250 532 2312 nec,
551 2250 649 2311 quum
667 2228 700 2291 id
720 2228 926 2311 faciebamus,
948 2232 1016 2292 tam

62 2337 189 2380 eramus
212 2320 370 2400 amentes,
396 2321 433 2381 ut
456 2318 622 2400 explorata
644 2317 738 2380 nobis
762 2320 847 2380 esset
872 2316 1016 2380 victoria.

62 2403 184 2488 Quare,
209 2405 236 2468 si
263 2405 297 2468 id
324 2406 444 2488 evenit,
472 2405 558 2488 quod
586 2404 841 2489 ingredientibus
864 2404 959 2468 nobis
982 2405 1056 2466 ina

62 2513 192 2557 causam
214 2493 417 2577 propositum
443 2493 506 2557 fuit
533 2493 675 2558 accidere
697 2514 806 2577 posse,
834 2514 900 2557 non
924 2492 1016 2555 debe-

61 2602 134 2645 mus
156 2580 203 2645 ita
225 2581 337 2645 cadere
361 2581 486 2665 animis,
509 2581 601 2665 quasi
620 2581 739 2664 aliquid
758 2580 909 2663 evenerit,
932 2579 1018 2662 quod

61 2668 132 2731 fieri
157 2691 253 2753 posse
279 2691 456 2754 numquam
482 2671 670 2754 putarimus.
720 2667 826 2734 Simus
852 2668 953 2752 igitur
980 2689 1018 2731 ea

62 2759 185 2841 mente,
213 2780 309 2841 quam
336 2759 419 2824 ratio
448 2761 481 2822 et
502 2759 620 2823 veritas
643 2757 845 2841 praescribit,
872 2760 909 2820 ut
936 2755 1018 2819 nihil

60 2845 97 2907 in
115 2845 182 2908 vita
200 2847 295 2911 nobis
313 2847 542 2929 praestandum
560 2850 688 2930 praeter
710 2847 837 2929 culpam
859 2848 1019 2929 putemus,

61 2952 163 3013 eaque
179 2955 277 3015 quum
291 2955 466 3018 careamus,
484 2935 593 2999 omnia
611 2934 753 2998 bumana
766 2934 891 3017 placate
906 2935 939 2996 et
952 2953 1018 2996 mo·

62 3019 173 3081 derate
196 3020 345 3086 feramus.
390 3020 498 3105 Atque
520 3024 601 3087 haec
623 3043 661 3086 eo
685 3022 825 3105 pertinet
848 3020 960 3101 oratio,
983 3022 1020 3082 ut

61 3105 198 3191 perditis
217 3107 312 3171 rebus
332 3110 481 3174 omnibus
498 3115 608 3175 tamen
626 3110 697 3194 ipsa
714 3110 817 3175 virtus
840 3130 873 3172 se
895 3111 1019 3171 susten·

60 3199 132 3259 tare
151 3215 247 3277 posse
265 3195 433 3280 videatu13¹
447 3198 512 3283 ssd,
530 3200 558 3263 si
576 3203 626 3264 est
644 3218 716 3281 spes
735 3198 843 3281 aliqua
861 3194 900 3258 de
923 3194 1019 3257 rebus

134 3403 185 3472 Ep.
207 3411 229 3471 1,
245 3410 269 3458 4.
307 3405 403 3474 aliquo
420 3404 453 3461 de
469 3405 550 3461 rebus
564 3406 638 3475 (W.).
676 3422 701 3459 u.
721 3405 813 3459 cretas
825 3402 863 3456 Μ.
900 3417 925 3456 a.
940 3402 1019 3456 rebus

61 3472 125 3527 edd.
144 3474 263 3536 vett..B
