2370 3878
362 159 620 216 EPISTOLARUM
638 160 710 216 VIII.
731 169 755 217 8.
969 164 1034 227 239

71 307 165 389 illos,
197 306 253 390 qui
283 306 357 371 lites
389 306 597 371 aestimarant
624 305 752 371 iudices.
798 306 903 384 Quum
934 330 1035 392 aequo

73 416 212 462 numero
240 394 419 459 sententiae
447 393 598 477 fuissent,
627 394 810 460 Laterensis
833 397 921 482 leges
945 398 1036 482 igno·

74 504 155 549 rans
176 483 414 567 pronuntiavit,
437 482 514 565 quid
537 483 657 567 singuli
681 485 808 549 ordines
831 485 1036 568 iudicassent,

74 570 175 637 etad
203 574 394 655 extremum,
420 576 458 634 ut
486 572 603 654 solent,
635 584 709 633 nou
731 585 901 634 unciaru.
944 573 1036 639 Post-

75 682 177 745 quam
208 658 355 723 discessIt
390 662 424 723 et
459 681 517 743 pro
553 660 701 725 absoluto
735 658 888 725 Servilius
924 661 1037 727 haberi

76 751 213 833 coeptus
245 750 295 812 est
324 747 469 831 legisque
501 770 603 812 unum
635 752 667 812 et
699 751 908 813 centesimum
941 756 1038 835 caput

75 837 168 923 legit,
186 836 221 899 in
242 857 305 921 quo
323 836 371 899 ita
384 839 466 900 erat:
491 849 587 909 uvou
610 848 732 897 uosvis
754 850 903 898 1vn10vn
926 853 1038 902 uiros

76 936 167 987 rans
190 936 385 1002 rvnrcsmr,
408 937 446 983 ru
469 936 525 984 rvs
548 935 739 994 slrvnovn
762 935 861 1002 asro,
884 924 918 987 in
946 927 1037 990 tabu·

77 1012 127 1077 las
156 1010 342 1076 absolutum
373 1031 441 1075 non
472 1009 611 1092 rettulit,
643 1009 792 1073 ordinum
823 1011 941 1075 iudicia
968 1035 1038 1096 per·

79 1099 226 1184 scripsit3
260 1099 447 1183 postulante
478 1119 588 1161 rursus
621 1096 729 1180 Appio
762 1118 835 1162 oum
866 1098 901 1163 L.
934 1100 1038 1167 Lollio

78 1186 242 1271 transegit
273 1191 306 1252 et
337 1208 371 1251 sc
402 1187 579 1251 relaturum
611 1185 700 1249 dixit.
746 1184 798 1250 Sic
824 1207 911 1251 nunc
934 1210 1038 1273 neque

80 1275 250 1341 absolutus
277 1295 381 1359 neque
409 1275 580 1339 damnatus
604 1272 757 1338 Servilius
786 1274 824 1339 de
853 1278 1040 1360 repetundis

81 1364 211 1429 saucius
234 1361 318 1427 Pilio
340 1363 498 1445 tradetur3
525 1384 601 1426 nam
625 1363 663 1426 de
687 1363 885 1429 divinatione
905 1364 1040 1451 Appius,

103 1474 184 1517 uum
202 1451 397 1516 calumniam
415 1452 562 1534 iurasset,
580 1451 774 1516 contendere
795 1474 891 1519 ausus
910 1459 1042 1519 nonest

81 1474 229 1623 I'ilioque
262 1540 370 1624 cessit,
402 1545 434 1603 et
460 1541 529 1623 ipse
562 1540 600 1604 de
632 1540 776 1622 pecuniis
808 1544 994 1625 repetundis
1022 1566 1042 1607 a

84 1626 228 1693 Serviliis
256 1631 306 1692 est
332 1629 514 1712 postulatus
544 1630 577 1691 et
603 1631 769 1711 praeterea
796 1629 835 1694 de
862 1631 895 1694 vi
921 1653 994 1695 reus
1022 1654 1042 1694 a

83 1715 226 1800 quodam
249 1737 306 1780 suo
335 1717 513 1798 emissario,
537 1714 606 1780 Sex.
635 1716 756 1799 Tettio,
783 1717 897 1782 factus.
942 1719 1042 1784 Recte

82 1804 147 1869 hoc
174 1825 233 1887 par
259 1804 366 1868 habet.
417 1804 509 1879 Quod
538 1805 578 1867 ad
609 1826 677 1867 rem
704 1805 867 1888 publicam
893 1807 1078 1889 pertincte

85 1892 220 1958 omnino
235 1892 344 1956 multis
359 1892 471 1956 diebus
492 1892 729 1974 exspectatione
744 1891 921 1956 Galliarum
935 1898 1043 1958 actum

82 1979 169 2045 nihil
192 1983 254 2061 esu
281 1980 454 2063 aliquando
478 1984 587 2043 tamen
611 2001 705 2062 saepe
728 2001 762 2042 re
786 1980 886 2044 dilata
917 1986 948 2045 et
972 2003 1043 2066 gra·

83 2068 170 2133 viter
196 2072 269 2131 acta
295 2072 328 2132 et
353 2069 450 2151 plane
477 2070 646 2151 perspecta
673 2064 731 2131 Cn.
757 2067 902 2152 Pompeii
932 2072 1043 2134 volun·

83 2158 155 2221 tate
172 2155 208 2219 in
226 2177 298 2220 eam
316 2160 450 2239 partem,
472 2160 509 2219 ut
527 2177 600 2220 eum
619 2155 770 2220 decedere
788 2161 863 2241 post
880 2157 1044 2223 Kalendas

84 2242 222 2309 Martias
241 2245 391 2328 placeret,
414 2248 544 2309 senatus
566 2245 758 2328 consultum,
781 2246 867 2329 quod
885 2247 944 2310 tibi
963 2248 1045 2331 misi,

83 2332 211 2397 factum
233 2336 283 2396 est
305 2333 576 2416 auctoritatesque
599 2333 804 2416 perscriptae.

155 2418 186 2483 S.
210 2416 245 2484 O.
266 2418 640 2494 AUOTORITATESQ.
676 2420 732 2484 Pr.
753 2421 834 2486 Kal.
858 2420 1043 2486 Octobres
1063 2434 1080 2484 5

84 2508 128 2573 in
151 2508 242 2572 aede
265 2507 462 2593 Apollinis
491 2509 601 2573 scrib.
631 2508 832 2574 affuerunt
859 2509 895 2572 L.
917 2510 1044 2573 Domi-

84 2595 167 2660 tius
197 2594 258 2660 On.
285 2596 308 2660 t.
337 2595 424 2661 Fab.
456 2597 752 2682 Ahenobarbus,
784 2597 820 2673 Q.
853 2594 1045 2661 Caecilius

85 2682 126 2759 Q.
144 2683 167 2747 f.
184 2682 272 2748 Feb.
295 2683 480 2750 Metellus
503 2685 593 2749 Pius
617 2682 759 2768 Scipio,
782 2685 818 2749 L.
841 2684 986 2749 Villius
1010 2684 1045 2749 L.

85 2768 124 2837 F.
147 2770 245 2837 Pom.
268 2772 446 2857 Annalis,
474 2771 508 2838 S.
532 2772 739 2855 SeptirnIus
763 2773 798 2837 Τ.
821 2772 844 2836 f.
873 2772 1046 2857 Quirina,

86 2856 123 2924 C.
147 2858 320 2925 Lucilius
348 2860 382 2926 O.
409 2862 431 2925 f.
459 2861 548 2944 Pup.
576 2858 727 2944 HIrrusr,
755 2859 788 2926 O.
819 2859 1046 2927 Scribonius

86 2944 124 3011 Ο.
147 2948 169 3011 f.
192 2947 278 3033 Pop.
307 2948 435 3032 Curio,
462 2948 498 3012 L.
521 2948 658 3011 Ateius
686 2947 722 3012 L.
749 2949 771 3012 f.
799 2948 866 3013 An.
897 2947 1048 3034 Capito,

86 3033 134 3101 Μ.
156 3034 303 3119 Eppius
326 3037 370 3100 M.
388 3037 410 3100 f.
434 3037 513 3100 Ter.
551 3036 656 3111 Quod
679 3035 722 3100 M.
745 3037 951 3102 Marcellus
975 3058 1047 3101 cos.

86 3146 119 3187 v.
142 3123 164 3187 f.
193 3124 236 3188 de
263 3125 477 3209 provinciis
505 3123 790 3210 consularibus,
821 3126 849 3188 d.
873 3147 899 3188 e.
922 3145 947 3186 r.
969 3124 989 3186 i.
1013 3145 1048 3206 c.,

87 3210 147 3277 uti
171 3210 206 3275 L.
229 3212 387 3276 Paullus
411 3211 444 3277 O.
468 3212 674 3276 Marcellus
703 3235 809 3297 coss,
838 3232 950 3295 quum
973 3232 1047 3273 ma·

160 3348 213 3419 Ep.
232 3357 261 3417 8,
282 3355 305 3404 ὅ.
343 3351 690 3421 AVCTORITATESQ.
717 3350 792 3417 (W.).
838 3347 989 3402 audacitas
1010 3346 1048 3402 M.

89 3418 118 3475 8.
140 3418 185 3486 0..
208 3421 393 3476 Auctoritates
416 3422 501 3489 (W.)⁴?
547 3421 576 3476 S.
597 3423 626 3476 0.
649 3421 835 3475 Auctoritates
857 3417 945 3483 Man,
964 3416 995 3470 B.
1013 3446 1050 3456 -

79 3487 188 3545 'Ateius
207 3491 282 3560 (W.).
319 3492 428 3545 Atreius
445 3492 511 3545 ΜΒ.
