2370 3878
231 171 488 228 EPISTULARUM
506 169 555 226 AD
575 171 605 237 Q.
625 169 800 225 FRATREM
819 172 852 224 11.
873 175 914 224 15.
980 170 1042 232 617

95 316 253 381 debuerit·
285 317 482 382 oiucundas
505 316 621 381 mihit
607 319 679 380 tuas
702 314 741 380 de
764 313 1014 380 Britanniat
961 313 1031 378 litte
1032 346 1045 362 ·

94 407 160 468 ras!
210 405 376 469 Timebam
408 403 587 487 Oceanum,
618 403 771 468 timebam
799 403 838 467 lit
839 425 877 466 ue
908 402 1045 466 insulae.

94 493 216 575 reliqua
247 515 315 557 non
346 493 493 576 equidem
525 495 709 574 contemno,
741 491 797 555 aed
823 491 895 574 plus
924 490 1047 553 habent

95 585 203 644 tamen
227 582 295 664 spei
318 602 415 664 quam
437 581 575 663 timoris,
601 580 766 664 magisque
790 600 861 644 sum
891 572 1063 643 sollicitus

95 670 331 751 exspectatione
364 689 402 732 ea
434 689 530 750 quam
560 671 657 731 metu.
707 666 752 731 Te
779 687 854 730 vero
881 659 1047 730 ὑπόθεσιν

95 757 255 819 scribendi
269 757 432 839 egregiam
444 755 563 819 habere
581 755 686 819 video:
710 775 790 838 quos
803 755 840 817 tu
859 754 948 837 situs,
966 775 1046 837 quas

94 847 227 907 naturas
257 865 364 906 rerum
387 847 419 906 et
440 844 597 926 locorum,
620 864 704 944 quos'
723 863 841 924 morea,
868 863 947 924 quas
971 863 1047 926 gen-

94 935 158 1013 tes,
190 952 270 1013 quas
300 952 442 1015 pugnae,
473 952 567 1014 quem
596 951 672 994 vcro
695 931 800 1013 ipsum
822 930 1047 1031 imperatorem

95 982 210 1082 haties!
246 1025 315 1103 Ego
338 1022 370 1082 te
388 1019 490 1083 libent
476 1022 534 1103 t3er
556 1023 593 1083 ut
610 1039 716 1102 rogas,
738 1017 854 1101 quibus
877 1017 1021 1080 rebus
991 1039 1049 1100 ms,

96 1107 255 1171 adiuvabo
288 1110 320 1169 et
350 1106 411 1170 tibi
442 1128 565 1190 versus,
597 1128 677 1189 quos
709 1125 805 1190 rogas
812 1156 821 1190 3
852 1099 968 1187 γλαῦκ’
1002 1106 1048 1179 είς

92 1188 248 1277 Ἀθήνας,
270 1195 429 1258 mittam.
451 1192 513 1259 Sed
535 1195 615 1258 heus
637 1197 687 1277 tu,
711 1194 806 1257 celari
828 1193 938 1257 uideor
960 1214 980 1255 a
1001 1196 1046 1256 te:
1060 1201 1075 1244 ὅ

96 1282 343 1366 quomodonam‚
361 1282 532 1366 m1frater,
551 1282 589 1344 de
607 1245 727 1347 nostris
745 1281 888 1345 versibus
908 1278 1048 1346 Caesar?

96 1391 173 1433 nam
195 1371 335 1470 primum
352 1370 470 1434 librum
489 1391 522 1434 se
524 1333 657 1521 {legisse
677 1368 805 1453 scripsit
827 1369 866 1432 ad
890 1390 940 1432 me
964 1372 1021 1431 ant
1022 1389 1048 1451 e,

96 1461 129 1521 et
156 1459 259 1541 prima
288 1459 347 1541 sic,
377 1461 415 1521 ut
441 1462 538 1542 neget
561 1479 594 1521 se
617 1478 658 1521 ne
681 1456 802 1521 Graeca
829 1457 957 1539 quidem
984 1477 1048 1520 me·

96 1546 178 1609 liora
200 1546 330 1630 legisse3
361 1546 484 1628 reliqua
514 1546 554 1609 ad
582 1544 741 1628 quendam
769 1545 875 1609 locum
899 1539 1049 1630 ῥᾳθυμό-

95 1656 229 1716 ceca-
188 1633 306 1697 -hoc
330 1633 415 1697 enim
438 1655 459 1696 u
460 1633 540 1697 titur
558 1632 712 1697 verbo—
715 1632 809 1696 Dic
828 1632 907 1695 mihi
925 1653 1048 1696 verum.

96 1743 174 1784 num
198 1724 254 1785 aut
272 1742 323 1785 res
342 1742 414 1784 eum
433 1724 490 1784 aut
507 1715 672 1804 χαρακτὴρ
694 1740 762 1784 non
784 1718 944 1783 delectat?
966 1719 1049 1782 nihil

97 1812 155 1891 est,
179 1808 264 1891 quod
287 1829 429 1888 vereare3
453 1828 513 1891 ego
538 1808 623 1871 enim
646 1827 687 1869 ne
709 1807 775 1889 pilo
797 1806 924 1889 quidem
942 1807 1048 1869 minus

96 1899 129 1958 te
153 1896 277 1960 amabo.
315 1895 386 1959 Hac
410 1895 448 1958 de
472 1916 506 1959 re
529 1893 723 1977 φιλαληθῶς
746 1897 787 1977 et,
808 1895 845 1957 ut
868 1894 951 1957 soles
974 1893 1048 1956 scri·

96 1983 181 2068 bere,
203 1983 354 2047 fraterne.

167 2208 218 2278 Ep.
241 2213 320 2274 15,.5
357 2224 462 2263 ueram:
489 2224 555 2262 aum
582 2208 629 2274 (W
632 2210 657 2277 ..)
701 2224 739 2275 a,
762 2223 828 2261 aum
850 2206 1000 2275 vulgo-
1024 2211 1049 2260 te

98 2280 193 2332 recitabo
213 2251 330 2348 (Ald’us)
366 2295 407 2332 me
425 2297 450 2333 a.
469 2278 560 2346 Mal.
579 2278 667 2332 B.-
690 2283 723 2344 et,
740 2282 772 2331 ut
789 2278 855 2332 solea
872 2277 994 2342 scribere,
1010 2279 1046 2343 fu·

97 2348 183 2414 (MR,
203 2349 252 2402 sed
271 2349 307 2402 M
327 2354 405 2416 etta,
424 2348 566 2416 autea)
602 2353 635 2414 ct,
652 2352 733 2415 uta,
750 2347 884 2416 scribefr.
903 2347 987 2419 vulgo
1007 2348 1049 2415 (ut

94 2435 127 2484 s
144 2419 231 2473 scribe
248 2420 284 2484 fr
303 2418 343 2488 Ι.)
