2370 3878
354 164 612 227 EPISTOLARUM
630 165 664 219 x.
684 171 726 220 31.
747 171 789 220 32.
987 166 1050 230 337

94 311 209 394 habes,
237 310 389 394 opinione
416 313 473 374 tua
501 309 580 374 mihi
608 309 731 394 gratius
760 313 821 393 est3
848 309 977 374 invideo
1004 311 1052 374 illi

96 403 217 482 tamen,
245 399 331 481 quod
358 398 502 463 ambulat
529 400 562 463 et
587 398 712 462 iocatur
739 401 853 463 tecum.
904 397 1053 480 Quaeres,

97 487 208 570 quanti
239 488 275 552 id
304 487 479 551 aestimem.
538 484 572 550 si
601 507 754 570 umquam
788 487 914 550 licuerit
945 488 1052 551 vivere

95 576 131 638 in
158 575 239 659 otio,
271 575 455 659 experierIs3
482 575 608 639 nullum
635 575 721 639 enim
744 575 915 659 vestigium
939 575 995 639 abs
1019 581 1051 639 te

95 663 292 727 discessurus
326 685 405 728 sum.
454 662 540 727 Illud
568 664 773 727 vehementer
800 663 953 746 admiror,
985 686 1052 728 non

96 751 260 835 scripsisse
292 755 324 815 te
352 751 444 833 mihi,
476 751 636 816 manendo
664 751 700 814 in
730 751 896 834 provincia
926 773 968 815 an
997 752 1051 816 du·

95 839 197 904 condo
217 840 390 903 exereitum
408 840 443 902 in
461 838 591 903 Italiam
608 840 654 903 rei
672 838 818 923 publicae
837 840 941 924 magis
961 843 1052 904 satis·

94 928 201 991 facere
234 928 367 1011 possim:
405 948 465 1012 ego
499 927 640 1010 quidem,
674 928 735 991 etsi
766 927 846 990 mihi
881 929 983 993 tutius
1016 951 1052 992 ac

96 1017 203 1080 minus
229 1017 427 1081 laboriosum
459 1020 509 1080 est
536 1037 679 1099 manere,
708 1019 831 1098 tamen,
859 1016 934 1098 quia
960 1016 1052 1080 video

96 1105 154 1166 tali
168 1108 313 1188 tempore
333 1105 434 1169 multo
449 1105 553 1188 magis
571 1103 754 1188 legionibus
774 1124 854 1186 opus
874 1125 1054 1186 essequam

96 1193 280 1277 provinciis
303 1214 384 1275 quae
407 1192 597 1276 praesertim
615 1192 786 1277 reciperari
808 1192 898 1256 nullo
922 1193 1053 1276 negotio

96 1281 236 1364 possint,
264 1279 430 1365 constitui,
457 1284 494 1344 ut
521 1301 607 1344 nunc
631 1283 692 1364 est,
720 1301 792 1344 cum
819 1280 959 1344 exercitu
981 1302 1054 1364 pro·

97 1367 205 1431 ficisci.
241 1367 366 1432 Deinde
385 1391 424 1432 ex
441 1369 566 1451 litteris,
589 1390 668 1452 quas
687 1367 812 1432 Pansae
831 1369 913 1452 misi,
936 1389 1054 1454 cogno·

99 1476 167 1518 sees
192 1456 312 1540 omnia3
340 1478 417 1520 nam
439 1457 499 1522 tibi
522 1478 632 1521 earum
655 1458 817 1542 exemplar
840 1457 921 1521 misi.
966 1472 1053 1519 xvn.

98 1542 169 1607 Kal.
192 1544 293 1628 April.
317 1541 474 1610 Corduba.

503 1739 641 1805 XXXII.

227 1849 283 1905 Sor.
303 1850 448 1906 Cordubae
467 1850 514 1903 Vl.
534 1851 600 1904 Idus
619 1851 715 1905 Iunias
734 1865 759 1903 a.
777 1868 804 1903 u.
824 1867 847 1904 o.
868 1856 926 1903 711.

188 1971 217 2026 C.
240 1972 385 2026 ASINIUS
408 1972 540 2028 POLLIO
567 1973 605 2027 M.
630 1972 763 2027 TULLIO
787 1971 965 2027 CICERONI.

166 2068 287 2134 Balbus
302 2075 453 2155 quaestor
466 2093 586 2157 magna
599 2075 769 2136 numerata
782 2072 926 2155 pecunia,
936 2092 1054 2157 magno
1076 2095 1088 2142 1

98 2159 241 2244 pondere
264 2160 343 2242 auri,
365 2161 487 2225 maiore
510 2161 637 2246 argenti
656 2162 767 2225 coacto
787 2160 826 2223 de
844 2160 979 2244 publicis
1004 2183 1054 2224 ex-

98 2248 295 2332 actionibus,
326 2269 368 2311 ne
399 2249 557 2333 stipendio
587 2248 715 2333 quidem
747 2249 902 2313 militibus
929 2249 1054 2313 reddito

97 2337 190 2400 duxit
213 2358 246 2400 se
270 2358 289 2399 a
312 2333 454 2401 Gadibus
478 2341 510 2401 et
532 2337 675 2402 triduum
696 2340 887 2422 tempestate
910 2341 1054 2401 retentus

98 2425 140 2488 ad
164 2422 286 2508 Calpen
308 2424 380 2488 Kal.
403 2424 504 2490 Iuniis
527 2426 654 2490 traiecit
681 2447 749 2490 sese
772 2426 808 2489 in
833 2446 970 2511 regnum
993 2425 1054 2489 Bo·

98 2511 193 2598 gudis
216 2513 312 2596 plane
335 2514 416 2577 bene
437 2509 627 2598 peculiatus.
662 2513 723 2578 His
745 2515 928 2578 rumoribus
947 2517 1056 2577 utrum

97 2601 204 2665 Gades
232 2601 389 2665 referatur
420 2625 463 2666 an
489 2603 627 2668 Romam
655 2638 697 2650 -
722 2602 762 2667 ad
793 2603 937 2686 singulos
970 2602 1056 2665 enim

97 2690 231 2754 nuntios
254 2690 437 2774 turpissime
458 2692 591 2757 consilia
614 2695 720 2755 mutat
734 2725 790 2772 -,
812 2689 958 2754 nondum
981 2689 1090 2758 solor

99 2776 162 2841 Sed
180 2783 307 2862 praeter
329 2777 417 2843 furta
436 2783 469 2844 et
490 2780 621 2864 rapinas
645 2783 678 2844 et
700 2778 799 2863 virgis
823 2799 932 2842 caesos
952 2778 1055 2842 socios

97 2865 178 2929 haec
210 2888 336 2950 quoque
368 2867 458 2950 fecit,
489 2871 527 2932 ut
552 2869 621 2950 ipse
650 2866 782 2951 gloriari
810 2867 904 2949 solet,
936 2866 1056 2949 eadem,

99 2975 180 3036 quae
208 2952 242 3018 C.
266 2952 396 3018 Caesar:
423 2954 520 3038 ludis,
548 2975 629 3039 quos
652 2953 794 3018 Gadibus
817 2954 906 3038 fecit,
933 2953 1055 3019 Heren-

97 3041 188 3105 nium
206 3039 335 3106 Gallum
353 3043 544 3107 histrionem
567 3063 692 3107 summo
715 3042 865 3107 ludorum
888 3042 938 3106 die
958 3043 1055 3106 anulo

97 3150 195 3194 aureo
215 3129 371 3195 donatum
389 3131 424 3194 in
447 3145 537 3192 X1111.
561 3153 684 3196 sessum
702 3130 834 3195 deduxit
847 3167 889 3178 -
906 3134 956 3194 tot
970 3130 1056 3193 enim

169 3355 220 3425 Ep.
240 3363 283 3424 31,
303 3365 327 3412 6.
365 3360 506 3414 aestimem.
535 3357 568 3413 Si
586 3357 662 3427 (W.).
708 3355 792 3412 aest?
821 3356 855 3411 Se·
872 3355 965 3425 vulgo
1003 3353 1054 3423 Ep,

96 3431 140 3480 32.
170 3425 321 3481 POLLIO
341 3428 385 3482 M.
411 3429 563 3483 TVLLIO
589 3429 643 3497 (W.
664 3444 697 3482 ex
716 3429 746 3481 B.
766 3427 857 3497 conj.)⁴
905 3423 1056 3479 POLLIO
1087 3460 1089 3465 s

96 3497 144 3565 M„
163 3497 259 3566 vulgo.
297 3498 499 3555 CICERONI
514 3499 600 3557 SAL.
620 3499 658 3556 D.
680 3500 766 3570 th‘l

145 3583 258 3624 cressonis
271 3586 334 3634 epra!
348 3587 367 3628 Ι,
827 3597 867 3646 ‘2⁴2
