2370 3878
165 160 231 223 464
446 160 483 214 M.
504 159 626 214 TULLII
644 158 834 214 CICERONIS

59 342 61 347 ,
129 317 144 366 2
163 303 308 369 Anneius
331 303 372 368 ad
394 324 445 366 me
467 303 577 367 redeat
600 306 733 386 oportet.
778 303 875 386 Illud,
903 303 989 388 quod
1012 308 1124 370 tecum

164 396 196 455 et
223 413 331 456 coram
358 395 391 454 et
416 411 474 474 per
504 391 627 455 litteras
660 391 902 476 diligentissime
930 393 996 476 egi,
1027 393 1062 457 id
1092 398 1124 458 et

163 502 249 544 nuno
281 479 378 543 etiam
410 482 505 562 atque
538 479 635 543 etiam
663 501 754 564 rog0,
787 501 891 543 curae
908 480 968 543 tibi
997 481 1054 562 sit,
1088 486 1124 546 ut

164 589 257 632 suum
283 567 463 651 negotium,
487 566 572 650 quod
593 568 692 631 habet
714 589 787 631 cum
809 568 928 650 populo
952 565 1122 652 Sardiano,

163 677 221 738 pro
245 676 358 719 causae
380 654 514 718 veritate
546 658 579 718 et
606 676 664 737 pro
693 677 750 719 sua
778 655 933 738 dignitate
961 657 1122 721 conficiat.

163 743 311 806 Intellexi
339 764 377 806 cx
403 745 461 806 tua
488 742 645 824 oratione,
673 765 771 827 quum
797 746 904 806 tecum
926 742 1052 826 Ephesi
1076 747 1121 809 lo-

164 834 255 894 cutus
279 852 358 914 sum,
380 834 413 894 te
435 831 536 913 ipsius
559 829 601 894 M.
625 829 744 894 Anneii
771 852 868 894 causa
891 832 1000 895 omnia
1022 833 1121 916 velle3

73 916 78 923 '
164 918 219 982 sed
245 922 355 982 tamen
382 918 428 982 sic
454 919 550 983 velim
577 918 752 1000 existimes,
780 922 812 982 te
840 919 920 982 mihi
941 920 1024 983 nihil
1049 941 1120 1004 gra-

163 1006 227 1071 tius
249 1007 352 1071 facere
375 1027 470 1090 posse
498 1027 594 1090 quam
622 1007 649 1069 si
671 1006 858 1071 intellexero
886 1029 943 1090 per
970 1010 1003 1071 te
1027 1008 1121 1072 illum

164 1116 257 1158 suum
279 1096 446 1179 negotium
465 1116 503 1158 ex
522 1095 681 1158 sententia
700 1095 882 1177 confecisse,
905 1095 1001 1178 idque
1021 1119 1121 1180 quam

162 1183 302 1268 primurn
325 1186 361 1246 ut
383 1183 502 1247 efficias
524 1186 557 1247 te
580 1181 676 1246 etiam
700 1186 796 1268 atque
819 1183 916 1272 etiam
938 1203 1028 1268 rogo.

523 1352 696 1478 111111.

271 1487 326 1540 Ser.
345 1487 376 1540 in
393 1486 538 1556 provincia
553 1505 647 1543 mense
662 1487 814 1542 Februario
828 1504 854 1541 a.
868 1505 895 1541 u.
910 1505 933 1542 c.
949 1495 1009 1543 704.

215 1608 400 1665 11111110
420 1609 448 1664 0.
468 1610 567 1665 TITIO
585 1611 615 1664 L.
635 1611 665 1664 F.
690 1609 786 1665 RUFO
809 1609 865 1663 PR.
884 1610 966 1664 URB.
986 1611 1065 1666 SAL.

229 1710 263 1774 L.
293 1708 455 1775 Custidius
483 1713 533 1775 est
557 1709 684 1774 tribulis
712 1713 744 1773 et
772 1709 936 1792 municeps
965 1715 997 1774 et
1024 1712 1118 1776 farni-

163 1799 251 1863 liaris
273 1819 378 1862 meus:
408 1797 436 1861 is
459 1819 587 1862 causam
613 1796 724 1879 habet,
748 1819 844 1881 quam
868 1819 997 1863 causam
1020 1801 1064 1864 ad
1085 1805 1117 1865 te

163 1888 291 1951 deferet.
337 1885 533 1952 Commendo
560 1885 621 1950 tibi
647 1885 826 1968 hominem,
855 1886 937 1950 sicut
958 1890 1015 1951 tua
1038 1889 1117 1954 fides

163 1980 196 2039 et
221 1997 310 2040 meus
337 1975 441 2058 pudor
466 1974 620 2057 postulat,
650 1977 792 2056 tantum,
823 1977 860 2038 ut
881 1975 991 2038 faciles
1020 1977 1064 2040 ad
1085 1980 1117 2040 te

164 2064 269 2127 aditus
290 2064 418 2145 habeat,
442 2082 522 2146 quae
546 2083 647 2146 aequa
670 2061 859 2144 postulabit,
882 2065 918 2125 ut
940 2062 1062 2127 libente
1084 2068 1116 2128 te

162 2152 312 2234 impetret
344 2151 523 2234 sentiatque
555 2170 660 2213 meam
697 2149 758 2213 sibi
795 2149 981 2232 amicitiam,
1018 2151 1118 2214 etiam

164 2261 262 2322 quum
275 2238 461 2323 longissime
480 2237 592 2321 absim,
611 2237 770 2320 prodesse,
788 2237 822 2300 in
840 2237 952 2320 primis
972 2238 1058 2320 apud
1076 2243 1117 2304 te.

597 2447 679 2513 LIX.

200 2557 256 2614 Sor.
280 2559 433 2614 Laodiceae
456 2575 550 2614 mense
573 2558 724 2683 1111117132
749 2559 857 2626 (eodem
881 2557 937 2624 die,
961 2573 1016 2625 quo
1037 2561 1081 2625 58)

539 2644 563 2683 81.
582 2648 610 2682 11.
629 2647 651 2682 0.
725 2670 730 2681 .

228 2753 266 2807 M.
286 2752 413 2808 CICERO
434 2750 462 2806 C.
481 2751 615 2807 CURTIO
634 2749 879 2806 PEDUCAEANO
898 2752 953 2805 PR.
973 2750 1049 2806 SAL.

228 2848 272 2914 M.
295 2851 431 2916 Fadium
449 2851 542 2915 unice
561 2851 659 2936 diligo
680 2872 867 2934 summaque
886 2851 968 2914 milri
987 2872 1061 2915 cum
1080 2871 1119 2914 eo

165 2939 359 3003 consuetudo
391 2944 424 3004 et
454 2939 655 3004 familiaritas
687 2943 736 3003 est
767 2941 923 3023 peruetus
977 2938 1018 3002 In
1051 2938 1119 3003 eius

165 3025 388 3092 controversiis
412 3027 488 3112 quid
511 3028 674 3110 decernas,
703 3029 776 3091 ate
799 3047 865 3090 non
887 3030 963 3109 peto
987 3062 1029 3072 -
1055 3047 1120 3091 ser-

164 3115 268 3196 vabis,
291 3117 327 3179 ut
348 3119 405 3179 tua
427 3115 505 3179 fides
528 3121 561 3180 et
583 3116 723 3200 dignitas
745 3114 900 3197 postulat,
924 3113 1065 3179 edictum
1087 3116 1122 3179 et

164 3203 348 3268 institutum
371 3207 462 3268 tuum
485 3239 537 3286 -,
560 3204 628 3287 sed,
651 3206 687 3266 ut
710 3224 807 3287 quam
829 3201 999 3266 facillimos
1023 3202 1065 3267 ad
1086 3205 1121 3266 te

234 3413 285 3482 Ep.
305 3418 347 3477 57,
362 3417 387 3466 2.
424 3412 474 3480 epi,
492 3412 523 3466 id
540 3416 565 3466 11
582 3427 657 3465 auae
674 3411 740 3478 (n).
778 3410 828 3478 191,
847 3414 870 3464 11
888 3426 964 3464 nunc
977 3409 1009 3464 B.
1030 3411 1071 3477 (1.,
1089 3411 1123 3464 id

156 3488 185 3538 te
198 3483 251 3554 L),
272 3515 306 3523 -
326 3484 406 3541 illum
423 3498 503 3538 cuam
521 3498 579 3554 aeq.
599 3481 673 3551 (Wl.
711 3482 728 3534 i.
749 3481 839 3549 ipsam
856 3497 884 3534 a.
903 3480 950 3548 M,
969 3480 1064 3551 vulgo.
