2370 3878
333 192 592 250 EPISTOLARUM
609 190 671 249 ΧΠ.
691 199 803 248 ro-rr.
981 193 1042 258 387

90 338 177 401 enim
199 338 373 420 permulta,
396 337 512 420 quibus
535 337 597 402 erii
618 337 821 419 medendum,
844 337 970 400 etiamsi
993 358 1044 401 res

88 425 319 576 pptlplicavsaqqis
343 445 411 489 esse
434 425 594 490 videbitur
612 425 783 490 sceleribus
801 424 945 490 hostium
966 424 1044 490 libe·

536 703 592 768 XI.

152 813 209 868 Sor.
227 814 258 868 in
277 815 376 870 castris
396 814 540 870 Taricheis
558 814 648 869 Nonis
665 814 775 868 Martiis
794 830 819 868 a.
838 833 864 868 u.
883 831 906 869 o.
928 821 986 870 711.

209 936 238 991 C.
258 937 403 992 CASSIUS
422 936 569 993 PROCOS.
589 937 616 991 S.
634 937 667 991 D.
687 937 724 991 M.
744 936 921 992 CICERONI.

157 1033 188 1099 S.
211 1058 240 1099 v.
263 1037 294 1100 b.
318 1058 343 1100 e.
368 1057 395 1100 e.
417 1058 447 1118 q.
470 1059 499 1100 v.
552 1035 592 1099 Iu
625 1033 751 1119 Syriam
781 1057 832 1100 me
864 1037 1079 1119 profectuml

90 1144 160 1186 esse
184 1124 265 1188 scito
289 1124 329 1186 ad
353 1123 388 1188 L.
412 1123 560 1187 Murcum
590 1125 622 1186 el
645 1122 681 1197 Q.
704 1121 852 1207 Crispum
875 1124 1045 1206 imperato-

89 1232 154 1273 res:
177 1211 237 1274 viri
259 1212 361 1276 fortes
385 1211 560 1293 optimique
584 1210 684 1288 cives,
706 1215 917 1294 posteaquam
941 1212 1046 1276 audie-

89 1301 176 1379 runb,
199 1319 280 1381 quae
303 1299 426 1362 Romae
450 1301 646 1382 gererentur,
669 1299 824 1362 exercitus
847 1300 927 1363 mihi
949 1299 1046 1363 tradi-

91 1385 209 1447 derunt
234 1386 358 1468 ipsique
386 1407 511 1451 mecum
538 1407 603 1449 una
630 1385 807 1451 fortissimo
839 1387 947 1452 animo
977 1409 1046 1450 rem

10 1510 12 1515 ·
90 1471 252 1554 publicam
280 1473 515 1538 administrant.
568 1473 651 1537 Ibem
683 1474 858 1557 legionem,
889 1496 986 1558 quam
1010 1473 1046 1548 Q.

91 1557 248 1624 Caecilius
271 1559 391 1626 Bassus
413 1562 536 1644 habuit,
559 1561 600 1625 ad
622 1582 674 1625 ma
696 1562 822 1626 venisse
842 1562 931 1643 scito,
955 1565 1046 1645 quai-

90 1651 227 1730 luorque
259 1649 416 1733 legiones,
452 1670 531 1733 quas
563 1647 603 1713 A.
634 1648 783 1715 Allienus
820 1671 859 1713 er
893 1650 1045 1733 Aegypto

92 1733 213 1818 eduxit,
241 1736 376 1800 tradiias
408 1737 448 1800 ab
476 1757 515 1801 eo
547 1737 627 1801 mihi
654 1758 722 1801 esse
751 1738 840 1802 scibo.
888 1743 982 1801 Nunc
1013 1741 1081 1801 ier

92 1821 314 1888 cohortatione
345 1845 413 1888 non
443 1828 522 1908 pulo
550 1824 708 1907 indigere,
739 1828 778 1888 ut
808 1847 868 1888 nos
896 1824 1046 1888 absentes

91 1930 221 1993 remque
253 1910 429 1993 publicam,
465 1914 623 1993 quantum
660 1915 709 1974 esi
732 1913 775 1983 ,ia
807 1916 847 1988 te,
880 1911 1046 1974 defendas:

93 1996 172 2060 scire
195 2001 227 2061 te
251 1999 323 2061 volo
347 1998 440 2061 firma
466 1998 626 2081 praesidia
648 1997 740 2061 vobis
763 1999 952 2080 senatuique
979 2019 1047 2062 non

92 2083 210 2166 deesse,
233 2089 270 2148 ul
293 2086 415 2169 optima
438 2107 494 2167 spe
514 2088 546 2149 el
564 2085 703 2149 maximo
724 2085 831 2148 animo
855 2107 923 2149 rem
942 2085 1046 2169 publi·

92 2192 163 2234 cam
195 2172 357 2236 defendas.
411 2173 548 2255 Reliqua
579 2176 686 2236 lecum
718 2177 793 2256 agei
824 2172 859 2237 L.
892 2171 1047 2256 Carisius,

91 2256 260 2410 ἓαωξίῗιῄε
282 2282 381 2325 meus.
417 2260 508 2326 Vale.
543 2259 584 2326 D.
602 2258 706 2325 Nonis
725 2259 851 2326 Martiis
872 2263 910 2326 c'x
933 2261 1047 2326 castris

121 2367 186 2409 arro
211 2369 265 2412 ers.

532 2539 605 2604 XII.

253 2649 308 2704 Scr.
328 2650 358 2704 in
377 2651 475 2705 castris
493 2650 582 2707 Nonis
599 2651 682 2706 Maiis
701 2667 725 2706 a.
744 2668 771 2705 u.
786 2668 808 2705 c.
828 2658 887 2706 711.

168 2769 199 2824 C.
219 2771 363 2827 CASSIUS
382 2772 527 2829 Paucos.
549 2773 575 2830 S.
594 2774 627 2828 D.
645 2774 682 2827 M.
702 2772 873 2828 CICERONI
892 2771 969 2828 SUO.

87 2893 92 2899 ·
160 2867 191 2933 S.
214 2893 242 2934 v.
265 2872 296 2935 b.
310 2893 336 2935 e.
355 2893 381 2936 e.
401 2894 430 2954 q.
444 2895 473 2936 v.
517 2871 598 2956 Legi
619 2875 692 2936 tuas
716 2873 849 2957 litterae,
871 2874 906 2937 in
930 2873 1080 2957 quibusr

91 2956 262 3022 mirificum
284 2963 377 3023 inum
405 2980 483 3043 erga
504 2980 555 3023 me
578 2981 720 3024 amorem
746 2961 933 3047 recognovi3
962 2962 1047 3025 vide·

90 3045 180 3109 baris
203 3047 288 3110 enim
311 3069 379 3111 non
403 3047 507 3111 solum
528 3047 636 3110 favere
659 3048 753 3111 nobis
775 3085 819 3095 -
841 3050 873 3113 id
902 3049 987 3132 quod
1016 3052 1048 3111 eb

91 3137 205 3198 nostra
228 3138 261 3197 el
282 3135 328 3198 rei
351 3135 498 3218 publicae
522 3156 618 3199 causa
642 3156 766 3218 semper
788 3137 894 3199 fecisti
916 3172 969 3217 -,
992 3135 1047 3198 sed

91 3222 190 3286 eliam
213 3242 344 3306 gravem
368 3244 477 3288 curam
496 3223 672 3306 suscepisse
691 3223 959 3305 vehementerque
979 3243 1047 3285 esse

163 3428 214 3498 Ep.
240 3436 286 3498 11,
306 3435 330 3483 2.
367 3430 526 3498 eructamus
552 3442 609 3485 aoa
633 3431 723 3486 deesse
750 3429 821 3498 (edd.
841 3430 926 3496 veta,
942 3427 1051 3497 uulgol.

90 3514 112 3554 s.
131 3501 205 3555 desse
222 3500 258 3552 Μ.
293 3515 315 3554 a
335 3500 427 3554 adesce
442 3499 473 3554 Β.

797 3591 856 3646 ‘25³⁵
