2370 3878
299 153 574 208 nrlsronlnnn
592 153 639 207 Vl.
659 157 735 205 2-4.
939 147 1001 211 163

65 297 191 361 ivinsre
214 317 309 361 nemo
332 301 453 380 potest,
475 301 586 361 lamen
608 299 641 360 et
662 295 739 360 belli
762 294 882 359 exitum
909 293 1001 357 video

65 390 87 468 t,
111 384 139 448 si
161 383 195 448 id
213 385 329 469 minus,
351 385 413 449 hoe
432 386 560 468 quidem
578 387 672 468 certe,
695 405 793 467 quum
813 383 855 447 sit
872 403 1002 446 neeesse

65 475 184 537 lterum
207 476 316 536 ulrum
342 474 483 557 sineere,
507 473 610 556 qualis
637 472 748 536 futura
775 471 818 535 sit
844 471 896 535 vel
922 469 1003 534 haee

67 562 97 625 el
120 561 178 624 illa
199 561 342 625 victoria.
379 561 479 645 quue
502 583 602 645 quum
621 561 740 644 optime
759 559 915 642 perspexi,
932 562 1037 622 inme

65 649 112 714 sle
139 648 246 732 video,
273 648 355 713 nihil
382 654 419 713 ut
445 650 523 713 mali
549 649 696 727 videatur
726 649 884 731 futurum,
916 647 944 710 si
970 646 1003 709 id

67 740 124 800 nte
148 736 307 819 acciderit,
330 737 415 820 qnod
439 739 489 802 vel
512 737 686 801 maximum
705 737 746 800 nd
763 736 913 800 timorem
930 756 1002 818 pro-

65 825 192 907 ·onitur3
215 825 262 888 ila
285 825 371 888 enim
394 826 509 909 vivere,
531 830 568 889 ui
590 829 660 889 tum
683 825 725 890 sit
742 824 924 907 vivendum,
946 823 1003 885 mi·

65 913 218 976 errimum
241 917 303 996 est,
330 913 411 977 mori
439 918 546 978 eutem
573 935 668 977 nemo
697 913 825 996 sapiens
852 912 1004 975 miserum

65 1001 149 1083 exit,
171 1021 212 1063 ne
230 1000 326 1064 beato
348 1001 484 1084 quidem.
522 1000 584 1065 Sed
606 1002 641 1065 in
665 1023 703 1065 es
721 1022 755 1065 es
772 1000 861 1082 urbe,
882 1000 918 1062 in
941 1020 1005 1081 qus

65 1109 129 1152 mee
147 1089 198 1152 vel
217 1089 310 1171 plura
328 1093 361 1152 el
384 1090 548 1154 ornatiora
566 1090 704 1173 parieles
722 1088 783 1171 ipsi
802 1087 892 1171 loqui
910 1108 1004 1170 posse

65 1176 228 1240 ideantur.
273 1176 346 1261 Ego
378 1177 438 1240 libi
469 1177 531 1243 hoe
564 1178 731 1259 confirmo,
763 1176 824 1240 etsi
850 1174 928 1238 levis
956 1178 1041 1239 esl4

68 1264 229 1329 onsolatio
244 1286 283 1327 ex
300 1265 436 1328 miseriis
451 1267 596 1350 aliorum,
616 1266 718 1329 nihilo
732 1267 765 1328 te
783 1284 871 1328 nune
885 1263 1005 1327 maiore

65 1375 84 1416 n
108 1352 290 1415 discrimine
318 1374 386 1416 esse
415 1376 511 1436 quam
539 1354 682 1438 quemvis
715 1356 772 1417 aut
799 1374 923 1435 eorum,
951 1352 1006 1435 qni

65 1438 265 1523 liseesserinl‚
282 1446 338 1504 arel
355 1460 466 1519 eornm,
489 1445 543 1524 qni
559 1443 778 1507 remanserint:
802 1441 895 1505 alteri
914 1440 1004 1504 dimi-

65 1532 141 1610 ant,
168 1528 260 1591 alteri
283 1529 437 1594 rictorem
464 1531 589 1596 timent.
635 1528 696 1595 Sed
722 1530 803 1593 haee
827 1528 1005 1594 consolatio

65 1616 131 1680 evis
155 1619 216 1698 θείς
242 1616 298 1679 illa
327 1619 479 1702 gravior,·
497 1642 560 1702 qua
582 1622 614 1683 te
637 1618 687 1682 uli
710 1639 812 1702 spere,
836 1638 896 1702 ego
920 1620 1005 1681 certe

65 1707 139 1768 rior:
162 1725 221 1766 nee
241 1705 335 1788 enim,
356 1707 432 1770 dum
451 1728 515 1791 ero,
534 1728 637 1791 angar
654 1706 720 1770 ulla
738 1727 781 1789 re,
801 1727 899 1788 quum
918 1705 1007 1769 omni

65 1813 162 1855 rruerem
186 1793 289 1876 eulpa,
312 1797 356 1877 el,
380 1795 407 1857 si
430 1816 498 1858 non
521 1816 585 1877 ero,
608 1816 704 1857 sensu
727 1793 858 1857 omnino
883 1793 1006 1855 eareb0.

65 1879 115 1942 led
146 1900 257 1942 rursus
290 1876 411 1956 γλαῦκ’
442 1879 489 1951 εἰς
506 1875 666 1959 Ἀθήνας,
699 1881 754 1962 qui
785 1880 826 1942 ad
854 1883 887 1943 te
919 1878 1007 1942 haec.

65 1967 134 2031 lihi
161 1971 212 2045 tu,
238 1967 301 2049 tui,
330 1968 388 2029 tua
415 1967 523 2029 omnia
555 1967 712 2030 maximae
741 1968 835 2031 curse
863 1969 940 2031 sunt
967 1969 1008 2050 et,

65 2056 128 2119 lum
152 2053 269 2135 vivam,
292 2056 394 2116 erunt.
439 2052 530 2117 Vale.

501 2245 558 2310 IV.

332 2355 388 2410 Ser.
408 2357 513 2412 Romae
533 2375 556 2412 a.
576 2377 602 2412 u.
622 2375 645 2413 e.
666 2365 723 2415 709.

246 2478 283 2533 M.
303 2479 431 2534 CICERO
452 2480 477 2534 S.
497 2481 530 2534 D.
549 2483 581 2536 A.
601 2481 807 2548 TORQUATO.

118 2577 215 2662 Novi,
233 2576 318 2662 quod
338 2580 378 2642 ad
396 2584 429 2643 te
448 2581 628 2666 scriberem,
646 2582 728 2646 nihil
742 2587 819 2665 erat,
839 2587 871 2647 et
888 2586 1007 2668 lamen,
1023 2605 1035 2652 1

66 2669 78 2731 i
103 2667 180 2750 quid
204 2671 300 2750 esset,
328 2667 467 2731 sciebam
489 2672 522 2733 te
545 2691 565 2733 a
587 2670 652 2734 tuis
675 2671 843 2735 certiorem
865 2671 935 2736 fieri
958 2693 1006 2736 so·

65 2776 131 2837 ere3
159 2754 197 2817 de
224 2754 342 2818 futuris
375 2760 483 2820 autem
514 2758 609 2822 rebus
637 2759 697 2822 etsi
725 2780 850 2842 semper
878 2759 1007 2825 difficile

68 2847 102 2907 sl
125 2842 242 2927 dieere‚
269 2845 379 2906 temen
406 2844 569 2909 interdum
592 2847 776 2911 eonieelura
802 2848 907 2930 possis
934 2871 1007 2932 pro·

65 2932 124 2995 rius
147 2930 306 3015 aeeedere,
329 2953 428 3014 quum
451 2936 500 2996 est
522 2955 573 2998 res
596 2935 761 3018 eiusmodi,
791 2935 880 3000 euius
904 2937 1007 3002 exitus

65 3017 214 3103 ›revideri
234 3019 345 3102 pessit.
381 3018 478 3083 Nune
501 3024 629 3085 tantum
651 3023 796 3087 videmur
818 3024 1007 3109 intelligere,

65 3129 119 3172 lon
152 3105 339 3171 diuturnum
370 3107 506 3192 bellum,
544 3104 604 3174 etsi
634 3110 668 3174 id
699 3111 805 3195 ipsum
841 3113 1005 3177 nonnullis

122 3261 182 3333 Ep„
193 3269 218 3329 3,
233 3270 258 3318 3.
290 3266 429 3333 perspexi,
448 3269 505 3319 lum
523 3267 577 3320 tale
595 3267 652 3337 (W.
667 3309 672 3321 .
711 3283 757 3336 μ,
776 3269 829 3322 tale
847 3269 893 3336 M„
911 3267 1005 3336 vulgo.

65 3366 82 3376 -
102 3334 137 3387 id
156 3337 220 3388 ente
243 3333 379 3403 (Kayser).
431 3336 462 3390 id
483 3336 524 3390 vel
546 3342 609 3391 arete
662 3379 667 3392 .
717 3339 749 3392 ἑά
768 3338 830 3409 [rel]
850 3355 875 3391 a.
899 3336 929 3390 B.
980 3343 1004 3390 4.

67 3407 229 3458 incesserunt
300 3411 488 3460 remanserunt
506 3406 647 3478 (Bened.)?
683 3407 735 3476 Ep.
750 3415 775 3476 4,
792 3414 814 3461 1.
843 3407 1005 3462 diuturnum

65 3475 148 3532 ellwm
167 3475 234 3544 (ll).
272 3476 298 3529 d.
317 3476 444 3542 futurem
458 3478 482 3531 b.
501 3477 532 3531 B.
552 3510 555 3515 -

749 3572 806 3624 n*
