2370 3878
358 158 616 214 EPISTOLARUM
634 158 668 213 x.
687 165 729 214 aa
749 165 791 214 34.
985 158 1049 222 343

94 326 206 371 eorum
225 305 337 370 salutis
355 305 513 370 rationem
532 296 713 387 habuimus,
733 325 792 368 nec
810 307 920 368 tamen
939 323 1050 367 eorum

94 415 194 478 opera
215 394 336 457 utimur
362 415 465 477 neque
487 394 523 456 in
546 392 658 457 castris
686 392 841 457 habemus
865 412 969 475 neque
991 392 1050 456 ulli

96 482 226 567 negotio
249 481 470 566 praefecimus.
516 479 608 556 Quod
632 480 672 544 ad
694 480 815 544 bellum
838 480 900 544 hoc
924 480 1050 562 attinet,

95 592 155 634 nec
173 570 299 635 senatui
317 591 376 633 neo
394 568 605 653 reipublicae
624 567 790 634 deerimus.
827 567 915 644 Quae
935 573 1050 654 postea

96 659 264 744 egerimus,
286 658 404 723 faciam
426 661 458 721 te
483 657 661 722 certiorem.

162 922 234 999 Etsi
258 923 346 987 omni
372 925 517 1005 tempore
541 942 667 985 summa
694 919 799 984 studia
821 919 955 999 †offioii
981 931 1086 985 mus

95 1015 157 1075 tuo.
175 1012 260 1075 inter
282 1033 343 1075 nos
362 1010 508 1074 certatim
527 1008 743 1073 constiterunt
760 1029 819 1091 pro
837 1011 949 1072 nostra
966 1009 1051 1074 inter

96 1121 156 1163 nos
178 1099 396 1163 familiaritate
425 1101 458 1161 et
484 1096 619 1181 proinde
647 1096 818 1180 diligenter
846 1096 885 1158 ab
915 1099 1051 1180 utroque

95 1191 286 1252 conservata
305 1189 389 1269 sunt,
411 1189 522 1248 tamen
540 1206 608 1249 non
626 1184 748 1267 dubito,
770 1185 915 1248 intanto
935 1187 1052 1248 ettam

95 1276 265 1358 repentino
293 1278 383 1338 motu
410 1274 456 1337 rei
483 1273 630 1356 publicae
654 1273 732 1356 quin
754 1272 913 1336 nonnulla
940 1272 978 1336 de
1001 1294 1051 1336 me

97 1363 188 1426 falsis
211 1362 391 1426 rumoribus
415 1383 434 1426 a
457 1361 536 1424 meis
555 1360 824 1425 obtrectatoribus
843 1382 893 1424 me
917 1360 1051 1445 indigna

96 1450 139 1512 ad
162 1454 194 1513 te
218 1450 324 1514 delata
346 1450 419 1533 sint,
442 1471 523 1532 quae
546 1453 638 1514 tuum
655 1448 799 1513 animum
817 1470 936 1534 magno
956 1471 1051 1533 opere

98 1543 264 1602 moverent
286 1560 345 1622 pro
368 1542 424 1602 tuo
449 1560 556 1603 amore
578 1538 614 1602 in
636 1559 705 1602 rem
731 1538 901 1622 publicam.
946 1537 997 1602 Ea
1019 1542 1051 1602 te

97 1627 259 1691 moderate
287 1627 445 1710 accepisse
473 1640 577 1710 neque
603 1629 723 1690 temere
750 1626 944 1690 credendum
971 1626 1051 1690 iudi-

96 1735 185 1778 casse
222 1737 242 1778 a
274 1715 353 1778 meis
384 1714 647 1798 procuratoribus
680 1715 796 1779 certior
830 1737 902 1778 sum
933 1714 1052 1796 factus,

97 1823 178 1885 quae
196 1803 284 1886 mihi,
302 1806 345 1867 ut.
357 1802 483 1886 debent,
502 1803 686 1887 gratissima
704 1807 794 1885 sunt,
814 1801 946 1865 memini
967 1803 1052 1865 enirn

98 1893 131 1952 et
153 1890 208 1953 illa
231 1891 408 1975 superiora,
435 1912 516 1974 quae
545 1891 602 1954 abs
629 1894 687 1954 tua
713 1892 879 1954 voluntate
907 1890 1052 1972 profecta

98 1981 176 2041 sunt
198 1978 238 2040 ad
261 2000 366 2043 meam
388 1979 580 2064 dignitatem
603 1977 785 2063 aagendam
810 1980 843 2041 et
865 1977 1053 2060 ornandam,

98 2086 181 2148 quae
203 2071 357 2150 perpetuo
381 2067 546 2131 inanimo
570 2089 641 2131 meo
665 2066 729 2130 fixa
751 2065 938 2129 manebunt.
983 2064 1052 2128 Abs
1072 2083 1089 2128 4

98 2156 140 2236 te,
162 2154 207 2217 mi
230 2151 352 2238 Cicero,
379 2177 499 2240 magno
527 2177 623 2239 opere
644 2158 735 2239 peto,
762 2155 790 2219 si
812 2175 917 2218 meam
943 2154 1053 2237 vitam,

97 2242 241 2306 studium
267 2243 511 2328 diligentissime
539 2243 756 2328 superioribus
788 2243 986 2326 temporibus
1018 2245 1053 2306 in

96 2352 131 2394 re
154 2331 282 2414 publiea
305 2331 572 2415 administranda,
600 2354 692 2416 quae»
705 2331 826 2416 Lepido
850 2331 949 2416 digna
979 2333 1053 2412 sint,

98 2422 265 2502 perspecta
286 2419 400 2503 habes,
427 2423 464 2483 ut
486 2420 577 2503 paria
600 2424 657 2485 aut
684 2442 721 2485 eo
750 2420 906 2504 ampliora
929 2420 1051 2501 reliquo

97 2509 242 2589 tempore
270 2511 433 2591 exspectes
466 2511 499 2571 et
530 2508 664 2591 proinde
693 2511 750 2572 tua
782 2507 974 2572 auctoritate
1002 2526 1052 2568 me

95 2593 253 2658 tuendum
272 2595 442 2678 existimes,
461 2591 524 2678 duo
543 2597 603 2660 tibi
621 2598 715 2681 plura
732 2599 789 2660 tuo
808 2594 923 2659 merito
943 2593 1052 2657 debeo.

97 2680 190 2832 ⁴Kale.
226 2682 266 2746 D.
289 2701 334 2747 xl.
357 2683 520 2749 Kalendas
539 2684 660 2771 Iunias,
683 2706 722 2750 ex
744 2683 867 2768 eastris,
891 2703 930 2747 ex
949 2680 1052 2746 Ponte
1140 2763 1143 2768 Ι

129 2773 271 2854 rgenteo.

168 2997 219 3066 Ep.
235 3003 277 3065 34,
292 3004 317 3052 3.
354 2999 580 3066 studiatoffieii
598 3003 691 3054 mutuo
710 2999 785 3068 (W.).
821 3014 842 3054 e.
862 3013 885 3054 o.
899 3015 934 3053 m.
953 2998 983 3052 B.
1019 3002 1051 3052 st.

94 3066 241 3137 officioque
254 3073 352 3123 malua
366 3070 436 3138 (L.)?
451 3099 483 3109 -—
496 3074 626 3138 perpetuo
640 3071 672 3123 ia
685 3071 776 3124 auimo
791 3069 866 3138 (Ν).
899 3085 930 3136 p.
945 3085 990 3122 aa.
1005 3068 1051 3133 M,

96 3137 191 3208 vulgo.
228 3145 253 3192 4.
271 3140 356 3194 citum
369 3142 491 3196 studium
505 3142 710 3210 dilipeatissime
725 3139 791 3209 (n).
828 3157 852 3194 v.
867 3139 1011 3204 studiaque
1024 3138 1051 3190 cl.

95 3207 182 3277 (W.)‘?
218 3225 253 3274 a,
271 3211 401 3276 studium,
419 3213 590 3280 dilipeatlam
604 3211 644 3278 Ia,
659 3211 689 3264 Β.
709 3242 742 3249 -
762 3209 978 3278 praebitione
996 3208 1054 3261 siat

95 3277 164 3348 (W.)
202 3279 238 3350 [q.
257 3279 291 3334 L.
310 3282 336 3336 ol.
355 3282 431 3353 swat]
450 3282 558 3352 Kleyu,
577 3282 608 3337 B.
630 3283 705 3350 (suot
722 3281 769 3349 M,
788 3280 892 3349 vulgo).
