2370 3878
92 172 159 236 494
375 173 412 227 11.
432 173 556 228 TI’LLII
573 172 764 228 CICERONIS

95 340 164 401 ros,
190 338 289 401 quum
313 316 431 401 habeo,
458 319 514 401 qui
535 317 629 382 ferat.
672 317 851 383 Volumnia
879 319 1001 385 debuit
1025 323 1060 386 iu

93 418 126 469 te
153 405 327 469 officiosior
358 426 442 489 ease,
472 428 569 489 quam
594 406 672 490 fuir,
692 410 726 470 et
751 406 786 470 id
811 408 941 492 ipsum,
972 411 1059 494 quod

93 494 178 577 iecit,
201 493 307 577 potuit
321 493 507 579 diligentius
520 494 626 558 facere
644 499 676 558 ei
690 495 830 559 caufiua:
853 518 1059 582 quamquam

94 582 157 645 alia
180 591 265 664 sunt,
287 601 369 665 quae
391 583 496 667 magis
518 603 665 646 curemus
682 584 851 667 magisque
875 584 1060 669 doleamus,

94 690 175 753 quae
198 690 249 733 me
278 670 324 733 ita
352 670 540 753 conficiunt,
565 671 614 734 uti
645 672 674 735 ei
701 671 889 754 voluerunt,
916 675 978 756 qui
1005 697 1058 738 me

93 756 132 819 de
156 778 227 909 mia
250 758 409 823 sententia
428 757 641 823 detruserunt.
677 756 771 843 (ura,
791 765 830 824 ut
845 760 972 825 valeas.
1005 761 1058 826 Pr.

94 848 174 909 Non.
215 867 266 910 an.

517 1038 623 1105 XVII.

200 1151 257 1208 Ser.
277 1152 418 1208 Brundisii
435 1151 482 1207 VL
501 1151 563 1206 Kal.
582 1149 726 1206 Ianuarias
744 1167 769 1204 a.
789 1169 816 1206 u.
833 1168 858 1206 a
880 1158 941 1207 706.

272 1275 425 1331 TULLIUS
444 1273 655 1330 TERENTIAE
674 1273 767 1329 SUAE
785 1273 813 1329 S.
831 1273 864 1328 D.

161 1374 192 1441 S.
215 1399 243 1440 v.
266 1377 297 1441 b.
321 1397 346 1439 e.
369 1398 395 1439 e.
418 1398 448 1440 v.
493 1373 526 1440 Si
550 1373 627 1458 quid
648 1374 814 1456 haberem,
840 1375 927 1459 quod
951 1376 996 1441 ad
1019 1383 1055 1442 ie

95 1464 275 1547 reriberem,
296 1463 435 1527 facerem
457 1462 490 1527 id
513 1466 546 1526 ei
567 1463 713 1544 pluribus
730 1463 835 1528 verbis
855 1466 888 1527 et
907 1466 1054 1548 saepius:

95 1572 189 1634 nune,
212 1572 293 1634 quae
313 1550 379 1615 sint
397 1550 537 1634 negotia,
555 1551 657 1634 vides3
679 1571 740 1635 ego
759 1556 866 1614 autem
884 1554 1054 1634 quomodo

95 1638 153 1703 rim
179 1638 323 1723 aflectus,
350 1658 390 1702 ex
416 1636 519 1722 Lepta
546 1641 579 1700 et
602 1636 754 1703 Trebatio
779 1639 901 1722 poteris
929 1661 1052 1725 eogno-

95 1746 191 1791 omre.
242 1725 292 1791 Tu
323 1724 391 1811 fao,
422 1728 459 1790 ui
490 1729 580 1790 tuam
612 1729 645 1790 ei
676 1725 799 1791 Tulliae
830 1727 1053 1793 valetudinem

95 1836 193 1881 euros.
238 1813 329 1881 Vale.

508 2005 631 2072 XVIII.

202 2118 258 2175 Ser.
279 2118 397 2175 Formiis
415 2117 461 2173 IX.
481 2117 544 2173 Kal.
563 2117 729 2173 Februarias
748 2134 773 2174 a.
791 2137 818 2173 u.
836 2136 859 2174 e.
880 2125 940 2174 705.

96 2240 250 2297 TULLIUS
270 2242 478 2297 TERENTIAE
498 2240 590 2297 SUAE
609 2241 658 2295 ET
670 2240 794 2296 PATER
807 2242 1051 2298 SUAVISSIMAE

149 2312 279 2379 I'ILIAE,
297 2311 425 2368 CICERO
444 2312 560 2367 MATRI
578 2312 626 2367 ET
645 2311 775 2367 SORORI
794 2312 820 2367 S.
838 2312 871 2366 D.
890 2312 996 2368 PLUR.

62 2426 76 2475 1
163 2408 439 2478 Considerandum
457 2412 548 2476 vobis
567 2411 664 2477 etiam
678 2415 774 2495 atque
793 2411 899 2496 etiam,
921 2413 1052 2478 animae

97 2520 199 2585 mono,
222 2500 392 2586 diligenter
414 2501 508 2584 puto,
530 2500 606 2583 quid
628 2499 769 2584 faciatis,
791 2499 956 2564 Romaene
980 2502 1052 2566 sitis

97 2609 139 2653 on
158 2586 282 2654 meeum
301 2609 343 2653 an
362 2587 469 2670 aliquo
487 2589 558 2652 tuto
577 2589 661 2653 Ioco:
684 2587 716 2651 id
735 2609 802 2653 non
820 2589 924 2653 solum
942 2610 1052 2654 meum

98 2677 266 2742 eonsilium
290 2679 347 2760 est,
371 2675 425 2740 sed
449 2675 546 2740 etiam
568 2679 719 2740 vestrum.
754 2676 836 2741 Mihi
858 2676 995 2741 veniunt
1016 2678 1052 2740 in

97 2768 238 2829 montem
260 2764 353 2828 haee:
376 2762 499 2829 Romae
521 2764 578 2829 voi
601 2784 670 2828 esse
692 2766 764 2828 tuto
787 2784 881 2848 posse
904 2785 963 2847 per
985 2763 1051 2829 Do·

97 2852 247 2917 labellum
266 2872 399 2934 eamque
413 2872 480 2917 rem
498 2872 592 2936 posse
613 2851 706 2915 nobis
725 2851 910 2916 adiumento
925 2873 1006 2935 esse,
1025 2852 1053 2917 si

99 2939 242 3025 quaevis
261 2942 317 3003 eut
336 2939 362 3004 si
383 2960 463 3023 quae
477 2940 609 3025 rapinae
627 2938 697 3002 fieri
715 2941 889 3023 eoeperinI3
912 2939 969 3004 sed
982 2962 1053 3004 rur·

99 3050 152 3094 nur
170 3027 250 3094 illud
268 3047 319 3091 me
337 3031 453 3110 movet,
472 3027 557 3112 quod
576 3025 667 3092 video
688 3048 798 3092 omnes
816 3028 919 3093 bonos
939 3027 1053 3092 abesse

97 3115 202 3183 Roma
231 3120 264 3182 et
296 3135 350 3181 eos
382 3115 531 3180 mulieres
563 3136 637 3180 suas
669 3135 777 3180 seeum
808 3115 939 3198 habere,
971 3115 1052 3180 haee

168 3288 219 3361 Ep.
241 3296 281 3346 16.
309 3293 341 3344 ui
358 3289 382 3345 r'r'
399 3288 450 3344 ool.
469 3287 545 3357 (N.)?
581 3286 632 3358 Ep.
654 3295 694 3343 17.
721 3288 811 3354 videm
829 3303 876 3357 eqo
956 3303 1053 3356 eoquo-

97 3375 176 3417 arere.
214 3358 258 3415 Tu
288 3360 352 3429 W).
388 3374 412 3413 o.
440 3356 503 3428 Eyo
583 3374 620 3413 e:
638 3364 670 3414 to
687 3358 718 3413 B.
753 3357 805 3427 Ep.
827 3365 868 3413 18.
896 3357 1055 3413 FILIAE

98 3430 156 3489 M*
173 3364 320 3486 OIOEEO
339 3428 425 3498 (W.)?
463 3435 485 3482 1.
509 3445 609 3483 meeum
628 3446 666 3484 arr
684 3429 776 3498 aliquo
795 3428 871 3497 (W.).
912 3445 947 3484 m.
965 3429 998 3482 iri
1016 3429 1054 3483 ai.

92 3500 141 3572 M„
163 3500 254 3575 vulgo.
276 3531 308 3542 -·
327 3499 434 3569 habere,
453 3499 518 3557 daeo
536 3499 613 3570 (W).
648 3499 675 3554 ir.
704 3499 742 3554 H.
757 3497 856 3567 uulgo.
