2370 3878
163 171 227 234 340
444 169 482 225 Μ.
502 169 625 224 TULLII
644 168 833 224 CICERONIS

162 317 217 400 qui
239 336 327 379 meos
355 313 540 379 tabellarios
568 335 684 379 novem
714 314 780 378 dies
813 315 958 397 retinuit,
987 319 1118 380 tametsi

161 407 287 468 tantam
314 402 530 466 calamitatem
555 403 603 466 rei
633 402 780 485 publicae
813 425 909 486 quam
935 404 1117 468 tardissime

162 493 271 556 audire
295 491 473 575 optandum
502 493 565 573 est,
592 490 747 575 sediliis,
775 491 830 573 qui
856 492 1007 575 prodesse
1035 494 1117 557 nihil

161 582 299 663 possunt
320 600 424 664 neque
446 579 575 643 mederi.
610 577 718 662 Atque
742 579 868 643 utinam
891 581 1002 644 eodem
1026 603 1116 644 sena-

161 672 214 732 tus
238 668 398 751 consulto,
426 689 488 751 quo
512 666 667 731 Plancum
691 670 723 731 et
745 667 902 751 Lepidum
930 669 964 732 in
987 669 1117 733 Italiam

162 756 351 839 arcessistis,
379 778 429 819 me
457 777 582 839 quoque
614 756 788 819 iussissetis
816 757 937 821 venire!
970 758 1115 840 profecto

161 867 228 910 non
251 845 426 928 accepisset
448 866 498 908 res
521 844 650 928 publica
679 844 741 908 hoc
764 845 893 908 vulnus:
923 868 985 928 quo
1010 846 1037 909 si
1061 848 1115 929 qui

161 934 323 996 laetantur
344 933 380 995 in
402 933 597 1016 praesentia,
625 933 700 1016 quia
726 932 876 996 uidentur
905 936 938 996 et
965 935 1060 997 duces
1085 939 1116 997 et

161 1021 305 1085 veterani
337 1018 482 1084 Caesaris
513 1021 655 1103 partium
690 1020 852 1103 interisse,
888 1024 996 1084 tamen
1028 1027 1115 1105 post-

161 1109 257 1174 modo
281 1129 410 1173 necesse
434 1111 483 1172 est
506 1108 650 1192 doleant,
673 1130 771 1192 quum
794 1109 979 1172 vastitatem
1002 1109 1114 1174 Italiae

160 1197 372 1281 respexerint,
394 1218 470 1260 nam
485 1198 517 1260 et
531 1196 629 1260 robur
643 1198 676 1260 et
690 1197 818 1260 suboles
832 1197 971 1260 militum
984 1198 1115 1280 interiit,

162 1286 189 1348 si
208 1285 345 1368 quidem,
364 1306 444 1367 quae
462 1284 663 1368 nuntiantur,
686 1284 752 1347 ulla
771 1306 808 1348 ex
826 1288 918 1367 parte
937 1307 1012 1348 vera
1031 1291 1114 1349 sunt.

126 1387 142 1434 a
161 1372 274 1456 Neque
298 1394 358 1456 ego
381 1394 449 1436 non
471 1372 632 1455 videbam,
660 1375 781 1454 quanto
804 1373 876 1436 usui
899 1373 1114 1456 reipublicae

162 1482 264 1524 essem
290 1461 432 1542 futurus,
464 1461 491 1523 si
524 1460 563 1524 ad
595 1459 753 1544 Lepidum
783 1461 955 1542 venissem3
987 1483 1115 1525 omnem

162 1549 248 1613 enim
285 1549 522 1613 cunctationem
557 1549 625 1613 eius
658 1549 890 1633 discussissem,
926 1551 1115 1632 praesertim

162 1638 307 1701 adiutore
329 1636 463 1720 Planco,
490 1637 546 1700 sed
569 1637 721 1701 scribenti
743 1637 784 1701 ad
807 1659 857 1701 me
881 1637 1037 1702 eiusmodi
1064 1640 1114 1701 lit-

161 1728 261 1810 teras,
288 1746 367 1808 quas
394 1725 497 1809 leges,
526 1721 581 1810 [et]
607 1725 815 1790 concionibus
842 1725 1002 1808 videlieet,
1035 1748 1114 1808 quas

160 1812 315 1879 Narbone
337 1813 488 1877 habuisse
512 1812 637 1898 dieitur,
659 1814 792 1897 similae,
814 1815 969 1898 palparer
985 1835 1114 1877 necesse
1143 1884 1147 1891 x

161 1905 239 1986 erat,
262 1903 289 1967 si
312 1902 427 1966 vellem
449 1904 646 1967 commeatus
669 1923 726 1985 per
744 1902 944 1986 provinciam
967 1902 1034 1965 eius
1053 1902 1114 1965 iter

159 1991 282 2055 faciens
299 1991 427 2055 habere.
463 1989 634 2054 Praeterea
650 1990 792 2074 verebar,—
813 2011 864 2074 ne,
887 1991 923 2074 si,
941 1993 1114 2074 antequam

161 2099 221 2163 ego
244 2080 373 2162 incepta
400 2079 598 2162 perficerem,
628 2078 786 2162 proelium
813 2077 995 2142 confectum
1022 2084 1114 2161 esset,

159 2167 249 2250 pium
272 2167 442 2231 eonsilium
464 2189 571 2231 meum
593 2169 743 2250 raperent
764 2167 800 2230 in
827 2168 1021 2231 contrariam
1043 2191 1113 2250 par·

160 2258 226 2318 tem
250 2255 481 2319 obtrectatores
499 2255 562 2319 mei
580 2258 712 2339 propter
730 2255 912 2337 amicitiam,
935 2275 1016 2338 quae
1035 2256 1091 2317 mil
1107 2257 1112 2267 '

161 2364 233 2406 cum
255 2342 410 2425 Antonio,
433 2364 501 2407 non
518 2343 622 2408 maior
638 2346 757 2428 tamen,
780 2366 877 2428 quam
895 2343 1024 2425 Planco,
1041 2341 1114 2406 fuit.

125 2430 273 2514 altaque
297 2453 316 2494 a
339 2429 481 2495 Gadibus
511 2453 620 2496 mense
643 2431 748 2514 Aprili
770 2432 855 2496 binis
881 2430 1056 2495 tabellariis
1080 2431 1115 2493 in

161 2519 240 2583 duas
262 2541 362 2584 naves
383 2519 543 2604 impositis
566 2522 599 2583 et
620 2519 681 2582 tibi
704 2523 736 2584 et
758 2520 943 2585 consulibus
966 2522 999 2582 et
1021 2517 1114 2582 Octa-

159 2608 255 2672 viano
286 2607 413 2690 scripsi,
444 2611 482 2671 ut
508 2628 559 2670 me
586 2607 734 2671 faceretis
762 2608 941 2689 certiorem,
974 2628 1115 2689 quonam

159 2697 255 2761 modo
278 2696 453 2779 plurimum
475 2716 603 2779 possem
625 2696 776 2779 prodesse
799 2696 846 2758 rei
867 2694 1027 2779 publicae,
1051 2694 1115 2775 sed,

160 2787 197 2846 ut
214 2784 373 2848 rationem
392 2784 475 2867 ineo,
498 2805 561 2867 quo
581 2783 632 2848 die
646 2784 803 2867 proelium
820 2782 928 2847 Pansa
947 2783 1115 2864 commisit,

160 2872 271 2935 eodem
293 2894 313 2935 a
330 2868 473 2935 Gadibus
496 2892 595 2937 naves
617 2872 780 2956 profectae
804 2874 892 2954 sunt,
916 2871 1006 2934 nulla
1030 2870 1115 2933 enim

159 2963 235 3043 post
264 2959 403 3024 hiemem
434 2960 498 3024 fuit
529 2964 604 3024 ante
634 2981 706 3023 eam
737 2960 821 3024 diem
850 2959 1026 3042 navigatio.
1071 2957 1116 3021 L't

159 3048 304 3113 hercules
330 3048 427 3133 longe
455 3051 597 3113 remotus
625 3048 665 3112 ab
694 3048 782 3113 omni
810 3047 992 3131 suspicione
1015 3046 1116 3109 futuri

160 3137 261 3200 civilis
292 3138 450 3201 tumultus
482 3137 611 3220 penitus
642 3137 679 3200 in
710 3135 878 3200 Lusitania
904 3135 1049 3219 legiones
1081 3135 1117 3196 in

229 3363 282 3432 Ep.
302 3367 349 3430 33,
368 3369 392 3416 2.
436 3365 517 3434 lepos,
541 3363 588 3435 [et]
612 3379 685 3419 coac.
712 3364 787 3432 (W.).
832 3364 865 3430 t,
887 3368 912 3418 et
934 3362 1013 3430 Era,
1032 3361 1063 3414 B.
1083 3392 1116 3400 -

150 3432 269 3499 Planco,
287 3433 437 3504 ΜΝ).
477 3434 584 3492 Planco
602 3434 730 3506 fivulgo.
768 3440 792 3488 3.
816 3439 880 3490 uate
898 3450 956 3489 eaor
970 3434 1040 3488 diem
1060 3432 1117 3500 (M,

140 3500 248 3571 vulgo).
291 3523 317 3561 a.
338 3522 401 3562 eum
421 3508 450 3564 d.
469 3507 501 3563 Β.
