2370 3878
97 211 147 267 DE
162 209 361 267 ΡΕΤΙΤΙΟΝΕ
376 209 525 267 CONSUL.
540 210 589 265 AD
604 210 641 265 M.
655 210 832 265 FRATREM
842 216 955 266 ιιι-43.
984 209 1051 299 ,657

97 357 234 441 laesisti,
265 379 364 441 quum
396 360 510 421 contra
542 377 596 420 eos
628 378 687 439 pro
715 357 817 421 amico
847 356 981 438 diceres,
1012 355 1053 421 iis

97 449 131 510 te
153 445 249 529 plane
271 446 424 531 purgato,
451 442 703 508 necessitudines
726 448 989 526 commemorato,
1018 444 1053 507 in

99 555 188 617 spem
211 532 376 615 adducito,
397 535 430 596 te
453 532 489 595 in
511 553 622 597 eorum
644 533 754 614 rebus,
782 533 809 596 si
832 554 865 597 se
888 534 923 596 in
946 531 1053 596 amici·

97 622 177 685 tiam
209 626 296 686 trram
328 620 539 703 contulerint,
575 619 646 703 pari
678 621 784 685 studio
816 624 913 706 atque
946 619 1064 685 officio·

97 709 251 773 futurum.
288 706 350 783 Qui
373 708 442 772 sine
460 729 558 772 causa
575 729 643 772 non
662 711 781 790 amant,
803 729 858 773 eos
879 711 936 773 aut
958 708 1053 772 bene·

97 798 170 861 ficio
195 800 251 860 aut
274 817 331 879 spe
354 798 411 860 aut
433 795 646 880 significando
669 800 726 861 tuo
750 816 828 880 erga
849 797 923 861 illos
946 796 1053 860 studio

98 885 174 949 dato
207 905 338 967 operam
370 887 407 948 ut
437 883 476 948 de
508 884 565 949 illa
594 885 694 948 animi
720 884 879 967 pravitate
907 884 1054 948 deducas

99 971 242 1048 Quorum
274 972 425 1037 voluntas
456 971 519 1036 erit
549 972 607 1037 abs
637 975 671 1036 te
703 974 835 1056 propter
866 972 1054 1055 competito-

98 1083 171 1125 rum
193 1060 351 1125 amicitias
374 1060 522 1143 alienior,
548 1060 589 1124 iis
617 1080 743 1144 quoquc
767 1059 878 1124 eadem
899 1060 1054 1124 inservito

98 1150 233 1232 ratione,
256 1170 321 1232 qua
343 1148 570 1231 superioribus
593 1152 634 1231 et,
659 1150 686 1214 si
709 1148 846 1231 probare
869 1149 1000 1231 poteris,
1022 1152 1055 1212 te

98 1239 133 1301 in
157 1259 211 1301 eos
234 1237 322 1320 ipsos
341 1237 568 1321 competitores
585 1242 660 1301 tuos
678 1236 835 1301 benevolo
853 1258 923 1300 esse
946 1236 1054 1301 animo

99 1324 270 1390 ostendito.
512 1380 514 1386 .

166 1412 325 1488 Quoniam
348 1410 387 1477 de
411 1413 520 1477 amicit
521 1413 560 1478 iis
579 1416 699 1478 constit
658 1412 812 1477 tituendis
832 1414 911 1477 satis
933 1413 999 1478 dict
985 1417 1054 1477 turn
1066 1413 1099 1462 11

99 1503 161 1584 est,
193 1501 362 1565 dicendum
394 1504 444 1565 est
475 1502 514 1565 de
545 1502 602 1565 illa
634 1502 735 1566 altera
761 1505 853 1586 parte
881 1523 947 1586 per
922 1482 1095 1586 titioniS,4

99 1611 180 1673 quae
212 1590 248 1653 in
278 1590 428 1672 populari
463 1590 590 1654 ratione
625 1594 784 1655 versatur
821 1611 859 1654 ea
896 1554 1056 1655 desiderat

98 1677 400 1761 nomenclationem,
422 1678 559 1742 blandit
535 1682 628 1761 tram,
651 1678 786 1743 assiduit
772 1681 886 1761 tatem,
909 1678 1055 1762 benigni·

97 1770 212 1848 tatem,
233 1786 409 1847 rumorem,
436 1786 527 1849 spem
548 1766 583 1830 in
606 1786 641 1828 re
663 1766 801 1849 publica.
845 1765 989 1830 Primum
1011 1766 1054 1848 id,
1066 1788 1094 1830 ιι

98 1853 183 1936 quod
210 1851 369 1935 facis,ut
395 1853 543 1918 homines
569 1854 673 1937 noris,
701 1853 861 1938 significa,
892 1857 929 1917 ιιι
956 1876 1054 1937 appa-

98 1944 181 2024 reat,
208 1943 241 2004 et
267 1961 366 2026 euge,
393 1944 431 2005 nt
458 1941 600 2025 quotidie
627 1942 741 2006 melius
768 1941 838 2004 fiat:
866 1940 948 2005 nihil
975 1943 1055 2007 mihi

97 2033 165 2092 tam
188 2030 344 2112 populare
371 2050 476 2114 neque
503 2032 571 2094 tam
599 2032 672 2114 grat
673 2052 728 2093 um
750 2028 838 2094 videt
823 2031 885 2094 tur.
929 2027 1054 2094 Deinde

97 2116 144 2200 id,
171 2116 256 2200 quod
279 2121 398 2182 natura
420 2139 488 2182 non
514 2117 629 2202 habes,
656 2117 754 2182 induc
780 2117 816 2181 in
843 2116 987 2182 animum
1008 2118 1055 2182 ita

98 2205 315 2270 simulandum
347 2226 429 2289 esse,
461 2209 499 2271 ut
528 2209 646 2271 natura
672 2204 778 2271 facere
806 2203 946 2270 videare:
978 2227 1055 2271 nam

98 2293 232 2357 comitas
255 2291 317 2358 tibi
339 2314 408 2359 non
430 2294 521 2359 deest
542 2315 589 2377 ea,
612 2315 693 2377 quae
716 2294 803 2359 bono
827 2315 864 2358 ac
884 2293 975 2359 suavi
997 2295 1055 2360 hc·

96 2381 184 2445 mine
207 2381 307 2466 digna
334 2385 396 2465 est,
424 2383 480 2447 sed
508 2404 588 2467 opus
616 2385 666 2447 est
691 2403 812 2468 magno
841 2403 936 2468 opere
963 2383 1054 2448 blan·

97 2468 191 2552 ditia,
213 2484 310 2553 quae,
337 2471 464 2535 etiamsi
491 2471 609 2536 vitiosa
631 2475 680 2535 est
708 2475 740 2535 et
762 2471 866 2556 turpis
889 2471 924 2536 in
947 2473 1055 2536 cetera

97 2557 173 2641 vita,
190 2558 349 2623 tamenin
363 2560 519 2642 petitione
534 2562 583 2624 est
596 2561 790 2643 necessaria3
812 2559 941 2641 etenim,
954 2580 1054 2643 quum

97 2645 287 2711 deteriorem
316 2648 455 2732 aliquem
482 2647 678 2713 assentando
701 2648 793 2729 facit,
819 2647 968 2732 improba
996 2651 1055 2731 est,
1123 2674 1125 2679 ·

97 2754 196 2816 quum
228 2735 426 2821 amiciorem,
461 2756 530 2801 non
560 2740 629 2799 tam
660 2735 886 2820 vituperanda,
921 2735 1054 2819 petitori

96 2842 171 2885 vero
203 2823 385 2889 necessaria
417 2826 480 2906 est,
511 2823 601 2887 ouius
635 2827 668 2888 et
698 2824 788 2889 frons
821 2827 855 2888 et
884 2825 993 2889 vultus
1021 2827 1055 2890 et

97 2928 201 2973 sermo
230 2908 271 2973 ad
299 2931 424 2994 eorum,
451 2932 668 2996 quoscumque
696 2911 895 2997 convenerit,
923 2933 1053 2978 sensum

96 3000 129 3060 et
150 2997 351 3063 voluntatem
370 2999 668 3064 commutandust
635 3003 668 3065 et
686 2999 1044 3066 accommodandust
994 3004 1053 3065 εει

95 3083 165 3149 Iam
192 3085 390 3151 assiduitatis
418 3088 544 3152 nullum
574 3091 624 3152 est
653 3093 873 3173 praeceptum,
904 3090 1051 3155 verbum·
1063 3109 1092 3151 ιι

94 3195 155 3256 que
183 3174 290 3258 ipsum
317 3174 423 3258 docet,
455 3197 537 3260 quae
568 3197 619 3240 res
652 3177 702 3242 sit.
680 3176 891 3242 Prodest
877 3177 1052 3262 tquidem

94 3261 264 3327 vehement
251 3265 300 3350 ter
340 3284 501 3349 nusquam
541 3263 715 3351 discedere,
756 3264 815 3329 sed
851 3267 963 3332 tamen
998 3266 1051 3330 hic

166 3478 208 3538 11,
221 3478 266 3527 42
302 3472 385 3540 facit,
403 3474 483 3542 impr.
508 3473 623 3544 (vulgo).
672 3474 706 3540 fl,
725 3475 820 3529 ιιιιιιι
844 3475 887 3530 cd.
907 3475 999 3541 Turn,
1017 3473 1047 3526 B.
1153 3446 1158 3455 ¹

92 3548 133 3595 43.
163 3513 322 3669 coitumque
335 3543 450 3614 (vulgo).
487 3545 597 3600 eertum
614 3542 683 3613 nri,
701 3544 731 3599 Β.

140 3629 217 3670 Cicero
242 3633 330 3680 sepiat.
345 3633 365 3674 1.
820 3639 857 3688 ῃ
