2370 3878
342 187 601 242 EPISTOLARUM
619 187 679 242 XV.
698 194 723 241 4.
947 187 1010 252 507

47 336 219 421 regnaret.
243 332 311 397 Met
297 335 437 396 ttrame
459 353 542 413 eum,
565 354 660 415 quem
682 330 820 396 tutmihi
841 332 1013 417 diligenter

50 422 308 504 commendaras,
325 419 531 485 Athenaeum
532 420 802 503 ,importunitate
819 419 1012 485 Athenaidis

52 511 169 577 exsilio
192 472 392 592 multatos
378 530 414 573 ιιι
432 508 572 572 maxima
590 509 675 592 apud
694 529 803 593 regem
821 509 1013 573 auctoritate

53 599 224 684 gratiaque
252 597 420 680 constitui,
453 617 614 681 quumque
641 617 794 681 magnum
826 597 986 662 bellum
977 620 1013 662 m

54 686 263 771 Cappadocia
285 686 509 768 concitaretur,
532 686 560 749 si
578 685 725 750 sacerdos
745 686 841 749 armis
862 707 904 769 se,
927 687 1013 770 quod

53 776 202 840 facturus
224 774 413 858 putabatur,
436 773 634 856 defenderet,
663 774 849 838 adolescens
872 777 904 837 et
927 776 1013 857 equi·

54 866 129 928 tatu
152 865 185 926 et
206 862 352 946 peditatu
376 865 409 926 et
430 861 567 945 pecunia
589 866 722 946 paratus
746 883 784 926 ex
802 865 872 927 toto
890 863 939 939 iis,
958 865 1013 947 qui

54 950 172 1016 novari
204 950 323 1034 aliquid
355 951 521 1034 volebant,
552 950 686 1034 perfeci,
717 954 754 1014 ut
785 972 802 1014 e
829 971 929 1034 regno
959 951 1014 1014 ille

56 1039 235 1103 discederet
256 1059 374 1122 rexque
399 1039 466 1103 sine
488 1039 629 1103 tumultu
653 1059 690 1101 ac
713 1039 782 1103 sine
805 1039 902 1102 armis
926 1041 1014 1103 omni

57 1126 256 1193 auctoritate
274 1129 366 1191 aulae
390 1127 587 1192 communita
610 1147 746 1210 regnum
765 1147 837 1190 curn
856 1126 1013 1210 dignitate

56 1217 228 1282 obtineret.
272 1215 402 1280 interea
425 1215 562 1300 cognovi
585 1216 759 1279 multorum
778 1214 894 1278 litteris
918 1219 1049 1298 atquev

57 1305 183 1370 nuntiis
215 1324 351 1389 magnas
382 1304 576 1369 Parthorum
608 1303 717 1387 copias
749 1308 838 1385 atquc
869 1301 1015 1368 Arabum

59 1392 102 1457 ad
125 1391 279 1477 oppidum
297 1391 512 1456 Antiocheam
531 1393 701 1456 accessisse
723 1412 940 1477 magnumque
964 1413 1015 1455 eo·

59 1502 135 1545 rum
156 1481 244 1576 equit
245 1482 343 1564 atum,
367 1481 421 1563 qui
443 1481 479 1544 in
497 1478 679 1544 Ciliciamt
664 1481 842 1564 transisset,
866 1481 905 1544 ab
929 1482 1014 1564 equi-

57 1573 132 1633 tum
158 1591 302 1634 meorum
330 1569 443 1632 turmis
471 1572 504 1632 et
530 1591 550 1632 a
572 1570 702 1634 cohorte
730 1570 906 1653 praetoria,
934 1591 1015 1652 quae

60 1660 132 1722 erat
154 1654 363 1741 Epiphaneae
385 1657 536 1741 praesidii
554 1679 660 1741 causa,
682 1658 845 1722 occidione
867 1658 1015 1722 occisum.

61 1745 176 1828 Quare,
199 1768 297 1829 quum
321 1745 461 1810 viderem
484 1769 504 1808 a
526 1744 730 1828 Cappadocia
748 1745 942 1809 Parthorum
965 1767 1016 1809 co·

60 1834 133 1919 pias
152 1855 279 1897 aversas
298 1855 365 1897 non
383 1834 480 1916 longe
500 1855 519 1895 a
536 1833 654 1896 finibus
675 1853 744 1896 esse
763 1829 902 1912 Ciliciae,
920 1854 1017 1914 quam

13 1986 16 1993 ,
61 1921 154 2005 potui
190 1922 336 1985 maximis
372 1921 541 1984 itineribus
577 1920 618 1984 ad
649 1919 812 1984 Amanum
844 1920 1017 1983 exercitum

62 2009 148 2073 duxi
184 2008 309 2084 Quot
272 2032 293 2072 ιι
327 2009 409 2092 veni,
431 2009 558 2072 hostem
576 2008 617 2071 ab
637 2006 819 2071 Antiochea
841 2004 1017 2089 recessisse,

62 2096 216 2161 Bibulum
238 2096 437 2161 Antiocheae
461 2118 529 2160 esse
553 2096 704 2181 cognovi3
730 2095 827 2159 Deiot
813 2099 919 2159 tarum
942 2116 1016 2159 con·

61 2185 203 2249 testim
194 2207 259 2248 1am
282 2185 323 2248 ad
346 2207 397 2248 me
420 2184 601 2248 venientem
629 2205 701 2247 cum
723 2202 842 2266 magno
871 2186 904 2247 et
924 2183 1016 2248 firmo

61 2273 208 2356 equitatu
240 2276 273 2335 et
303 2273 449 2355 peditatu
481 2277 514 2336 et
545 2293 617 2336 cum
646 2271 795 2335 omnibus
823 2271 888 2335 suis
917 2272 1016 2354 copiis

61 2361 232 2425 certiorem
254 2360 315 2423 feci
338 2381 406 2422 non
428 2360 528 2424 videri
550 2381 620 2424 esse
643 2381 785 2441 causam,
812 2381 868 2423 cur
890 2360 1018 2423 abesset

61 2469 220 2533 arogno,
247 2468 361 2530 meque
390 2446 429 2510 ad
453 2469 538 2531 eum,
568 2449 595 2512 si
623 2447 699 2530 quid
726 2447 803 2511 novi
829 2448 913 2513 forte
937 2449 1016 2511 aeci-

62 2536 176 2617 disset,
208 2535 318 2599 statim
350 2536 473 2600 litteras
505 2536 699 2620 nuntiosque
731 2536 903 2600 missurum
935 2557 1016 2615 esse,

62 2644 225 2706 quumque
249 2645 286 2688 eo
306 2624 414 2688 animo
433 2625 601 2709 venissem,
621 2628 659 2689 ut
676 2624 803 2707 utrique
824 2623 1017 2708 provinciae,
1037 2638 1052 2684 s

62 2712 91 2775 si
113 2711 160 2775 ita
183 2714 310 2795 tempus
328 2713 435 2795 ferret,
459 2713 670 2795 subvenirem,
692 2715 762 2777 tum
780 2711 822 2794 id,
845 2710 962 2794 quod
953 2732 1018 2774 iam

62 2801 139 2864 ante
161 2803 338 2864 statueram
356 2801 526 2864 vehement
512 2806 561 2865 ter
583 2800 738 2864 interesse
755 2801 922 2884 utriusque
944 2822 1018 2884 pro·

60 2887 201 2971 vinciae,
228 2908 343 2970 pacare
365 2886 588 2952 Amanumt
555 2890 588 2951 et
614 2891 804 2988 perpetuum
830 2889 957 2953 hostem
980 2910 1018 2951 ex

61 2996 101 3040 eo
125 2978 235 3040 monte
253 2976 375 3058 tollere,
397 2995 492 3058 agere
510 2976 647 3059 perrexi3
670 2997 831 3058 quumque
849 2998 900 3040 me
919 2977 1017 3040 disce·

61 3063 136 3127 dere
160 3064 201 3128 ab
225 3085 262 3128 eo
285 3066 395 3127 monte
419 3063 619 3128 simulassem
646 3066 679 3126 et
705 3063 784 3127 alias
811 3069 920 3148 partes
943 3061 1017 3126 Cili·

61 3151 130 3215 ciae
152 3155 261 3235 petere
290 3152 497 3233 abessemque
525 3151 565 3215 ab
589 3151 716 3216 Amano
744 3151 806 3215 iter
832 3152 928 3215 unius
955 3150 1017 3213 diei

133 3376 183 3446 Ep.
203 3383 229 3444 4,
244 3383 268 3431 6.
304 3327 444 3446 aequaret:
463 3377 507 3430 M
527 3377 600 3445 (W.).
641 3382 774 3446 reparate
756 3376 847 3429 tM
870 3375 1017 3443 vulgo.—

60 3462 94 3500 ιιι
112 3447 197 3502 toto
185 3448 222 3501 ιιι
239 3446 313 3516 (Οι).
357 3453 382 3501 et
400 3452 455 3502 toto
472 3448 509 3501 iis
526 3447 564 3501 Μ
610 3452 635 3501 ct
651 3452 692 3501 tot
713 3445 904 3500 sociieB.—
932 3446 1018 3500 armis

60 3517 402 3585 omnio.u.c....r(W)
439 3535 474 3584 ιι,
493 3532 661 3584 nanu,
679 3517 754 3571 r..B
