2370 3878
170 198 234 263 390
450 199 487 252 rr.
508 197 631 253 rumix
649 197 837 253 nicanorus

134 359 150 405 a
170 342 253 407 Sunt
275 342 344 425 tibi,
366 341 410 405 M.
434 341 532 423 Tulli,
559 342 650 405 liberi
677 343 912 425 propinquique
940 342 1032 426 digni
1058 345 1128 426 qui-

169 432 244 494 dem
265 433 298 493 te
321 433 355 493 et
377 430 490 493 merito
513 430 573 492 tibi
596 430 764 511 carissimi,
792 451 861 493 esse
885 429 981 494 etiam
1005 431 1129 495 debent

169 519 261 580 inre
283 517 413 600 publica
435 517 578 600 proxime
600 517 661 581 hos
684 518 758 600 cari,
781 518 835 600 qui
854 517 1036 581 studiorum
1055 523 1126 583 tuo·

169 626 242 667 rum
265 607 341 667 sunt
362 605 494 687 aemuli,
520 626 656 687 quorum
684 626 751 668 esse
780 605 873 687 cupio
901 604 960 668 tibi
984 607 1126 689 copiam,

171 692 226 755 sed
248 695 358 755 tamen
380 713 447 756 non
465 693 604 756 maxima
627 714 677 756 me
695 693 791 755 turba
808 696 887 775 puto
907 693 1042 776 excludi,
1060 717 1124 778 quo

170 779 277 843 minus
304 780 364 843 tibi
395 784 487 844 vacet
518 801 568 843 me
596 781 739 864 excipere
763 786 795 843 et
823 780 863 842 ad
886 781 1007 862 omnia,
1042 803 1124 864 quae

170 867 249 930 velis
273 871 305 931 et
327 868 455 951 probes,
483 868 665 950 producere.
712 867 865 930 Animum
888 868 948 930 tibi
975 872 1124 933 nostrum

170 954 307 1019 fortasse
321 956 541 1039 probavimus3
558 956 724 1039 ingenium
740 955 864 1018 diutina
878 956 1013 1019 servitus
1030 961 1124 1041 certe,

171 1044 400 1126 qualecumque
423 1047 485 1125 est,
516 1043 623 1106 minus
650 1047 772 1125 tamen,
799 1064 895 1124 quam
918 1047 999 1125 erat,
1027 1066 1124 1126 passa

136 1135 221 1194 aest
242 1132 351 1195 rideri.
396 1129 465 1195 Nos
489 1152 527 1193 ex
550 1152 606 1194 ora
628 1131 789 1193 maritima
811 1129 909 1193 Asiae
938 1133 1123 1213 provinciae

172 1222 204 1282 et
226 1240 265 1281 ex
286 1218 401 1282 insulis
425 1240 503 1300 quas
526 1219 689 1300 potuimus
716 1239 815 1281 naves
843 1218 1043 1300 deduximus,
1071 1220 1124 1282 de·

171 1308 289 1369 lectum
316 1305 474 1389 remigum
502 1325 621 1388 magna
643 1306 845 1369 contumacia
874 1306 1054 1369 civitatium
1076 1311 1123 1370 ta-

171 1414 246 1456 men
268 1393 346 1455 satis
370 1393 513 1456 celeriter
534 1392 718 1474 habuimus3
742 1394 842 1457 secuti
861 1415 970 1456 sumus
989 1394 1124 1458 classem

148 1516 151 1521 ·
171 1479 368 1560 Dolabellae,
391 1479 443 1543 cui
461 1479 496 1543 L.
515 1477 648 1563 Figulus
667 1483 822 1563 praeerat,
846 1481 900 1562 qui
919 1502 1009 1563 spem
1028 1503 1123 1565 saepe

171 1567 373 1631 transitionis
403 1567 585 1650 praebendo
618 1589 721 1651 neque
757 1589 908 1650 umquam
940 1590 1008 1632 non
1040 1591 1124 1633 rece·

171 1654 275 1718 dendo
312 1654 484 1718 novissime
517 1652 674 1738 Corycum
711 1676 744 1719 se
781 1656 918 1719 contulit
949 1659 982 1719 et
1013 1658 1123 1721 clauso

171 1745 267 1824 portu
291 1764 324 1807 se
347 1746 456 1806 tenere
479 1743 597 1825 coepit,
620 1764 680 1808 nos
702 1743 759 1806 illa
781 1744 901 1826 relicta,
925 1744 1010 1827 quod
1034 1746 1125 1808 etin

171 1833 275 1894 castra
302 1831 468 1914 pervenire
501 1831 600 1894 satius
633 1852 701 1894 esse
733 1831 925 1913 putabamus
954 1835 986 1894 et
1014 1853 1124 1915 seque-

171 1919 267 1982 batur
289 1919 399 1982 classis
423 1920 532 2001 altera,
555 1940 651 2000 quam
675 1940 760 1982 anno
782 1919 888 2001 priore
911 1919 946 1981 in
968 1917 1125 2003 Bithynia

172 2005 285 2070 Tillius
308 2004 437 2071 Cimber
463 2010 678 2089 compararat,
705 2007 756 2069 cui
783 2006 945 2069 Turullius
973 2012 1126 2088 quaestor

171 2097 326 2176 praeerat,
349 2092 491 2178 Cyprum
512 2095 696 2176 petivimus3
723 2093 768 2156 ibi
796 2115 877 2176 quae
905 2095 1126 2178 cognovimus,

136 2181 310 2245 4scribere
333 2182 374 2244 ad
406 2202 463 2246 vos
495 2202 592 2263 quam
623 2181 785 2244 celerrime
812 2181 980 2245 voluimus.
1025 2182 1126 2247 Dola-

171 2269 290 2331 bellam
316 2272 354 2331 ut
380 2267 567 2351 Tarsenses,
598 2269 728 2352 pessimi
755 2268 846 2351 socii,
877 2269 924 2332 ita
951 2269 1126 2334 Laodiceni

172 2357 273 2420 multo
288 2357 481 2419 amentiores
495 2358 580 2420 ultro
595 2357 820 2438 arcessierunt3
843 2377 881 2419 ex
899 2356 1014 2439 quibus
1029 2359 1126 2421 utris-

172 2465 233 2526 que
257 2444 440 2508 civitatibus
463 2442 658 2508 Graecorum
676 2445 814 2508 militurn
832 2465 965 2508 numero
985 2446 1128 2527 speciem

172 2532 328 2596 exercitus
352 2531 464 2595 effecit.
509 2529 624 2596 Castra
645 2532 745 2595 habet
762 2534 842 2594 ante
866 2532 1019 2614 oppidum
1042 2532 1127 2596 Lao-

172 2620 295 2684 diceam
326 2620 433 2703 posita
464 2622 498 2682 et
532 2622 656 2702 partem
692 2619 775 2682 muri
809 2619 979 2683 demolitus
1012 2623 1061 2683 est
1093 2625 1128 2684 et

173 2712 278 2771 castra
306 2708 424 2790 oppido
452 2706 626 2771 coniunxit.
676 2704 805 2770 Cassius
832 2709 943 2770 noster
969 2727 1042 2770 curn
1073 2707 1127 2771 de·

143 2868 152 2883 ³
172 2815 241 2858 cern
259 2794 440 2878 legionibus
459 2797 492 2858 et
510 2795 695 2859 cohortibus
713 2811 768 2857 xx.
788 2795 961 2858 auxiliariis
980 2797 1013 2858 et
1033 2800 1127 2878 quat-

172 2883 247 2946 tuor
278 2882 402 2945 milium
434 2882 578 2966 equitatu
611 2905 630 2946 a
661 2882 790 2946 milibus
822 2903 975 2964 passuum
1007 2883 1128 2967 viginti

173 2973 278 3034 castra
304 2970 403 3034 habet
429 2971 535 3054 posita
556 2972 577 3049 y
600 2967 724 3051 Πάλτῳ
747 2973 779 3033 et
806 2970 968 3033 existimat
994 2991 1027 3032 se
1057 2971 1128 3034 sine

172 3058 294 3141 proelio
326 3079 421 3142 posse
453 3059 592 3140 vincere;
619 3079 696 3122 nam
722 3057 788 3121 iam
813 3057 915 3120 ternis
937 3059 1128 3122 tetrachmis

73 3262 77 3270 ·
243 3232 294 3302 Ep.
311 3238 353 3298 13,
367 3238 392 3286 3.
428 3233 559 3302 reoriqum
576 3232 609 3285 io
626 3247 660 3285 m.
679 3230 851 3286 coutumacia
864 3235 882 3284 t.
902 3230 949 3298 (W
951 3233 987 3298 .)?
1006 3261 1038 3269 -
1058 3245 1128 3285 rece-

172 3303 259 3357 dendo
278 3301 390 3369 (Gron.).
427 3304 482 3356 dec.
501 3302 546 3368 M,
561 3301 654 3370 vulgo.
691 3307 721 3384 4,
744 3300 895 3354 Laodiceni
913 3299 1128 3389 etlapdiceno·

164 3373 382 3514 llbllhth
397 3371 576 3512 ttllalh
590 3373 776 3511 fiuttl‘tffl
793 3370 1129 3507 litterata?

149 3514 371 3570 tetradraekmr's
395 3515 493 3589 vulgo.
