2370 3878
323 171 582 227 EPISTOLARUM
601 171 649 227 ΙΙΙ.
668 176 745 226 82-5.
970 172 1013 238 65

51 317 244 405 gentiesime
262 315 306 381 M.
322 314 477 381 Octavius
496 313 554 381 On.
571 316 594 381 f.
613 315 847 380 demonstravit
868 337 919 381 me
943 322 1012 383 ate

53 405 188 492 plurimi
209 405 293 487 fieri3
323 405 409 489 quod
437 408 565 490 egomet
592 405 703 469 multis
726 405 925 490 argumentis
948 406 1014 470 iem

55 498 154 559 antec
167 491 343 558 iudicaram
361 494 561 577 maximeque
575 493 631 558 illo
645 492 727 558 libro
743 493 899 578 augurali,
918 515 1013 578 quem

52 582 98 647 ad
125 602 178 647 me
206 581 424 645 amantissime
452 582 607 666 scriptum
638 581 863 646 suavissimum
889 583 1013 647 misisti.

54 669 132 735 Mea
152 670 189 733 in
211 672 244 733 te
262 670 371 733 omnia
389 690 531 734 summae
550 670 795 735 necessitudinis
814 670 921 735 officia
939 682 1048 736 oon-r

56 758 205 840 stabuut3
232 776 309 821 nam
332 779 431 841 quum
452 759 626 843 teipsum,
654 780 692 823 er
720 780 784 842 quo
806 762 951 843 tempore
977 763 1015 824 tu

55 868 108 913 me
131 845 265 931 diligere
293 846 440 930 coepisti,
467 847 609 929 quotidie
638 847 740 931 pluris
761 847 839 931 feci,
865 851 936 911 tum
964 868 1014 912 ao·

53 936 225 1000 cesserunt
244 934 342 998 etiam
360 933 603 998 coniunctiones
617 936 871 1000 necessariorum
884 938 1016 1000 tuorum

56 1021 189 1087 -duo
221 1021 308 1086 euim
336 1021 472 1086 duarum
499 1025 641 1086 aetatum
670 1024 800 1106 plurimi
826 1023 925 1106 facio,
957 1021 1014 1088 On.

54 1110 258 1195 Pompeium,
280 1109 364 1174 filiae
387 1112 462 1173 tuae
486 1130 644 1192 socerum,
667 1114 700 1173 et
721 1109 764 1175 M.
787 1109 939 1194 Brutum,
962 1131 1015 1196 ge·

54 1220 174 1263 nerum
199 1202 292 1262 tuum
316 1233 358 1245 -
382 1197 572 1282 collegiiqne
600 1197 796 1283 coniunctio,
827 1201 1016 1283 praesertim

54 1291 128 1351 tam
149 1286 326 1351 honorifice
354 1289 428 1350 ate
453 1285 644 1370 approbata,
671 1307 739 1351 non
766 1287 924 1352 mediocre
947 1288 1015 1352 vin·

56 1375 168 1440 culum
190 1374 271 1438 mihi
294 1373 423 1457 quidem
446 1375 593 1439 attulisse
615 1374 742 1439 videtur
769 1375 810 1439 ad
832 1376 1015 1440 voluntates

57 1465 189 1528 nostras
212 1461 418 1546 copulandas.
456 1460 518 1526 Sed
542 1467 583 1547 et,
606 1463 633 1526 si
656 1460 804 1528 Clodium
826 1485 1016 1548 convenero,

59 1572 100 1615 ex
122 1550 208 1615 illius
232 1571 379 1616 sermone
403 1550 444 1614 cd
466 1554 499 1615 te
523 1551 660 1615 scribam
682 1552 776 1635 plura
798 1552 921 1636 etipse
943 1574 1016 1636 ope·

57 1660 131 1703 ram
148 1638 236 1702 dabo
259 1641 292 1702 te
315 1642 353 1702 ut
375 1640 632 1722 quamprimum
654 1639 789 1704 videam.
825 1638 918 1715 Quod
941 1641 1016 1705 seri·

58 1726 111 1790 bis
133 1726 194 1791 tibi
216 1726 369 1790 manendi
392 1747 522 1792 causam
545 1748 616 1792 eam
638 1727 746 1812 fuisse,
768 1732 806 1792 ut
828 1748 879 1792 me
903 1749 1015 1793 eonve-

58 1814 157 1899 umes,
179 1814 213 1879 id
236 1814 325 1898 mihi,
348 1834 390 1878 ne
412 1815 560 1900 mentiar,
583 1820 632 1880 ast
655 1819 792 1900 gratum.

517 2007 558 2074 V.

159 2117 215 2173 Sur.
234 2118 374 2177 Trallibus
393 2136 417 2175 a.
437 2119 464 2174 d.
483 2119 530 2174 VI.
549 2119 611 2174 Kal.
632 2119 706 2175 Sext.
726 2137 750 2176 a.
770 2138 796 2175 u.
817 2137 839 2176 c.
860 2126 919 2177 703.

259 2245 301 2299 M.
320 2244 449 2301 CICERO
469 2244 496 2300 S.
514 2245 548 2299 D.
567 2245 622 2300 ΑΡ.
642 2243 817 2300 PULCHRO.

130 2342 253 2409 Tralles
271 2345 346 2410 reni
365 2366 392 2408 a.
411 2344 440 2408 d.
459 2359 505 2408 VI.
522 2343 595 2408 Kal.
614 2343 698 2409 Sext.
731 2344 782 2409 lbi
796 2346 876 2411 mihi
889 2348 1017 2431 praesto
1038 2361 1052 2411 1

60 2432 126 2496 fuit
148 2432 184 2497 L.
206 2432 349 2498 Lucilius
373 2453 446 2497 oum
467 2432 583 2496 litteris
606 2433 830 2517 mandatisque
851 2435 930 2518 tuis3
954 2457 1017 2518 quo

63 2519 192 2604 quidem
213 2520 379 2586 hominem
401 2521 563 2585 neminem
589 2522 724 2604 potuisti
746 2542 806 2585 nae
833 2522 912 2586 mihi
940 2524 1018 2586 ami·

61 2608 182 2673 aierem
203 2630 277 2693 nec,
303 2612 342 2674 ut
369 2608 520 2692 arbitror,
548 2608 651 2674 adea
677 2609 913 2695 cognoscenda,
936 2630 1018 2692 quae

61 2695 143 2761 scire
174 2697 336 2782 volebam,
374 2698 531 2781 aptiorem
567 2697 846 2781 prudentioremve
877 2697 1019 2780 mittere;

60 2803 124 2869 ego
152 2788 260 2850 autem
287 2788 320 2850 et
346 2788 420 2850 tuas
446 2785 571 2849 litteras
598 2785 663 2870 legi
690 2785 828 2849 libenter
851 2789 884 2849 et
910 2785 1019 2850 audivi

61 2870 222 2937 Lucilium
245 2873 424 2959 diligenter.
461 2872 566 2957 Nunc,
588 2873 742 2956 quoniam
764 2876 798 2937 et
818 2877 855 2938 tu
877 2874 925 2939 ita
947 2896 1017 2939 sen·

60 2958 105 3023 tis
129 2995 171 3006 -—-
194 2961 307 3026 scribis
331 2961 426 3041 enim
449 2982 530 3045 quae
554 2961 592 3024 de
615 2961 735 3026 nostris
754 2961 869 3026 officiis
892 2983 953 3049 ego
976 2962 1017 3026 ad

60 3050 96 3108 te
134 3047 327 3134 scripserim,
367 3049 428 3113 etsi
461 3049 522 3113 tibi
557 3049 697 3114 iucunda
727 3050 861 3133 fuerint,
898 3055 1018 3134 tamen,

62 3131 219 3216 quoniam
249 3156 289 3200 ex
315 3138 381 3202 alto
408 3137 546 3222 repetita
573 3137 652 3222 sint,
683 3159 751 3202 non
777 3139 959 3202 necessaria
984 3141 1017 3201 te

134 3287 186 3358 Ep.
206 3293 231 3359 4,
245 3295 270 3344 2.
307 3292 400 3349 omnia
417 3309 536 3350 sammua
553 3309 609 3349 uec.
634 3294 737 3362 (Man).
783 3309 807 3348 o.
830 3309 936 3348 samma
959 3308 1015 3347 aec.

61 3358 109 3427 M,
128 3359 222 3432 vulgo.
243 3390 276 3403 -
299 3364 408 3419 tauram
426 3394 460 3404 -
478 3365 533 3420 duo
612 3369 690 3420 tuam
707 3395 743 3405 -
761 3364 917 3433 celicolique
941 3362 988 3430 (W
990 3366 1016 3431 .).

61 3433 97 3483 t„-
114 3429 169 3486 duo
250 3435 286 3497 t.‚·
303 3435 372 3487 conl.
390 3434 421 3488 B.
440 3464 474 3474 -
493 3436 563 3491 dubo
581 3439 607 3490 te
625 3435 700 3503 (W.).
737 3435 773 3502 d,
791 3439 816 3489 te
833 3432 927 3502 vulgo.
964 3432 1016 3503 Ep.

60 3504 126 3567 5,1.
163 3503 271 3557 tomice
288 3504 422 3558 acclinem
440 3504 525 3577 (er

115 3588 228 3632 Ciceronis
240 3592 301 3640 epau
315 3593 336 3634 1.
805 3600 826 3651 ξ)
