2370 3878
103 772 118 822 1

103 1477 118 1524 2

136 174 201 238 284
419 173 456 227 M.
476 172 600 227 TULLII
619 172 810 227 CICERONIS

572 420 661 486 XIX.

302 533 359 588 Sor.
372 534 484 588 Romae
502 550 598 590 mense
618 533 718 588 Sextili
737 549 761 587 a.
781 551 807 587 u.
828 550 850 587 o.
871 539 930 589 708.

427 657 556 714 CICERO
576 657 602 711 S.
621 657 654 710 D.
675 656 802 710 PAETO.

206 757 327 822 Tamen
351 780 371 821 a
393 758 517 822 malitia
539 779 606 821 non
631 756 778 820 discedis:
805 757 969 821 tenuiculo
997 779 1094 841 appa·

137 850 210 910 ratu
235 846 397 930 significas
421 845 558 911 Balbum
585 845 684 909 fuisse
713 847 910 909 contentum.
954 845 1026 910 Hoc
1049 847 1094 909 vi·

138 935 222 998 cleris
237 934 353 1018 dicere,
372 957 471 1018 quum
490 955 581 1019 reges
596 937 664 996 tam
682 933 748 997 sint
762 933 974 1016 continentes,
992 935 1094 999 multo

138 1023 242 1106 magis
266 1024 450 1087 consulares
473 1043 542 1087 esse
566 1024 722 1105 oportere.
762 1020 876 1085 Nescis
899 1043 950 1085 me
973 1022 1014 1085 ab
1038 1023 1094 1087 illo

139 1111 247 1175 onmia
284 1112 495 1195 expiscatum
530 1114 619 1175 recta
655 1110 740 1173 enim
777 1132 797 1172 a
833 1112 927 1192 porta
964 1111 1095 1174 domurn

137 1221 242 1262 meam
256 1200 277 1278 †
290 1200 417 1264 venisse
440 1219 544 1282 neque
562 1198 624 1262 hoc
646 1198 794 1282 admImr,
817 1198 903 1280 qnod
921 1220 989 1262 non
1004 1221 1095 1262 suam

138 1288 259 1373 potino,
287 1288 343 1351 scd
370 1287 463 1369 illud,
490 1286 575 1369 quod
602 1307 671 1350 non
700 1286 740 1350 ad
769 1307 873 1368 suam3
901 1306 961 1368 ego
986 1290 1095 1350 autem

137 1376 241 1439 tribus
265 1375 376 1458 primis
400 1374 518 1438 verbis:
547 1374 642 1458 „quid
665 1377 776 1437 noster
798 1372 961 1437 Paetus?“
984 1378 1018 1437 at
1040 1375 1094 1438 illc

139 1462 304 1546 adiurans„
330 1483 491 1546 nusquam
518 1483 552 1525 se
579 1483 731 1544 umquam
758 1461 919 1525 libentius.
968 1460 1040 1527 Hoc
1068 1464 1095 1526 si

138 1551 244 1614 uerbis
268 1554 432 1614 assecutus
456 1572 500 1634 es,
522 1570 614 1614 aures
638 1549 678 1613 ad
701 1553 733 1612 te
753 1549 884 1613 afferam
901 1571 969 1614 non
986 1551 1094 1614 minus

110 1683 114 1691 ·
139 1639 317 1723 elegantem
341 1639 391 1702 sin
415 1642 523 1702 autem
546 1638 696 1721 opsonio,
718 1641 793 1720 peto
817 1659 837 1701 a
859 1641 905 1721 te,
927 1658 968 1701 ne
990 1638 1094 1722 pluris

104 2542 117 2590 1

139 1748 208 1791 esse
232 1727 345 1791 balbos
364 1749 462 1810 quam
480 1727 616 1791 disertos
635 1728 737 1809 putes.
773 1724 827 1788 Me
846 1725 986 1809 quotidie
1006 1726 1093 1790 aliud

139 1837 177 1879 cx
206 1816 268 1880 alio
296 1815 443 1900 impedit3
476 1816 544 1897 sed,
572 1815 600 1877 si
626 1835 677 1876 me
701 1812 883 1897 expediero,
910 1814 1008 1878 utin
1030 1815 1093 1878 ista

139 1904 209 1968 loca
232 1904 340 1968 venire
363 1904 499 1988 possim,
525 1924 593 1966 non
616 1902 828 1986 commistam,
855 1905 893 1967 ut
918 1905 952 1966 te
980 1923 1049 1968 sero
1074 1925 1094 1966 a

139 2014 189 2056 me
213 1994 381 2058 certiorem
402 1992 526 2058 factum
548 1994 652 2074 putes.

553 2239 555 2243 .
580 2182 653 2248 XX.

140 2294 195 2348 Ser.
215 2295 319 2349 Romae
338 2312 433 2371 mense
452 2295 552 2350 Sextili
571 2299 646 2364 (post
663 2295 722 2349 VII.
742 2294 775 2348 Κ.
796 2293 881 2362 Sext.)
899 2310 924 2348 a.
943 2313 970 2350 u.
988 2311 1011 2350 o.
1033 2303 1091 2350 708.

475 2418 603 2475 CICERO
621 2418 750 2474 PAETO.

205 2517 385 2602 Dupliciter
412 2518 587 2583 delectatus
611 2541 682 2583 sum
703 2519 768 2583 tuis
791 2518 921 2601 litteris,
948 2521 980 2582 et
1007 2520 1093 2603 quod

138 2607 207 2691 ipse
230 2608 286 2671 risi
310 2611 342 2671 et
365 2607 451 2690 quod
474 2611 505 2670 tc
528 2607 671 2671 intellexi
693 2609 758 2672 iam
780 2628 876 2691 posse
898 2606 1015 2690 ridere3
1041 2630 1093 2672 me

139 2699 247 2759 autem
271 2699 358 2780 ate,
389 2699 426 2759 ut
458 2716 600 2759 scurram
631 2696 773 2780 velitem,
804 2695 897 2758 malis
925 2699 1094 2760 oneratum

139 2804 208 2845 esse
231 2804 298 2847 non
320 2783 456 2847 moleste
478 2783 551 2846 tuli:
578 2783 657 2847 illud
681 2784 783 2867 doleo,
805 2784 840 2848 in
862 2783 926 2847 ista
947 2783 1019 2847 loca
1041 2805 1093 2848 ve-

139 2871 207 2934 nire
231 2893 295 2954 me,
318 2876 355 2935 ut
378 2871 621 2956 constitueram,
647 2893 715 2936 non
741 2873 898 2956 potuisse3
925 2871 1093 2936 habuisses

140 2959 225 3022 enim
248 2979 316 3023 non
337 2960 508 3043 hospitem,
533 2959 589 3024 ned
612 2961 883 3025 contubernalem.
929 2958 975 3023 At
998 2981 1094 3044 quem

209 3150 259 3219 Ep.
277 3157 318 3218 19,
335 3157 357 3204 1.
386 3151 515 3206 discedis:
533 3155 584 3206 ten.
601 3151 730 3220 (Orsen).
768 3150 816 3206 ct?
834 3157 852 3205 t.
868 3151 961 3221 vulgo.
977 3182 1010 3190 -
1025 3155 1094 3218 †oe-

138 3223 210 3276 trisse
227 3237 312 3290 aeque
330 3221 438 3288 (ΜΝ).
483 3223 557 3275 vertit
576 3253 609 3261 -
627 3223 674 3277 recl
692 3221 748 3288 (vel
762 3223 820 3291 etse)
839 3238 924 3291 neque
942 3222 973 3276 iu
989 3222 1095 3292 arona

139 3292 195 3358 (vel
218 3291 308 3345 simile
332 3291 450 3359 aliquid)
478 3308 562 3360 neque
584 3293 633 3346 hoe
713 3293 750 3348 ad
772 3309 851 3347 suom
873 3313 925 3358 -‚·-
953 3307 1000 3361 eqo
1026 3292 1094 3360 (W.)

139 3364 188 3415 aut
210 3363 284 3415 acuit
302 3392 335 3401 -
355 3378 439 3431 neque
463 3362 512 3416 boc
592 3379 671 3417 ruam
688 3383 738 3429 —;
760 3379 807 3433 eqo
831 3362 905 3431 (W.).
952 3364 1026 3417 venit
1038 3362 1094 3431 '(sic

124 3431 218 3497 Selia·
245 3448 334 3501 neque
355 3434 407 3490 tor
487 3447 575 3490 ruam.
604 3448 650 3505 eno
667 3433 699 3487 B.
727 3463 761 3473 -
790 3434 827 3490 od
844 3449 924 3489 suom
943 3433 1010 3504 (Μ.).
1057 3433 1095 3489 oct

107 3512 196 3553 saum
212 3501 333 3576 Bened„
353 3505 384 3563 B.
