2370 3878
127 141 189 206 128
406 142 443 195 Μ.
463 140 585 195 TULLII
603 139 793 196 CICERONIS

127 286 357 352 coniurationis
380 285 530 368 oderunt,
552 284 671 369 partim
699 285 773 345 mibi
800 304 868 349 non
891 283 1028 347 credunt
1052 287 1086 348 et

127 396 210 439 arne
224 374 357 437 insidias
376 377 524 437 metuunt
542 394 601 437 nec
619 376 737 455 putant
756 372 784 436 ei
802 392 952 436 nummos
971 371 1084 436 deesse

126 483 229 545 posse,
252 462 307 544 qui
330 483 369 525 ex
392 462 558 526 obsidione
583 461 782 525 feneratores
806 459 966 523 exemerit.
1009 457 1084 523 0m·

126 551 204 614 nino
229 550 413 614 semissibus
436 569 555 633 magna
578 549 670 632 copia
694 552 755 631 est3
783 569 843 632 ego
872 551 980 611 autem
1002 548 1084 612 meis

126 639 221 702 rebus
245 638 344 721 gestis
372 638 435 702 hoo
459 659 529 701 sum
553 639 731 720 assecutus,
759 639 797 700 ut
819 636 941 700 bonum
963 656 1085 700 nomen

92 726 297 789 sexistimer.
341 725 483 790 Domum
505 728 596 789 tuam
618 728 714 807 atque
738 723 993 789 aedificationem
1018 745 1084 788 om·

126 835 201 877 nem
228 814 376 898 perspexi
408 817 442 877 et
468 813 673 877 vehementer
700 812 843 895 probavi.
892 809 1084 894 Antonium,

127 903 187 965 etsi
210 903 277 966 eius
300 903 335 966 in
357 923 408 966 me
432 901 538 966 officia
551 922 672 979 ,omnes
697 900 892 983 desiderant,
914 902 1027 963 tamen
1047 899 1085 963 in

127 994 241 1055 senatu
273 991 461 1075 gravissime
494 1011 531 1054 ac
563 988 805 1073 diligentissime
834 987 963 1051 defendi
991 1008 1084 1051 sena-

125 1081 259 1162 tumque
281 1079 487 1144 vehementer
510 1079 655 1143 oratione
678 1098 750 1140 mea
773 1079 868 1159 atque
890 1075 1084 1140 auctoritate

127 1168 293 1233 commovi.
330 1166 380 1231 Tu
403 1167 443 1231 ad
467 1187 517 1229 me
539 1166 636 1230 velim
657 1165 782 1228 litteras
801 1163 941 1229 crebrius
963 1164 1083 1228 mittas.

473 1342 478 1349 ’
567 1372 640 1438 vu,

409 1483 466 1539 Ser.
486 1483 591 1539 Romae
610 1501 634 1539 a.
654 1504 680 1538 u.
700 1502 723 1540 c.
743 1476 802 1539 692.

127 1609 163 1664 Μ.
183 1606 337 1663 TULLIUS
360 1607 398 1661 M.
417 1607 448 1660 E.
468 1606 595 1662 CICERO
615 1607 641 1662 S.
660 1607 693 1660 D.
714 1607 769 1661 CN.
795 1606 955 1662 POMPEIO
974 1605 1031 1662 CN.
1051 1607 1081 1662 T.

409 1677 539 1733 MAGNO
559 1678 791 1733 IMPERATORI.

94 1792 108 1839 1
195 1777 226 1844 S.
254 1778 289 1842 T.
316 1777 354 1843 E.
382 1778 418 1854 Q.
441 1776 481 1842 V.
508 1776 545 1841 B.
573 1775 611 1841 E.
665 1775 716 1841 Ex
746 1778 861 1842 litteris
892 1778 970 1860 tuis,
1002 1798 1083 1860 quas

128 1869 255 1953 publice
277 1867 401 1951 misisti,
425 1866 494 1950 cepi
517 1887 673 1930 unacum
694 1866 843 1930 omnibus
862 1864 1082 1930 incredibilem

129 1959 340 2040 voluptatem3
362 1959 488 2020 tantam
503 1955 588 2018 enim
603 1975 691 2037 spem
706 1954 764 2018 otii
784 1953 962 2042 ostendisti,
982 1974 1082 2036 quan-

128 2048 196 2108 tam
220 2065 279 2128 ego
303 2066 428 2127 semper
450 2044 599 2107 omnibus
621 2045 654 2105 tc
677 2064 742 2106 uno
765 2042 867 2106 fretus
894 2041 1082 2125 pollicebar3

130 2131 185 2194 sed
212 2132 275 2194 hoo
302 2133 381 2195 scito
388 2182 396 2213 ,
427 2135 501 2195 tuos
528 2133 650 2195 veteres
678 2130 801 2214 hostes,
832 2151 934 2195 novos
962 2128 1082 2194 amicos

129 2218 335 2282 vehementer
360 2219 477 2281 litteris
503 2218 667 2300 perculsos
695 2221 791 2301 atque
818 2239 857 2282 ex
883 2237 1004 2302 magna
1026 2237 1082 2301 spe

96 2326 111 2374 a
130 2305 317 2370 deturbatos
339 2306 451 2369 iacere.
496 2302 549 2368 Ad
571 2325 621 2367 me
645 2307 752 2369 autem
775 2307 899 2371 litteras
922 2327 1002 2389 quas
1024 2304 1082 2369 mi-

132 2394 210 2478 sisti,
233 2415 426 2478 quamquam
449 2392 597 2477 exiguam
616 2391 884 2478 significationem
907 2396 983 2458 tuae
1005 2413 1083 2479 erga

35 2565 38 2569 y
94 2554 97 2560 ¹
131 2503 181 2545 me
205 2482 380 2547 voluntatis
398 2481 571 2564 habebant,
593 2483 704 2545 tamen
725 2483 805 2546 mihi
828 2481 1083 2553 scitoiucundas

131 2571 243 2653 fuisse3
265 2570 355 2634 nulla
379 2570 464 2633 enim
486 2590 521 2632 re
543 2572 611 2632 tam
633 2570 747 2634 laetari
770 2572 857 2636 soleo
878 2591 975 2653 quam
997 2590 1083 2634 meo-

16 2668 20 2673 '
131 2681 203 2723 rum
226 2659 405 2722 officiorum
432 2657 641 2740 conscientia,
670 2658 785 2740 quibus
809 2658 988 2742 siquando
1015 2679 1084 2722 non

132 2750 241 2810 mutue
269 2746 493 2830 respondetur,
525 2745 611 2829 apud
637 2767 688 2809 me
715 2747 788 2829 plus
820 2746 919 2810 officii
945 2745 1084 2811 residere

131 2834 283 2897 facillime
305 2834 424 2916 patior:
451 2834 531 2898 illud
553 2855 621 2897 non
644 2833 769 2917 dubito,
793 2835 884 2919 quin,
907 2834 935 2898 si
957 2837 990 2898 te
1012 2854 1085 2897 mea

133 2943 257 2984 summa
279 2943 357 3006 erga
377 2926 410 2986 te
434 2922 540 2986 studia
558 2943 672 3005 parum
689 2922 770 2986 mihi
788 2923 1011 3006 adiunxerant,
1033 2943 1084 2986 res

132 3010 347 3093 publicanos
376 3011 460 3074 inter
486 3031 546 3075 nos
576 3009 786 3074 conciliatura
812 3011 1085 3093 coniuncturaque

98 3099 184 3165 asit.
228 3097 287 3182 Ac,
308 3119 349 3163 ne
372 3098 515 3182 ignores,
538 3098 614 3181 quid
637 3118 697 3181 ego
720 3099 754 3162 in
776 3099 841 3163 tuis
864 3099 981 3163 litteris
1003 3099 1086 3162 desi·

133 3184 283 3271 derarim,
310 3186 447 3250 scribam
475 3189 597 3270 aperte,
629 3186 711 3249 sicut
742 3190 775 3251 et
806 3209 878 3251 mea
904 3190 1022 3252 natura
1053 3190 1087 3251 et

203 3394 254 3464 Ep.
275 3401 299 3464 6,
314 3400 339 3449 2.
372 3395 639 3462 concicilium
656 3395 770 3450 cedunt
788 3396 863 3466 (W.).
894 3411 925 3465 p.
944 3412 972 3451 n.
987 3411 1024 3451 cr.
1038 3395 1086 3464 M„

134 3465 227 3536 vulgo.
262 3465 314 3535 Ep.
326 3472 350 3533 7,
361 3471 385 3519 2.
404 3466 593 3520 adiunxerant
602 3465 707 3536 (Crat).
745 3467 926 3522 adiunxerant
933 3466 1086 3538 M.,vulgo.
