2370 3878
182 167 247 230 466
464 170 500 222 Μ.
521 168 644 224 TULLII
662 166 852 222 CICERONIS

184 312 213 375 ei
234 312 348 375 volunt
379 312 508 375 solvere.
558 311 748 395 Pergratum
775 311 875 396 igitur
906 310 988 374 mihi
1021 311 1144 394 feceris,

185 398 335 482 quoniam
349 420 415 462 non
428 399 524 463 modo
542 400 657 484 reliqui
670 403 802 482 tutores,
823 399 878 483 qui
893 399 1009 481 sciunt,
1030 401 1142 484 quanti

184 507 234 548 me
266 486 378 568 facias,
412 486 467 550 sed
494 487 591 550 etiam
609 508 698 570 ¹puer
723 487 792 569 ipse
821 486 882 550 sibi
896 512 899 518 ·
913 488 1081 569 persuasit
1112 493 1142 552 te

185 573 292 636 omnia
324 594 395 636 mea
427 595 522 638 causa
551 575 710 638 facturum
737 595 819 658 csse,
852 574 880 638 si
912 573 1040 639 dederis
1070 597 1141 659 ope-

183 682 262 742 ram,
286 661 391 744 quoad
412 664 469 724 tua
486 662 564 726 fides
584 663 787 746 dignitasque
809 663 959 745 patietur,
982 666 1021 725 ut
1046 685 1141 748 quam

183 748 355 831 plurimum
390 750 543 832 pecuniae
579 749 696 815 Pinnio
734 751 876 814 solvatur
911 747 1140 838 Nicaeensium

183 857 321 901 nomme.

608 1028 711 1099 LXII.

342 1139 398 1195 Ser.
421 1140 452 1194 in
470 1140 568 1195 Cilicia
591 1143 708 1197 exeunte
732 1157 804 1196 anno
826 1158 854 1196 u.
873 1158 896 1197 c.
917 1146 978 1197 ios.

376 1263 412 1316 Μ.
428 1262 555 1318 CICERO
571 1264 597 1318 S.
612 1264 644 1318 D.
659 1265 688 1318 Ρ.
704 1263 798 1320 SILIO
813 1264 941 1319 PROPE.

248 1359 295 1426 Et
310 1362 344 1425 in
359 1360 451 1425 Atilii
468 1363 597 1447 negotio
615 1366 648 1426 te
667 1363 827 1427 amavi-
843 1387 941 1447 quum
961 1365 1050 1429 enim
1069 1386 1137 1430 sero

183 1449 352 1532 venissem,
369 1453 479 1514 tamen
496 1451 667 1515 honestum
686 1452 825 1536 equitem
839 1451 1026 1516 Romanum
1045 1453 1136 1518 bene·

184 1537 255 1600 ficio
277 1540 333 1601 tuo
356 1539 540 1602 conservavi
554 1576 606 1623 -,
628 1543 661 1603 et
683 1539 861 1603 mehercule
885 1561 1013 1624 semper
1037 1541 1138 1605 sicin

186 1624 292 1689 animo
315 1625 426 1708 habui,
453 1629 485 1689 te
508 1626 543 1690 in
564 1648 636 1691 meo
652 1636 732 1692 'aere
755 1649 824 1692 esse
850 1632 984 1711 propter
1005 1627 1136 1692 Lamiae

185 1713 288 1778 nostri
311 1714 567 1779 coniunctionem
590 1720 622 1779 et
644 1715 839 1799 singularem
859 1717 1136 1781 necessitudinem.

185 1802 299 1886 Itaque
317 1803 456 1885 primum
469 1803 530 1867 tibi
549 1823 609 1887 ago
624 1804 754 1887 gratias,
773 1803 858 1887 quod
871 1825 922 1867 me
937 1805 1028 1868 omni
1042 1806 1137 1869 mole·

186 1891 248 1956 stis
261 1890 418 1974 liberasti3
437 1891 550 1955 deinde
563 1892 762 1974 impudentia
776 1912 961 1976 prosequor,
979 1893 1038 1957 sed
1056 1893 1137 1958 idem

188 1980 321 2043 sarciam
340 2015 382 2026 -·
400 1982 433 2043 te
456 1980 541 2043 enim
564 2000 689 2063 semper
711 1980 756 2044 sie
779 1981 882 2044 colam
910 1982 943 2043 et
965 1980 1083 2045 tuebor
1104 1984 1139 2044 ut

188 2089 281 2151 quem
305 2067 547 2152 diligentissime
560 2091 618 2130 -ε
643 2066 797 2142 Quintum
819 2068 952 2132 fratrem
970 2088 1090 2152 meum,
1113 2069 1140 2132 si

186 2177 237 2218 me
260 2155 376 2239 diligis,
398 2175 435 2220 eo
458 2176 590 2219 numero
614 2177 690 2219 cura
711 2159 749 2219 ut
769 2155 898 2239 habeas,
922 2157 985 2240 quo
1004 2177 1072 2220 me:
1095 2157 1141 2220 ita

187 2263 341 2327 magnum
363 2243 550 2309 beneficium
572 2246 664 2307 tuum
686 2264 805 2328 magno
828 2244 953 2308 cumulo
978 2244 1114 2308 auxeris.

604 2437 720 2502 LXIII.

298 2547 355 2605 Ser.
375 2548 528 2602 Laodiceae
545 2565 639 2604 mense
658 2547 810 2604 Februario
829 2563 854 2601 a.
873 2565 900 2601 u.
920 2564 942 2602 c.
964 2553 1025 2603 704.

364 2672 402 2726 Μ.
422 2670 550 2726 CICERO
571 2671 597 2727 S.
616 2672 648 2726 D.
667 2672 697 2725 P.
718 2671 810 2727 SILIO
829 2672 957 2727 PROPR.

154 2786 168 2834 1
202 2770 206 2777 ’
254 2770 330 2836 Non
352 2771 463 2856 putavi
485 2771 552 2834 fieri
574 2793 682 2855 posse,
705 2777 741 2836 ut
763 2772 843 2836 milri
864 2773 962 2837 verba
985 2772 1143 2855 deessent,

190 2860 244 2923 sed
275 2864 385 2925 tamen
416 2859 451 2923 in
481 2857 524 2923 M.
556 2857 676 2924 Laenio
708 2860 959 2925 commendando
993 2860 1142 2943 deerunt;

188 2949 297 3032 itaque
324 2969 392 3012 rem
419 2947 480 3012 tibi
507 2969 664 3031 exponam
691 2949 800 3034 paucis
822 2948 941 3031 verbis,
968 2950 1068 3028 †sed
1095 2953 1142 3013 ia·

189 3058 272 3121 men,
294 3039 331 3101 ut
352 3037 447 3119 plane
474 3036 651 3119 perspicere
675 3037 778 3120 possis
805 3038 1005 3100 voluntatem
1028 3059 1143 3101 meam.

259 3210 311 3280 Ep.
331 3217 373 3266 61.
396 3210 548 3279 plurimum
560 3211 695 3278 proseriae
709 3210 774 3278 (m).
806 3210 930 3277 primam
943 3211 1067 3276 peceato
1080 3211 1142 3264 edd.

189 3283 268 3350 vett,
286 3281 317 3334 Β.
367 3280 418 3350 Ep.
439 3287 480 3335 62.
518 3281 640 3334 liberasti
663 3279 756 3348 (Era).
806 3280 907 3334 liberas
929 3279 976 3345 Μ.,
994 3281 1090 3351 vulgo,
1110 3311 1143 3321 -

190 3353 252 3418 lib.;
275 3351 628 3406 deiode...sareiam—
646 3354 671 3403 ie
759 3349 807 3404 dil.
830 3370 880 3404 —.·
904 3348 935 3420 Q.
960 3350 1036 3418 (W.).
1088 3352 1144 3416 lic,

191 3423 216 3475 d.
237 3463 260 3476 ..
280 3437 317 3486 s.;
334 3427 359 3476 te
438 3421 649 3488 diligentissime.
679 3419 710 3486 Q.
736 3419 766 3473 B.
800 3420 868 3497 Ep.
888 3426 970 3486 63,1.
1006 3424 1087 3486 †sed
1104 3425 1144 3476 ta·

178 3515 247 3568 enee,
269 3503 303 3556 et
315 3497 390 3570 (W).
408 3495 441 3554 Β.
457 3494 516 3552 sine
529 3494 547 3560 †
561 3494 601 3550 sie
617 3497 648 3562 t,
664 3497 697 3549 ut
710 3492 844 3562 OEengell
864 3493 914 3546 aut
931 3491 973 3545 ita
991 3496 1020 3557 t,
1039 3496 1072 3544 oi
1087 3493 1147 3561 (E).
