2370 3878
353 172 615 254 1111111111
634 174 654 226 1.
674 179 698 227 e.
965 171 1009 234 23

47 321 212 404 culpa,
161 354 203 366 -
234 321 363 382 tantum
385 316 491 382 dicam
513 316 626 468 brevi,t
633 338 701 382 non
723 314 803 380 mihi
826 315 1009 399 exercitum,

47 408 108 472 sed
132 369 227 473 duods
250 406 398 470 defuisse
433 404 475 469 In
493 426 610 488 quo,u
588 404 708 468 utiam
731 403 799 468 sit
790 425 825 467 m
847 403 887 469 iis
885 404 1010 505 pulpa,

49 496 108 580 qui
130 517 181 559 me
204 516 272 559 non
295 492 516 576 defenderunt,
493 495 606 557 tnon
629 492 735 557 minor
758 492 834 556 est
824 514 860 556 m
882 491 932 574 iis,
955 491 1010 575 qui

50 584 303 666 reliquerunt,e
286 585 335 665 e,t
355 581 382 646 si
405 580 577 646 accusandi
599 583 688 663 sunt,
711 581 739 645 si
762 581 817 664 qui
839 580 1010 664 pertimue-

51 675 142 752 runt,
166 671 268 755 magis
292 670 389 734 etiam
411 668 679 754 reprehendendi,
707 668 735 733 si
763 669 818 752 qui
841 690 874 732 se
897 669 1010 733 timere

50 722 260 824 simularunt:
291 758 372 822 illud
399 757 527 843 quidem
555 761 640 821 certe
666 759 814 821 nostrum
841 757 1011 821 consilium

51 849 122 912 iure
145 847 343 911 laudandum
366 849 428 931 est,
456 846 511 929 qui
532 867 622 910 meos
652 845 736 909 cives
760 847 792 908 et
819 867 840 908 1
861 866 912 909 me
936 866 1010 910 con-

52 938 199 1000 servatos
222 939 254 998 11
281 956 332 999 me
355 954 482 998 servare
506 933 670 1018 cupientes
698 933 853 1017 spoliatos
877 933 1011 999 ducibus

52 1024 155 1089 servis
169 1023 301 1087 armatis
316 1022 411 1087 obiici
424 1023 583 1087 noluerim
604 1021 821 1105 declararique
835 1021 1012 1104 maluerim,

55 1115 178 1196 quanta
199 1111 248 1177 vis
272 1131 341 1175 esse
364 1110 524 1194 potuisset
544 1109 581 1173 in
603 1130 762 1173 consensu
784 1108 957 1192 bonorum,
985 1110 1013 1173 si

54 1201 94 1264 iis
117 1221 176 1283 pro
199 1221 250 1264 me
273 1201 382 1264 stante
399 1219 545 1283 pugnare
563 1197 713 1281 licuisset,
736 1218 836 1280 quum
856 1196 1013 1261 efflictum

56 1288 195 1352 excitare
213 1288 408 1370 potuissent,
431 1308 567 1370 quorum
586 1285 714 1369 quidem
732 1285 875 1350 animum
894 1289 930 1349 tu
946 1307 1013 1349 non

56 1375 248 1460 perspexisti
271 1375 388 1458 solum,
415 1396 515 1458 quum
542 1374 581 1437 de
603 1395 654 1437 me
678 1393 804 1474 ageres,
832 1373 887 1438 sed
915 1374 1013 1437 etiam

56 1462 317 1528 confirmastit
282 1466 378 1546 atque
409 1462 552 1527 tenuisti
601 1461 711 1537 Qua'
701 1483 737 1525 m
768 1483 926 1526 11111-
945 1483 1013 1525 111
1033 1482 1066 1530 rr

57 1550 153 1616 modo
176 1571 244 1614 non
266 1550 406 1634 negabo,
434 1551 490 1615 sed
513 1550 611 1614 etiam
634 1571 759 1633 semper
782 1553 815 1614 et
837 1550 1012 1614 meminero

58 1642 91 1702 et
113 1639 304 1721 praedicabo
332 1638 470 1702 libenter
483 1675 525 1684 -
540 1660 617 1702 1111
644 1660 679 1703 es
709 1637 900 1722 quibusdam
922 1638 1013 1702 nobi·

58 1725 188 1790 lissimis
219 1726 404 1791 hominibus
436 1726 623 1791 fortioribus
655 1726 691 1790 in
722 1748 773 1790 me
805 1726 1014 1809 restituendo,

60 1836 157 1897 quam
183 1813 313 1880 fuerant
338 1814 436 1877 iidem
457 1815 493 1879 in
518 1814 673 1879 tenendo:
703 1836 766 1897 qua
792 1814 828 1878 in
855 1815 1015 1878 sententia

61 1903 88 1964 si
120 1905 267 1965 constare
303 1902 494 1984 voluissent,
531 1923 623 1966 suam
659 1901 884 1966 auctoritatem
901 1950 903 1955 .
921 1901 1016 1965 simul

59 2009 134 2053 cum
157 1989 259 2051 salute
282 2009 355 2050 mea
372 1992 624 2072 recuperassent,
645 1989 796 2052 recreatis
815 1989 902 2052 enim
921 1988 1016 2053 bonis

59 2075 139 2140 viris
162 2075 331 2139 consulatu
353 2077 410 2139 tuo
434 2078 467 2138 et
484 2076 753 2140 constantissimis
771 2080 867 2160 atque
886 2077 1015 2160 optimis

60 2162 242 2236 actionibus
260 2163 325 2226 tuis
344 2163 499 2247 excitatis,
518 2160 576 2227 Cn.
593 2162 746 2248 Pompeio
765 2165 954 2249 praesertim
975 2166 1017 2229 ad

61 2271 193 2316 causam
210 2251 371 2334 adiuncto,
394 2273 493 2334 quum
511 2251 609 2315 etiam
623 2249 741 2317 Caesar
758 2253 853 2318 rebus
869 2254 1016 2317 maximis

61 2339 162 2424 gestis
189 2338 406 2423 singularibus
431 2343 568 2416 ¹ornatus
596 2344 628 2404 et
654 2340 747 2405 novis
774 2341 951 2406 honoribus
980 2363 1017 2405 ac

61 2427 186 2491 iudiciis
210 2430 340 2491 senatus
364 2427 404 2491 ad
426 2428 652 2493 auctoritatem
675 2429 743 2493 eius
766 2429 887 2494 ordinis
906 2429 1017 2493 adiun-

62 2517 205 2600 geretur,
229 2515 311 2579 nulli
334 2515 480 2599 improbo
505 2516 566 2580 civi
588 2517 678 2581 loeus
701 2516 742 2580 ad
765 2518 1018 2600 rempublicam

62 2603 247 2667 violandam
265 2625 334 2668 esse
352 2604 524 2688 potuisset3
546 2604 602 2668 sed
625 2605 765 2688 attende,
789 2626 917 2688 quaeso,
936 2625 1017 2687 quae
1038 2622 1071 2670 15

31 2710 35 2715 ·
63 2691 130 2754 sint
152 2695 333 2756 consecuta.
367 2691 512 2756 Primum
533 2692 590 2756 illa
611 2692 697 2756 furia
719 2692 924 2756 muliebrium
946 2692 1018 2755 reli·

64 2779 206 2862 gionum,
229 2779 284 2862 qui
306 2801 373 2844 non
395 2780 497 2863 pluris
517 2781 640 2845 fecerat
656 2778 784 2845 Bonam
807 2779 900 2844 deam
922 2803 1019 2864 quam

62 2870 129 2931 tres
152 2888 287 2950 sorores,
308 2867 535 2951 impunitatem
558 2871 608 2932 est
629 2868 758 2933 illorum
778 2868 946 2932 sententiis
970 2891 1019 2933 as-

64 2957 206 3039 secutus,
228 2955 296 3038 qui,
319 2977 418 3038 quum
439 2956 588 3020 tribunus
610 2957 653 3039 pl.
675 2977 797 3040 poenas
825 2977 845 3020 a
867 2956 1018 3021 seditioso

64 3042 127 3105 civi
149 3062 207 3125 per
229 3042 332 3107 bonos
359 3044 445 3109 viros
468 3044 585 3108 iudicio
608 3044 757 3127 persequi
779 3044 890 3127 vellet,
917 3065 1019 3108 exem-

63 3130 156 3213 plum
177 3130 467 3212 praeclarissimum
488 3131 523 3195 in
550 3135 716 3214 posterum
737 3130 949 3196 vindicandae
973 3150 1020 3194 se·

65 3216 197 3282 ditionis
221 3217 259 3282 de
281 3240 315 3282 11
338 3219 468 3303 publica
495 3220 695 3284 sustulerunt
720 3219 880 3303 iidemque
907 3220 1021 3301 postea

64 3327 132 3370 non
146 3327 253 3371 meum
266 3311 512 3371 monumentum
523 3343 566 3353 -
580 3327 648 3371 111
662 3307 748 3372 enim
761 3308 835 3371 illae
849 3304 1020 3369 manubiae
1118 3350 1121 3355 -

64 3414 164 3478 meae,
187 3394 244 3458 sed
267 3395 372 3478 operis
393 3395 512 3460 locatio
535 3414 609 3459 mea·
630 3395 737 3460 fuerat
755 3431 812 3478 -,
833 3414 1020 3457 monumen·

64 3483 135 3546 tum
152 3502 229 3559 vero
249 3485 380 3547 senatus
397 3482 509 3547 hostili
526 3483 657 3549 nomine
672 3488 706 3548 et
723 3481 870 3549 cruentis
880 3480 1039 3546 inustum
