2370 3878
181 166 246 231 436
462 167 500 220 Μ.
519 165 641 220 TULLII
661 165 853 221 CICERONIS

613 414 702 479 m.
1170 438 1179 525 ι

436 524 494 580 Ser.
522 526 626 580 Romoe
656 543 681 579 a.
709 545 735 580 u.
762 543 785 580 e.
815 532 875 581 708.
1169 518 1179 579 l

472 649 599 704 CICERO
619 649 750 704 SERVIO
770 650 845 702 SAL.

149 766 163 814 1
249 746 331 814 Cum
357 747 484 833 Lysone
511 749 659 813 Patrensi
687 751 736 813 est
762 749 842 812 mihi
874 749 1006 833 quidem
1034 749 1137 837 hospi-

182 838 264 901 tium
286 843 388 922 vetuS,
410 860 508 921 quam
530 859 591 922 ego
609 838 879 902 necessitudinem
898 843 1013 903 sancte
1036 842 1137 906 colen-

183 926 257 989 dam
279 931 372 1010 put03
400 927 455 991 sed
483 948 521 990 ea
543 947 641 990 causa
667 926 766 989 etiam
793 947 866 989 cum
895 927 969 990 aliis
998 931 1137 1014 complu·

182 1014 284 1099 ribuS,
310 1015 513 1079 familiaritas
539 1018 633 1078 tanta
659 1015 749 1078 nullo
773 1035 846 1077 cum
868 1014 1013 1099 hospite,
1041 1021 1077 1081 et
1104 1038 1138 1081 ea

183 1126 281 1186 quum
305 1104 419 1168 officiis
443 1104 510 1168 eius
533 1103 656 1185 multis,
682 1105 754 1166 tum
780 1102 878 1167 etiam
906 1105 1137 1169 consuetudine

184 1192 372 1275 quotidiana
399 1193 444 1255 sie
466 1195 516 1256 est
538 1194 646 1271 aucta,
672 1194 710 1254 ut
736 1190 818 1253 nihil
845 1191 888 1255 sit
917 1191 1137 1258 familiaritate

183 1285 295 1344 nostra
317 1280 527 1344 coniunctius.
567 1277 601 1342 is
624 1301 723 1363 quum
745 1278 869 1342 Romae
891 1300 1017 1344 annum
1040 1303 1137 1366 prope

183 1369 230 1431 ita
246 1369 369 1450 fuisset,
391 1371 429 1431 ut
446 1388 571 1432 meeum
589 1367 719 1449 viveret,
741 1367 802 1430 etsi
819 1388 947 1431 eramus
965 1368 1002 1431 in
1020 1391 1137 1454 magna

184 1477 240 1538 spe
258 1458 290 1518 te
309 1457 387 1519 meis
405 1456 520 1519 litteris
539 1455 879 1538 commendationeque
893 1455 1137 1540 diligentissime

183 1544 344 1606 facturum
366 1544 413 1627 id,
439 1544 525 1626 quod
547 1543 665 1626 fecisti,
692 1546 730 1606 ut
751 1543 820 1607 eius
842 1565 910 1607 rem
933 1548 968 1607 et
989 1545 1137 1610 fortunas

185 1632 326 1695 absentis
353 1636 490 1715 tuerere,
521 1635 644 1714 tamen,
676 1632 762 1714 quod
789 1631 824 1694 in
853 1630 949 1695 unius
977 1636 1138 1716 potestate

184 1723 277 1783 erant
300 1719 409 1784 omnia
435 1723 468 1784 et
495 1720 581 1804 quod
603 1724 687 1802 Lyso
710 1719 817 1782 fuerat
843 1719 878 1782 in
905 1723 1020 1784 nostra
1045 1743 1137 1787 causa

184 1809 366 1892 nostrisque
397 1809 578 1893 praesidiis,
610 1808 752 1891 quotidie
784 1807 905 1890 aliquid
932 1808 1137 1892 timebamus,

184 1899 332 1963 effectum
363 1901 473 1962 tamen
504 1900 553 1962 est
580 1899 613 1960 et
639 1896 739 1979 ipsius
767 1895 936 1979 splendore
964 1900 998 1960 et
1027 1902 1137 1962 nostro

184 1988 442 2070 reliquorumque
459 1986 626 2069 hospitum
645 1984 760 2067 studio,
777 1986 815 2047 ut
833 1985 951 2068 omnia,
975 2007 1060 2068 quae
1078 1987 1138 2051 vel-

184 2076 296 2157 lemus,
319 2097 338 2139 a
361 2073 496 2140 Caesare
518 2075 780 2157 impetrarentur,
807 2072 893 2155 quod
915 2072 1081 2158 intelliges
1103 2095 1138 2138 ex

149 2163 225 2228 aiis
256 2163 385 2247 litteris,
416 2185 496 2247 quas
524 2160 642 2227 Caesar
673 2159 714 2224 ad
745 2164 778 2224 te
806 2161 901 2224 dedit.
945 2159 1045 2226 Nunc
1074 2183 1139 2226 non

186 2250 281 2316 modo
310 2274 377 2316 non
403 2252 596 2316 remittimus
622 2249 683 2313 tibi
705 2249 826 2332 aliquid
854 2270 892 2312 ex
918 2253 1034 2313 nostra
1057 2272 1138 2315 eom-

108 2360 111 2365 ·
186 2340 404 2423 mendatione,
427 2340 519 2424 quasi
542 2339 650 2422 adepti
672 2338 737 2401 iam
761 2337 882 2420 omnia,
905 2337 961 2401 sed
984 2358 1023 2402 eo
1048 2339 1138 2403 velie·

186 2428 325 2491 mentius
357 2451 377 2492 a
402 2431 435 2491 te
467 2426 704 2509 contendimus,
730 2429 768 2489 ut
794 2425 955 2510 Lysonem
983 2426 1017 2488 in
1046 2426 1140 2491 tidem

186 2516 516 2599 necessitudinemque
543 2518 633 2579 tuam
660 2514 808 2597 recipias:
838 2513 927 2577 cuius
951 2513 1052 2579 dubia
1077 2515 1139 2579 for·

186 2608 267 2669 tuna
298 2602 440 2668 timidius
471 2605 578 2666 tecum
611 2603 799 2686 agebamus,
830 2603 977 2666 verentes
999 2623 1042 2666 ne
1066 2602 1141 2686 quid

112 2740 116 2749 .
188 2692 345 2756 accideret
366 2690 532 2773 eiusmodi,
554 2693 591 2753 ut
613 2711 654 2752 ne
676 2693 713 2752 tu
731 2690 859 2773 quidem
878 2689 999 2753 mederi
1016 2711 1142 2773 posses;

188 2780 353 2862 explorata
375 2801 451 2844 vero
474 2779 542 2843 eius
565 2777 786 2843 incolumitate
810 2779 919 2843 omnia
941 2799 961 2841 a
984 2781 1017 2841 te
1042 2780 1141 2857 †stu·

188 2867 241 2930 dia
264 2889 388 2932 summo
411 2889 488 2932 cura
510 2871 594 2952 peto.
631 2865 720 2942 Quae
742 2888 783 2931 ne
802 2867 931 2952 singula
949 2887 1142 2951 enumerem,

188 2957 291 3019 totam
313 2955 373 3019 tibi
396 2955 527 3022 domum
549 2955 751 3037 commendo,
773 2955 809 3018 in
830 2955 882 3018 his
905 2953 1143 3021 adolescentem

188 3043 289 3108 filium
312 3042 389 3128 eius,
410 3066 506 3128 quern
520 3042 554 3110 O.
567 3044 715 3109 Maenius
733 3041 903 3127 Gemellus,
925 3043 1026 3109 cliens
1045 3066 1143 3128 meus,

258 3219 310 3289 Ep.
331 3224 411 3287 19,1.
444 3221 528 3286 puto;
546 3218 593 3272 aed
610 3233 643 3272 ea
657 3232 741 3271 causa
755 3217 836 3270 etiam
855 3217 911 3284 (M,
925 3217 1033 3288 vulgo).
1067 3224 1143 3289 puto.

188 3292 236 3346 sed
257 3307 289 3345 eo
312 3305 333 3344 c.
357 3293 395 3343 est
417 3288 499 3341 etiam
523 3287 563 3355 L.,
581 3286 612 3341 B.
663 3293 686 3340 2.
714 3287 845 3352 tetradio
866 3303 969 3342 summo
992 3305 1063 3344 cura
1080 3294 1144 3359 pcto

190 3362 246 3428 (M.¹
261 3361 325 3428 W.).
352 3373 454 3414 summo
468 3359 568 3424 audio,
580 3374 686 3412 summo
699 3374 768 3412 cura
776 3374 806 3426 p.
818 3358 884 3425 (W.)
895 3360 945 3412 aut
957 3375 978 3412 e.
993 3375 1014 3414 s.
1028 3375 1145 3415 summo·

188 3448 239 3501 que
258 3446 326 3484 cura
338 3445 369 3498 p.
392 3429 477 3496 (Asc.)
497 3431 547 3484 aut
564 3444 585 3483 a.
607 3443 628 3484 a.
648 3433 673 3484 et
689 3445 711 3484 s.
730 3444 751 3483 o.
767 3445 798 3498 p.
820 3428 894 3498 (Ν).
930 3430 1023 3486 studio
1040 3446 1145 3487 maimo

181 3517 306 3574 curaque
317 3504 386 3573 peto
405 3498 450 3572 N,
469 3498 502 3557 B.

155 3750 208 3816 A
