2370 3878
128 124 192 189 120
409 125 445 180 Μ.
466 125 590 213 TULLII
608 123 798 180 CICERONIS

579 389 622 455 11.

409 501 465 557 Ser.
484 503 589 557 Romae
604 518 628 556 a.
648 520 674 556 u.
694 519 716 556 e.
737 506 796 556 692.
868 504 878 521 '

125 626 162 680 M.
183 624 337 680 TULLIUS
356 625 392 679 M.
413 625 443 678 F.
463 625 590 679 CICERO
609 623 640 690 Q.
659 624 832 680 METELLO
851 623 882 690 Q.
901 624 932 679 1⁴¹.
948 623 1085 680 CELERI

477 694 624 750 PROCOS.
644 694 670 749 S.
689 695 722 749 D.

93 807 107 854 1
194 795 227 860 Si
249 799 286 859 tu
310 796 529 878 exercitusque
552 795 675 878 valetis,
697 795 779 859 bene
803 797 860 859 est.
897 793 1018 860 Scribis
1042 796 1085 860 ad

126 905 176 947 me
204 887 236 947 te
265 883 463 947 existimasse
491 904 550 968 pro
573 887 685 949 mutuo
712 884 798 947 inter
824 904 885 948 nos
913 883 1022 948 animo
1051 888 1086 948 et

126 993 184 1054 pro
208 972 414 1036 reconciliata
437 973 542 1056 gratia
568 993 744 1054 numquam
766 975 798 1035 te
822 992 842 1034 a
863 991 914 1035 me
941 970 1085 1036 ludibrio

125 1061 248 1124 laesum
279 1060 327 1125 iri.
373 1058 466 1135 Quod
494 1060 671 1125 cuiusmodi
703 1060 759 1143 sit,
791 1060 869 1123 satis
900 1058 1085 1144 intelllgere

126 1169 194 1212 non
216 1170 362 1233 possum,
391 1149 453 1228 sed,
473 1152 583 1213 tamen
611 1148 756 1232 suspicor
782 1147 823 1211 ad
849 1150 975 1211 deesse
1003 1148 1084 1211 alla·

126 1240 196 1300 tum
209 1258 260 1300 me
278 1238 313 1300 in
332 1240 455 1320 senatu,
474 1258 572 1319 quum
591 1236 787 1320 disputarem
805 1236 982 1319 permultos
1003 1256 1085 1319 esse,

127 1325 263 1406 quirem
277 1324 440 1408 publicam
456 1345 539 1387 ame
554 1326 776 1388 conservatam
790 1323 944 1405 dolerent,
963 1321 1084 1388 dixisse

127 1433 147 1474 a
168 1415 201 1475 te
223 1412 422 1495 propinquos
444 1414 528 1494 tuos,
551 1411 666 1493 quibus
689 1431 808 1496 negare
827 1432 894 1476 non
911 1410 1085 1495 potuisses,

126 1499 325 1584 impetrasse,
346 1502 384 1563 ut
406 1520 452 1581 ea,
475 1520 556 1581 quae
580 1498 746 1563 statuisses
769 1499 829 1563 tibi
851 1499 887 1562 in
905 1501 1021 1563 senatu
1043 1499 1083 1563 de

126 1608 198 1651 mea
219 1587 314 1651 laude
338 1607 407 1650 esse
430 1586 573 1671 dicenda,
594 1587 752 1651 reticeres.
798 1586 890 1662 Quod
913 1593 1012 1669 quum
1036 1587 1082 1651 di-

128 1696 244 1758 cerem,
275 1673 355 1738 illud
383 1673 526 1760 adiunxi,
557 1675 637 1739 mihi
668 1679 775 1739 tecum
801 1675 848 1739 ita
878 1674 1083 1758 dispertItum

128 1763 270 1828 officium
291 1763 391 1827 fuisse
414 1763 449 1826 in
471 1763 518 1827 rei
539 1764 686 1848 publicae
710 1764 813 1828 salute
835 1762 1017 1846 retinenda,
1045 1767 1084 1826 ut

128 1871 188 1936 ego
220 1852 332 1916 urbem
365 1873 384 1915 a
416 1851 599 1917 domesticis
630 1850 755 1915 insidiis
787 1853 820 1914 et
852 1851 892 1915 ab
924 1850 1082 1915 intestino

128 1942 260 2026 scelere,
289 1945 326 2005 tu
353 1939 482 2005 Italiam
512 1943 544 2005 et
571 1941 612 2006 ab
640 1940 772 2005 armatis
797 1939 947 2004 hostibus
980 1940 1013 2002 et
1040 1939 1083 2003 ab

128 2031 254 2094 occulta
268 2029 488 2095 coniuratione
503 2029 698 2111 defenderes,
718 2031 814 2111 atque
832 2027 917 2090 hano
935 2029 1083 2090 nostram

127 2117 211 2180 tanti
243 2119 275 2179 et
306 2119 373 2180 tam
404 2118 561 2200 praeclari
591 2116 733 2180 muneris
761 2114 947 2181 societatem
974 2135 995 2178 a
1015 2115 1084 2178 tuis

127 2203 317 2288 propinquis
338 2204 577 2288 labefactatam,
600 2204 667 2287 qui,
690 2225 788 2286 quum
810 2207 846 2267 tu
870 2224 889 2265 a
911 2223 962 2267 me
984 2202 1083 2267 rebus

128 2290 334 2374 amplissimis
358 2294 454 2374 atque
475 2291 807 2356 honorificentissimis
830 2293 964 2355 ornatus
986 2311 1085 2374 esses,

127 2380 326 2462 timuissent,
357 2399 398 2442 ne
430 2400 511 2462 quae
543 2379 623 2442 mihi
649 2401 724 2462 pars
756 2379 814 2443 abs
845 2383 878 2443 te
904 2379 1084 2444 voluntatis

92 2484 110 2532 a
129 2471 259 2532 mutuae
282 2467 486 2532 tribueretur.
530 2465 602 2531 Hoc
628 2468 663 2530 in
686 2488 832 2532 sermone
861 2488 959 2550 quum
988 2487 1008 2530 a
1029 2488 1085 2530 me

129 2559 350 2640 exponeretur,
373 2576 454 2639 quae
476 2575 549 2618 mea
571 2556 766 2639 exspectatio
789 2555 904 2619 fuisset
927 2554 1084 2620 orationis

128 2648 203 2710 tuae
227 2648 412 2728 quantoque
438 2643 474 2707 in
496 2664 603 2708 errore
630 2647 774 2708 versatus
798 2664 915 2728 essem,
941 2642 1011 2708 risa
1033 2646 1087 2706 est

130 2733 233 2798 oratio
256 2755 324 2798 non
345 2731 520 2797 iuiueunda
542 2734 575 2795 et
592 2731 761 2796 mediocris
780 2731 910 2814 quidam
928 2733 977 2795 est
998 2729 1085 2794 risus

129 2824 330 2904 consecutus,
352 2843 420 2887 non
442 2821 477 2884 in
499 2823 542 2903 te,
565 2819 620 2883 sed
638 2820 741 2904 magis
764 2819 800 2882 in
818 2840 958 2884 errorem
975 2839 1085 2882 meum

130 2910 163 2972 et
185 2907 271 2993 quod
294 2929 344 2973 me
367 2909 425 2973 abs
447 2911 480 2972 te
504 2907 628 2992 cupisse
650 2907 775 2971 laudari
793 2911 902 2991 aperte
921 2911 1018 2991 atque
1035 2906 1085 2969 in·

130 3017 235 3082 genue
258 2995 443 3062 confitebar.
475 3000 557 3060 Nam
583 2996 646 3061 hoo
672 3016 740 3061 non
766 2997 874 3078 potest
900 2995 936 3060 in
961 2999 994 3059 te
1017 3015 1085 3059 non

128 3084 306 3151 honorifice
330 3105 398 3148 esse
422 3085 556 3169 dietum,
583 3105 634 3148 me
661 3084 696 3147 in
723 3083 908 3147 clarissimis
926 3082 1014 3148 'meis
1038 3086 1086 3146 at

131 3196 192 3257 que
216 3172 421 3258 amplissimis
443 3173 539 3237 rebus
566 3176 676 3236 tamen
703 3171 833 3256 aliquod
863 3170 1086 3236 testimonium

94 3266 205 3330 atuae
227 3262 316 3328 vocis
337 3261 457 3327 habere
475 3260 623 3326 voluisse.
660 3257 752 3334 Quod
771 3262 879 3325 autem
897 3259 943 3325 ita
964 3258 1087 3344 scribis,

200 3453 252 3523 Ep.
272 3458 297 3523 2,
312 3459 337 3508 2.
374 3452 536 3520 coeptabam
553 3468 618 3507 uam
636 3451 685 3507 boc
703 3450 777 3520 (W.)¹
799 3465 820 3507 o.
839 3446 904 3500 Iam
917 3446 943 3501 b.
958 3443 1048 3510 vulgo.
