2370 3878
131 157 198 220 504
415 153 450 208 M.
471 154 594 209 TULLII
613 153 803 209 CICERONIS

130 301 255 365 insidiis
283 298 462 362 liberasset:
495 298 579 380 quod
611 297 652 361 ad
683 320 741 362 vos
769 321 789 362 a
816 321 870 363 me
902 302 1005 366 scribi
1036 326 1096 368 non

131 391 272 453 alienum
294 387 415 470 putavi,
437 391 472 450 ut
493 386 716 471 intelligeretis
740 408 778 450 ex
800 387 858 472 iis,
882 410 974 473 quae
996 414 1096 475 paene

131 476 324 558 acciderunt,
351 496 408 539 vos
430 475 532 538 multo
557 478 645 557 ante,
672 495 713 538 ne
736 496 774 539 ea
797 476 1004 563 acciderent,
1027 503 1094 564 pro·
1136 474 1138 485 '

130 565 256 646 vidisse,
279 584 379 646 eoque
402 583 459 626 vos
483 563 656 626 studiosius
674 562 737 626 feci
760 564 926 648 certiores
952 569 1043 650 quod
1065 571 1094 631 iu

129 672 205 737 rege
228 650 446 715 Ariobarzane
466 673 504 714 ea
526 651 606 714 mihi
629 650 723 736 signa
745 652 855 717 videor
878 654 1028 740 virtutis,
1050 658 1092 720 iu-

47 764 50 769 ·
130 741 226 825 genii,
253 739 327 803 fidei
355 740 659 822 benevolentiaeque
687 760 764 824 erga
791 762 849 805 ros
877 745 1094 829 perspexisse,

129 834 255 892 utnon
279 829 347 892 sine
371 849 467 892 causa
489 831 614 891 tantam
638 849 747 892 curam
770 829 804 891 in
827 829 897 894 eius
924 852 985 896 vos
1012 833 1091 896 salu-

129 923 195 981 tem
219 916 481 1002 diligentiamque
504 915 676 997 videamini
699 917 882 982 contulisse.

572 1125 631 1191 III.

165 1239 221 1293 Sor.
242 1240 272 1292 in
292 1238 391 1293 castris
411 1239 447 1292 ad
466 1237 589 1292 Iconium
608 1237 654 1291 Ill.
674 1237 736 1291 Kal.
757 1237 832 1307 Sept.
852 1254 877 1292 a.
897 1258 925 1292 u.
947 1257 971 1294 o.
993 1247 1059 1296 703.

352 1361 389 1414 M.
409 1359 536 1414 CICERO
557 1360 583 1413 S.
603 1360 635 1413 Ι).
655 1360 691 1414 Μ.
711 1359 853 1414 CATONI.

93 1478 107 1523 1
195 1459 299 1534 Ouum
323 1460 364 1523 ad
386 1482 437 1523 me
460 1461 559 1545 legati
582 1460 671 1524 missi
694 1461 734 1523 ab
752 1458 915 1526 Antiocho
936 1462 1087 1530 Comma·

128 1568 211 1631 geno
234 1547 398 1610 venissent
420 1549 454 1610 in
478 1551 583 1611 castra
610 1548 650 1612 ad
672 1547 818 1613 Iconium
841 1571 869 1612 a.
893 1550 921 1613 d.
946 1571 994 1617 111.
1014 1553 1086 1618 Kal.

128 1633 213 1718 Sept.
232 1635 317 1717 iique
335 1635 415 1698 mihi
434 1635 639 1699 nuntiassent
656 1633 742 1721 regis
759 1635 955 1703 Parthorum
974 1641 1086 1724 filium,

128 1745 265 1806 quocum
293 1728 377 1787 esset
403 1728 505 1807 nupta
536 1725 622 1808 regis
650 1724 876 1789 Armeniorum
904 1749 1011 1812 soror,
1045 1730 1084 1793 ad

126 1811 328 1896 Euphratem
352 1810 424 1875 cum
451 1813 598 1875 maximis
621 1810 815 1876 Parthorum
842 1815 943 1897 copiis
967 1819 1084 1880 multa·

126 1923 260 1985 rumque
292 1905 458 1984 praeterea
494 1901 639 1985 gentium
671 1921 790 1984 magna
825 1922 923 1966 manu
956 1905 1084 1969 venisse

126 1988 389 2073 Euphratemque
411 1989 476 2052 iam
498 1986 637 2052 transire
661 1989 802 2072 coepisse
825 1989 950 2073 dicique
970 1992 1083 2057 Arme-

126 2079 216 2141 nium
243 2099 352 2161 regem
379 2077 413 2140 in
436 2074 673 2160 Cappadociam
698 2077 853 2160 impetum
881 2099 950 2143 esse
979 2080 1082 2145 factu-

127 2188 210 2247 rum,
238 2166 349 2248 putavi
375 2186 434 2248 pro
462 2169 574 2229 nostra
596 2164 830 2228 necessitudine
859 2187 909 2230 me
936 2166 1018 2232 haec
1042 2169 1082 2232 ad

91 2267 107 2314 2
127 2256 159 2316 te
183 2254 319 2316 scribere
347 2257 505 2336 oportere.
549 2253 680 2317 Publice
709 2257 840 2336 propter
863 2254 942 2318 duas
967 2277 1082 2320 causas

126 2340 207 2404 nibil
236 2341 361 2423 scripsi,
388 2341 474 2424 quod
505 2345 538 2406 et
566 2342 672 2425 ipsum
700 2339 953 2426 Commagenum
982 2345 1081 2429 legati

127 2429 277 2492 dicebant
313 2428 353 2491 ad
391 2432 538 2493 senatum
575 2430 684 2493 statim
724 2429 856 2494 nuntios
892 2431 1080 2515 litterasque

126 2518 250 2581 misisse
274 2520 306 2580 et
328 2516 549 2580 existimabam
572 2516 615 2580 M.
638 2516 789 2581 Bibulum
811 2538 935 2600 procos.
958 2554 1003 2564 -
1027 2521 1082 2603 qui

127 2607 251 2670 circiter
278 2605 354 2669 Idus
383 2601 467 2668 Sext.
494 2603 535 2666 ab
566 2604 693 2687 Epheso
725 2605 760 2668 in
788 2605 910 2688 Syriam
943 2607 1082 2672 navibus

125 2695 289 2777 profectus
313 2697 383 2756 crat
405 2727 457 2775 -,
480 2691 565 2775 quod
589 2692 745 2757 secundos
768 2696 882 2758 ventos
904 2693 1083 2778 habuisset,

126 2782 190 2844 iam
217 2783 252 2844 in
279 2779 478 2864 provinciam
506 2802 597 2844 suam
624 2781 820 2865 pervenisse,
847 2781 937 2846 cuius
963 2782 1081 2846 litteris

127 2869 236 2933 omnia
259 2869 395 2932 certiora
421 2870 580 2952 perlatum
607 2869 647 2932 iri
674 2869 714 2932 ad
742 2872 890 2933 senatum
915 2870 1083 2952 putabam.

126 2955 221 3040 Mihi,
249 2960 285 3021 ut
311 2957 346 3020 in
369 2957 526 3022 eiusmodi
553 2978 586 3020 re
614 2960 769 3040 tantoque
797 2958 896 3040 bello,
922 2958 1081 3021 maximae

112 3066 221 3127 'curae
254 3047 316 3127 est,
352 3048 401 3128 ut,
434 3067 514 3130 quae
547 3045 647 3129 copiis
680 3047 713 3108 et
744 3043 858 3128 opibus
890 3048 1001 3109 tenere
1029 3047 1081 3110 vix

196 3272 248 3341 ap.
263 3279 323 3341 as.
352 3272 489 3327 liberasset
504 3272 578 3340 (iu.)¹
616 3272 742 3326 liberaret
755 3271 792 3324 n.
829 3270 954 3325 tueare
967 3247 1080 3336 araga.

125 3341 175 3410 Ep.
196 3348 225 3409 3,
246 3351 269 3396 1.
305 3359 346 3398 me
367 3340 432 3396 haec
457 3343 493 3396 ad
518 3347 542 3396 te
565 3341 640 3408 (W.).
684 3342 790 3395 melros
812 3342 850 3396 ad
871 3345 896 3394 te
920 3339 966 3408 M„
985 3341 1081 3411 vulgo.

125 3419 281 3554 gfilggiws'
301 3444 334 3454 -
354 3415 402 3483 qut
422 3418 548 3467 ...erut
567 3442 614 3479 —,
640 3429 664 3481 q.
689 3411 763 3479 (W.).
802 3426 862 3480 pa,
886 3411 935 3480 qur·
954 3453 978 3465 ..
997 3428 1033 3478 a,
1056 3427 1080 3480 q.

93 3738 274 3778 'dmm
