2370 3878
304 166 564 223 EplsTOLARUM
582 166 629 221 VI.
650 171 761 221 14-17.
950 163 1014 228 185

493 415 582 482 XVI.

211 529 269 584 Ser.
289 545 364 583 anno
382 529 488 584 inserto
509 530 580 596 (710,
598 530 664 597 post
681 527 722 582 Id.
740 527 860 596 Marta).

281 651 505 707 BITHYNICUS
523 649 695 706 CICERONI
714 650 789 706 SAL.

130 750 166 818 Si
187 752 267 817 mihi
293 756 401 818 tecum
427 772 496 816 n0n
518 754 551 816 et
573 752 693 815 multae
720 754 754 815 et
775 751 878 815 iustae
902 770 1016 815 causae

59 840 220 907 amicitiae
243 840 396 925 privatim
415 843 531 923 essent,
552 848 730 922 repeterem
748 839 841 903 initia
859 839 1017 903 amicitiae

60 929 311 1013 expetentibus
333 928 462 1011 nostris,
485 927 571 1012 quod
593 927 777 992 faniendum
798 927 839 990 iis
862 927 1018 1010 existimo,

61 1016 118 1102 qui
139 1020 309 1101 paternam
332 1017 506 1081 amicitiam
528 1016 625 1079 nullis
643 1016 706 1099 ipsi
724 1014 839 1080 officiis
856 1016 1018 1098 prosecuti

62 1108 151 1171 sunt:
173 1105 282 1189 itaque
306 1107 477 1170 contentus
501 1125 555 1169 ero
578 1106 691 1167 nostra
707 1103 851 1185 ipsorum
870 1103 1019 1186 amicitia,

63 1193 153 1260 euius
175 1192 293 1258 fiducia
315 1196 390 1276 peto
420 1196 507 1277 ate,
536 1195 573 1256 ut
601 1192 766 1255 absentem
793 1211 859 1274 me,
890 1191 1025 1273 quibus·

62 1302 199 1365 eumque
222 1281 258 1345 in
280 1281 375 1346 rebus
399 1302 480 1365 opus
502 1279 610 1363 fuerit,
632 1283 751 1362 tueare,
775 1280 802 1342 si
824 1279 950 1343 nullum
973 1279 1019 1343 of-

62 1369 172 1524 {leiim
202 1373 295 1458 tuum
331 1368 417 1453 apud
453 1390 504 1434 me
536 1367 812 1434 intermoriturum
848 1368 1019 1432 existimas.

96 1479 155 1522 ae.

489 1649 595 1716 XVII.

219 1760 276 1816 Ser.
297 1778 369 1816 anno
387 1762 494 1819 ineerta
514 1763 589 1830 (710,
608 1764 673 1832 post
690 1762 731 1816 Id.
749 1762 870 1830 Martt).

363 1885 492 1940 CICERO
511 1883 721 1940 BITHYNICO.

134 1983 240 2060 Quum
272 1988 450 2049 ceterarum
481 2005 588 2049 rerum
620 2005 717 2049 eausa
748 1983 842 2067 cupio
870 2003 939 2047 esse
967 1984 1018 2046 ali·
1044 1997 1057 2044 1

67 2072 197 2157 quando
219 2094 288 2138 rem
310 2073 473 2156 publicam
496 2073 715 2155 constitutam,
737 2075 808 2136 tum
825 2070 921 2136 velim
944 2071 1024 2135 mihi

67 2159 178 2226 eredas
201 2160 351 2226 accedere
374 2161 480 2245 etiam,
502 2160 536 2224 id
561 2174 624 2244 quo
650 2160 753 2246 magis
773 2163 928 2243 expetam,
951 2182 1023 2243 pro-

67 2249 202 2314 missum
224 2253 329 2334 tuum,
357 2271 420 2333 quo
448 2249 483 2312 in
505 2249 621 2313 litteris
648 2250 762 2331 uteris3
790 2248 901 2312 scribis
930 2249 1024 2330 enirn,

68 2338 97 2402 si
118 2337 165 2401 ita
179 2338 231 2421 sit,
252 2341 284 2401 te
303 2358 428 2402 meeum
447 2359 515 2402 esse
534 2338 702 2402 victurum.
737 2334 927 2402 Gratissima
945 2336 1025 2400 mihi
1043 2350 1059 2398 2

67 2429 126 2490 tua
147 2426 298 2491 voluntas
322 2429 384 2510 est,
412 2425 555 2512 facisque
578 2426 661 2490 nihil
684 2426 824 2490 alienum
851 2425 1025 2490 necessitu-

69 2512 143 2577 dine
166 2517 279 2578 nostra
296 2514 485 2599 indiciisque
503 2514 605 2598 patris
624 2514 673 2578 tui
691 2514 730 2578 de
748 2535 799 2578 me
818 2513 934 2578 summi
952 2513 1026 2594 viri3

68 2623 146 2666 nam
168 2603 214 2667 sio
236 2602 366 2686 habeto,
387 2602 617 2667 beneficiorum
636 2602 860 2688 magnitudine
883 2621 948 2684 eos,
971 2601 1026 2682 qui

68 2690 268 2774 temporibus
281 2691 303 2769 †
316 2691 488 2755 valuerunt
509 2695 547 2755 ut
563 2691 702 2775 valeant,
726 2689 961 2755 coniunctiores
979 2692 1025 2751 te·

70 2798 144 2842 eum
162 2799 231 2844 esse
250 2800 347 2862 quam
365 2801 426 2863 me,
448 2778 684 2844 necessitudine
702 2778 873 2843 neminem.
909 2775 1025 2852 Quam-

70 2866 181 2932 obrem
204 2870 299 2952 grata
320 2867 400 2931 mihi
424 2871 474 2932 est
497 2872 529 2932 et
551 2868 706 2932 memoria
727 2871 785 2932 tua
802 2869 932 2930 nostrae
952 2887 1026 2931 eon-

69 2954 245 3021 iunationis
269 2955 392 3021 eteius
416 2955 513 3019 etiam
536 2955 703 3039 augendae
725 2955 885 3020 voluntas.

513 3050 539 3083 l

143 3178 195 3249 Ep.
216 3186 257 3248 17,
271 3186 295 3236 2.
333 3183 511 3248 walamunt
534 3186 565 3235 at
587 3183 696 3237 valeant
721 3181 781 3249 (M.‚
799 3181 864 3248 W.).
900 3179 954 3232 aut.
978 3183 1028 3231 aut

70 3249 301 3377 ieiiitlifflaev')
322 3254 372 3307 aut
389 3257 439 3308 aut
456 3253 510 3308 vat.
529 3257 580 3307 arat
596 3253 688 3307 valeat
706 3253 780 3321 (W.).
815 3251 883 3316 eat,
901 3253 964 3314 †at
981 3263 1027 3300 va·
