2370 3878
126 123 169 187 90
213 125 250 179 Μ.
271 123 394 179 TULLII
412 121 603 178 CICERONIS
621 122 882 178 EPISTULARUM
900 123 947 177 III.
968 129 1011 177 13.

557 335 648 402 XIII.

254 447 312 506 Sor,
331 449 362 505 in
379 449 448 504 Asia
465 464 560 505 mense
580 449 740 519 Septembri
758 465 782 503 a.
802 466 829 504 u
848 465 871 504 c.
892 454 954 508 704.

352 572 396 627 M.
415 570 543 627 CICERO
563 572 618 627 ΑΡ.
639 571 808 628 PULCHRO
828 572 855 627 S.

94 687 106 733 1
194 672 295 749 Quasi
325 672 503 737 divinarem
534 673 593 736 tali
623 672 660 738 in
687 671 794 738 officio
821 671 891 738 fore
917 671 999 737 mihi
1027 673 1083 737 ali·

127 761 256 846 quando
284 759 498 845 expetendum
526 760 668 825 studium
695 764 802 842 tuum,
830 761 889 844 sic,
916 782 1017 845 quum
1044 761 1082 826 de

125 851 191 914 tuis
213 848 310 913 rebus
333 848 433 934 gestis
456 847 622 934 agebatur,
644 849 859 914 inserviebam
875 848 995 914 honori
1012 852 1082 932 tuo;

127 938 232 1002 dicam
249 937 359 1001 tamen
376 957 463 1001 vere:
485 937 569 1022 plus,
591 958 688 1022 quam
706 956 885 1021 acceperas,
902 936 1083 1020 reddidisti,

128 1026 199 1109 quis
229 1025 316 1090 enim
347 1024 388 1090 ad
419 1045 470 1089 me
501 1046 569 1090 non
599 1025 787 1109 perscripsit
818 1028 850 1089 te
877 1046 946 1090 non
978 1026 1083 1091 solum

127 1114 332 1197 auctoritate,
364 1113 522 1195 oratione,
550 1113 710 1179 sententia
736 1116 807 1198 tua,
834 1112 951 1197 quibus
979 1134 1083 1199 egea

127 1203 186 1266 tali
208 1203 277 1266 viro
301 1204 473 1266 contentus
495 1222 594 1284 eram,
615 1201 672 1266 sed
694 1201 792 1265 etiam
816 1222 915 1285 opera
937 1201 1082 1286 consilio,

128 1290 259 1354 domum
289 1288 448 1353 veniendo
480 1288 707 1353 conveniendis
739 1289 819 1353 meis
846 1289 973 1354 nullum
1000 1311 1082 1356 onus

129 1376 227 1441 officii
250 1376 399 1460 cuiquam
425 1375 585 1460 reliquum
610 1374 747 1441 fecisse?
791 1375 881 1442 Haec
908 1376 989 1442 mihi
1017 1400 1082 1443 am-

128 1465 232 1549 pliora
249 1464 351 1528 multo
370 1468 447 1529 sunt
465 1485 562 1548 quam
580 1464 636 1529 illa
653 1464 733 1548 ipsa,
750 1469 883 1549 propter
902 1486 984 1549 quae
1002 1466 1082 1532 haec

128 1552 330 1636 laborantum
352 1551 494 1638 insignia
517 1553 603 1617 enirn
624 1553 753 1618 virtutis
774 1553 869 1619 multi
891 1554 990 1618 etiam
1013 1556 1082 1620 sine

128 1642 247 1706 virtute
270 1641 409 1705 assecuti
432 1644 521 1725 sunt,
547 1640 662 1706 talium
688 1640 832 1706 virorum
859 1644 953 1706 tanta
976 1643 1084 1708 studia

93 1729 256 1814 nossequi
288 1729 357 1794 sola
388 1729 490 1795 virtus
516 1732 633 1814 potest.
677 1728 791 1814 Itaque
823 1729 903 1794 mihi
934 1751 1082 1816 propono

128 1817 269 1883 fructum
301 1817 460 1884 amicitiae
491 1821 622 1883 nostrae
658 1818 763 1902 ipsam
795 1817 983 1903 amicitiam,
1020 1840 1084 1904 qua

128 1906 210 1971 nihil
233 1911 283 1972 est
304 1906 447 1992 uberius,
473 1905 663 1992 praesertim
689 1905 725 1970 in
745 1905 786 1970 iis
810 1905 938 1990 studio,
966 1908 1083 1991 quibus

128 1999 262 2079 uterque
289 1998 437 2061 nostrum
460 1995 627 2061 devinctus
651 1998 713 2076 est3
740 2015 817 2058 nam
843 1993 904 2058 tibi
931 2015 983 2059 me
1010 2017 1084 2081 pro·

128 2083 223 2146 iiteor
245 2084 278 2146 et
299 2082 335 2147 in
356 2105 390 2148 re
413 2083 543 2167 publiea
565 2083 701 2165 socium,
729 2081 767 2146 de
791 2103 855 2167 qua
876 2081 962 2147 idem
986 2085 1084 2149 senti·

129 2191 215 2252 mus,
243 2172 276 2234 et
302 2169 337 2233 in
360 2170 547 2254 quotidiana
574 2170 641 2234 vita
663 2169 884 2254 coniunctum,
912 2191 1010 2255 quam
1030 2170 1084 2238 his

131 2257 253 2322 artibus
277 2256 454 2341 studiisque
477 2258 621 2322 colimus.
661 2254 788 2322 Vellem
809 2258 857 2322 ita
878 2257 1011 2324 fortuna
1032 2263 1083 2326 tu·

130 2346 234 2429 lisset,
261 2348 310 2429 ut,
343 2344 456 2431 quanti
483 2365 543 2431 ego
572 2365 683 2411 omnes
710 2348 784 2411 tuos
810 2345 908 2432 facio,
935 2348 1021 2413 tanti
1045 2352 1084 2414 tu

130 2455 220 2499 meos
241 2432 347 2498 facere
369 2453 495 2518 posseS,
518 2432 603 2518 quod
626 2437 736 2498 tamen
758 2434 864 2518 ipsum
886 2436 995 2502 nescio
1019 2457 1085 2522 qua

130 2525 296 2606 permotus
319 2520 419 2586 animi
442 2520 638 2587 divinatione
661 2543 729 2587 non
752 2521 895 2606 despero.
936 2521 998 2590 Sed
1020 2523 1084 2591 hoc

131 2610 213 2675 nihil
244 2610 285 2676 ad
317 2613 363 2692 te,
393 2612 541 2674 nostrum
573 2613 622 2675 est
653 2632 744 2676 onus.
793 2609 878 2687 Illud
909 2611 1005 2678 velim
1037 2612 1084 2679 sic

130 2698 262 2781 habeas,
284 2697 370 2783 quod
392 2697 563 2785 intelliges,
584 2698 646 2764 hac
668 2720 703 2764 re
725 2702 846 2765 novata
859 2699 1004 2766 additum
1026 2722 1084 2786 po·

131 2786 196 2850 tius
223 2785 343 2870 aliquid
371 2785 412 2850 ad
434 2807 541 2852 meum
568 2807 644 2874 erga
670 2790 703 2853 te
731 2787 886 2874 studium,
909 2810 973 2874 quo
1000 2788 1084 2855 nihil

131 2872 300 2939 videbatur
326 2872 401 2939 addi
422 2895 531 2960 posse,
558 2897 654 2960 quam
682 2875 856 2962 quidquam
882 2897 952 2943 esse
979 2877 1084 2944 detra-

132 2964 228 3027 ctum.
264 2959 369 3038 Quum
387 2961 468 3028 haec
486 2962 674 3048 scribebam,
695 2984 861 3031 censorem
878 2965 945 3031 iam
962 2969 995 3032 te
1014 2986 1083 3033 esse

133 3048 315 3134 sperabam:
343 3070 380 3116 eo
408 3050 535 3116 brevior
562 3055 612 3117 est
638 3052 775 3136 epistola
797 3056 843 3139 et,
870 3056 908 3118 ut
930 3053 1083 3120 adversus

131 3138 323 3224 magistrum
345 3159 480 3224 morum,
502 3138 684 3206 modestior.

202 3293 253 3366 Ep.
275 3300 356 3364 18,1.
384 3296 557 3364 summitate,
579 3297 715 3364 oratione,
736 3301 803 3354 sent.
822 3295 936 3367 (tiron).
977 3315 1003 3354 a.
1023 3312 1084 3355 oro·

132 3364 254 3422 11111111.
272 3365 319 3435 M,
337 3364 369 3421 B.
406 3370 430 3420 2.
449 3366 660 3439 11111119111111
678 3366 753 3438 (Or).
790 3367 926 3439 1111111111
942 3368 994 3425 bac
1006 3367 1038 3423 B.
