2370 3878
392 204 651 259 EPISTOLARUM
670 205 690 257 Ι.
708 212 732 260 9.
1002 205 1045 269 29

85 373 124 415 66
143 353 340 415 commutato
361 372 424 434 quo
443 350 522 413 velis
540 352 651 413 tamen
669 349 846 432 pervenire,
869 348 924 432 sic,
947 371 1046 433 quum

86 438 236 503 omnibus
258 438 353 503 nobis
376 439 412 502 in
435 436 689 502 administranda
716 459 751 501 re
778 436 907 520 publica
929 459 1046 521 propo-

86 527 186 591 situm
209 548 278 591 esse
301 526 417 590 debeat
439 525 481 610 id,
503 526 628 610 quoda
645 547 696 589 me
717 524 902 608 saepissime
925 525 1047 591 dictum

86 618 145 698 est,
168 637 241 678 cum
264 615 422 699 dignitate
446 615 562 698 otium,
584 636 652 678 non
675 614 761 678 idem
784 635 910 697 semper
933 614 1047 697 dicere,

87 704 144 769 sed
171 704 256 768 idem
284 725 409 787 semper
436 707 580 787 spectare
609 703 768 766 debemus
823 701 1047 787 Quamobrem,

86 795 126 856 ut
147 792 256 874 paullo
280 795 355 856 ante
377 792 481 876 posui,
503 792 532 855 si
555 795 663 879 essent
686 791 795 855 omnia
817 790 898 854 mihi
921 792 1046 856 solutis·

87 881 184 964 sima,
209 884 320 945 tamen
342 881 378 945 in
400 902 434 943 re
457 879 587 964 publica
608 901 677 945 non
700 880 781 943 alius
805 901 921 962 essem,
951 883 1046 962 atque

88 989 176 1032 nunc
199 990 284 1051 sum3
311 990 411 1050 quum
437 989 513 1033 vero
541 969 577 1031 in
603 968 690 1031 hunc
714 990 843 1031 sensum
866 972 899 1032 et
926 968 1048 1032 alliciar·

88 1056 253 1122 beneficiis
276 1056 446 1121 hominurn
469 1060 503 1119 et
523 1057 697 1139 compellar
717 1056 852 1136 iniuriis,
874 1055 969 1120 facile
992 1079 1047 1139 pa-

88 1145 154 1209 tior
181 1166 221 1209 ea
247 1167 299 1209 me
328 1145 367 1208 de
393 1165 429 1207 re
458 1144 588 1227 publica
614 1144 733 1207 sentire
756 1165 794 1207 ac
821 1144 938 1227 dicere,
966 1166 1047 1227 quae

89 1233 226 1297 maxime
246 1255 346 1317 quum
366 1232 455 1316 mihi,
476 1237 547 1297 tum
566 1232 664 1296 etiam
682 1233 728 1297 rei
751 1232 898 1316 publicae
916 1233 1048 1296 rationi-

89 1322 151 1384 bus
173 1326 285 1403 putem
307 1321 498 1404 conducere,
525 1322 667 1404 apertius
691 1324 799 1385 autem
821 1321 901 1385 haec
925 1341 987 1406 ago
1011 1343 1048 1385 ac

91 1409 234 1492 saepius,
257 1409 343 1493 quod
364 1413 397 1473 61
419 1408 572 1494 Quintus,
594 1412 696 1475 frater
718 1432 822 1494 meus,
849 1411 977 1494 legatus
1000 1414 1050 1474 est

92 1494 238 1560 Caesaris
265 1501 298 1561 et
328 1499 453 1562 nullum
485 1519 591 1564 meum
618 1499 787 1562 minimum
814 1498 950 1581 dictum,
981 1520 1049 1562 non

91 1585 187 1650 modo
205 1585 336 1669 factum,
358 1608 417 1669 pro
437 1584 574 1651 Caesare
591 1587 781 1671 intercessit,
804 1586 890 1670 quod
908 1587 962 1650 ille
981 1608 1049 1650 non

89 1673 138 1737 ita
162 1674 280 1738 illustri
308 1675 414 1758 gratia
442 1676 615 1758 exceperit,
644 1679 681 1739 ut
708 1697 769 1760 ego
797 1697 870 1738 eum
893 1674 973 1738 mihi
996 1675 1048 1739 de·

90 1761 235 1826 vinctum
257 1767 418 1846 putarem:
441 1763 550 1846 itaque
574 1763 642 1827 eius
662 1765 750 1828 omni
768 1767 801 1827 et
825 1763 944 1848 gratia,
967 1784 1048 1846 quae

91 1871 217 1914 summa
240 1854 298 1934 est,
321 1855 354 1915 et
373 1852 497 1935 opibus,
520 1873 599 1934 quas
618 1852 773 1935 intelligis
793 1872 862 1914 esse
883 1852 1049 1934 maximas,

91 1938 137 2001 sic
160 1939 265 2021 fruor,
292 1941 329 2001 ut
351 1939 445 2021 meis,
472 1960 532 2001 nec
554 1939 635 2002 mibi
658 1939 751 2001 aliter
773 1939 916 2021 potuisse
939 1939 1049 2003 videor

90 2025 261 2089 hominum
282 2025 482 2108 perditorum
504 2026 543 2088 de
565 2047 616 2089 me
639 2025 773 2090 consilia
795 2026 958 2111 frangere,
986 2028 1048 2091 nisi

93 2134 167 2177 cum
188 2113 356 2196 praesidiis
378 2113 428 2196 iis,
451 2134 532 2197 quae
555 2134 681 2197 semper
702 2113 815 2198 habui,
841 2137 929 2180 nunc
952 2116 1049 2179 etiarn

91 2201 275 2284 potentium
305 2201 563 2266 benevolentiam
595 2203 840 2267 coniunxissem.
893 2203 954 2267 His
987 2225 1047 2289 ego
1066 2218 1100 2269 22

91 2288 244 2374 consiliis,
262 2290 289 2354 si
306 2293 339 2354 te
357 2293 560 2374 praesentem
577 2290 770 2376 habuissem,
791 2296 830 2355 ut
848 2293 958 2375 opinio
977 2315 1049 2356 mea

90 2378 164 2456 fert,
187 2399 290 2443 essem
311 2400 389 2443 usus
412 2378 532 2443 eisdem
545 2414 587 2427 -
601 2381 679 2444 novi
697 2381 784 2444 enim
801 2381 1049 2464 temperantiam

90 2468 125 2529 61
146 2466 400 2531 moderationem
421 2471 557 2532 naturae
580 2472 665 2551 tuae,
688 2469 764 2533 novi
784 2469 927 2532 animum
950 2490 1050 2552 quum

91 2553 171 2617 mihi
199 2554 441 2638 amicissimum,
472 2560 543 2620 turn
574 2558 664 2620 nulla
696 2557 732 2620 in
759 2560 881 2621 ceteros
911 2558 1049 2621 malevo-

91 2642 192 2705 lentia
220 2642 389 2726 suffusum,
421 2648 596 2728 contraque
624 2667 723 2728 quum
751 2665 906 2729 magnum
938 2647 971 2707 et
998 2667 1049 2708 ex-

91 2730 221 2812 celsum,
243 2733 314 2795 tum
338 2732 435 2795 etiarn
459 2736 606 2816 apertum
629 2736 663 2797 et
685 2731 876 2816 simplicem3
899 2730 965 2795 vidi
988 2754 1049 2818 ego

91 2817 247 2900 quosdam
269 2819 305 2882 in
327 2823 360 2884 16
382 2821 478 2904 tales,
501 2821 611 2904 quales
638 2824 675 2885 tu
708 2821 837 2886 eosdem
863 2821 898 2884 in
926 2842 976 2885 me
1005 2822 1049 2885 vi·

90 2906 164 2970 dere
187 2907 335 2989 potuisti:
359 2929 440 2990 quae
462 2929 514 2973 me
537 2913 716 2993 moverunt,
739 2909 916 2975 movissent
939 2910 1050 2974 eadem

89 2997 122 3058 te
137 2994 345 3078 profecto-3
360 2994 424 3079 sed,
435 3017 638 3081 quocumque
652 3001 797 3082 tempore
811 2997 891 3061 mihi
905 3002 1049 3082 potestas

90 3084 268 3165 praesentis
281 3084 330 3148 tui
348 3084 455 3167 fuerit,
474 3088 510 3148 tu
529 3086 590 3149 eris
609 3087 753 3150 omnium
773 3086 957 3151 moderator
975 3107 1049 3150 con-

91 3169 236 3234 siliorum
262 3193 421 3254 meorum,
452 3172 512 3236 tibi
545 3174 606 3237 erit
633 3173 749 3256 eidem,
780 3175 832 3238 cui
864 3175 950 3237 salus
978 3195 1050 3238 mea

88 3257 161 3342 fuit,
184 3259 281 3323 etiam
305 3260 447 3345 dignitas
466 3281 573 3325 curae:
596 3283 647 3326 me
666 3262 795 3345 quidem
814 3264 900 3326 certe
920 3263 1049 3327 tuarum

161 3466 214 3536 Ep.
231 3475 256 3533 9,
267 3474 308 3521 22.
337 3468 434 3522 eisdem
443 3498 478 3507 -
487 3469 552 3522 aovi
568 3509 608 3520 ...
624 3469 786 3538 simplicem·
800 3471 859 3524 vidi
876 3473 1057 3540 ...profacto

92 3557 140 3602 —;
158 3540 204 3592 sed
219 3538 285 3607 (W).
323 3554 360 3603 e.,·
379 3540 444 3593 novi
457 3579 462 3593 .
475 3579 480 3593 .
493 3579 499 3592 .
514 3539 666 3611 simplicem
681 3542 763 3599 ,61111
779 3542 946 3615 ..profecto
961 3585 968 3597 .
981 3542 1077 3599 sabb„
