2370 3878
130 167 194 231 332
411 167 447 220 M.
468 167 590 221 TULLII
609 166 799 221 CICERONIS

128 312 249 378 fessum
286 311 327 376 ad
362 312 533 394 pristinam
569 311 720 376 virtutem
756 311 1090 396 consuetudinemque

128 401 276 467 revocavi
307 401 411 484 magis
439 400 538 463 animi
568 422 665 484 quam
691 400 814 485 ingenii
841 400 971 465 viribus.
1020 401 1086 465 Hic

129 490 196 553 dies
227 509 361 571 meaque
394 489 557 553 contentio
587 492 683 570 atque
715 489 799 553 actio
828 511 917 572 spem
943 489 1086 573 primum

128 577 248 660 populo
271 575 419 640 Romano
443 578 553 640 attulit
569 577 728 641 libertatis
751 577 1002 661 recuperandam
1024 600 1086 642 nec

128 686 203 729 vero
226 664 294 748 ipse
318 668 430 747 postea
452 668 579 750 tempus
602 666 704 730 ullum
726 665 883 729 intermisi
906 666 945 730 de
968 687 1002 730 re
1024 689 1086 750 pu·

93 754 212 817 ablica
234 773 301 816 non
320 754 485 838 cogitandi
503 755 616 839 solum,
639 753 694 817 sed
713 754 810 818 etiam
829 754 955 839 agendi.
991 753 1084 828 Quod

128 842 191 905 nisi
213 861 264 904 res
291 841 432 906 urbanas
460 846 593 927 actaque
617 842 726 908 omnia
753 843 794 906 ud
816 845 848 905 te
876 842 1011 925 perferri
1034 865 1084 905 ar-

128 930 273 1011 bitrarer,
295 930 364 1013 ipse
387 931 629 1014 perscriberem,
657 952 851 1014 quamquam
875 952 962 993 eram
984 932 1084 993 maxi·

128 1018 189 1082 mis
220 1018 483 1100 occupationibus
510 1019 691 1103 impeditus.
737 1017 799 1083 Sed
825 1019 881 1082 illa
908 1039 1084 1103 cognosces

129 1128 167 1170 ex
194 1107 279 1190 aliis;
311 1127 330 1169 a
357 1127 408 1170 me
434 1128 551 1191 pauca,
578 1111 611 1170 et
638 1129 676 1171 ca
704 1108 900 1171 summatim:
927 1106 1084 1170 habemus

127 1195 246 1260 fortem
269 1197 429 1279 senatum,
452 1197 636 1260 consulares
658 1196 776 1279 partim
798 1195 942 1278 timidos
964 1196 1084 1278 partim

128 1285 212 1348 male
240 1283 429 1365 sentientem
459 1304 614 1367 magnum
642 1283 794 1347 damnum
823 1283 945 1346 factum
972 1287 1022 1347 est
1048 1286 1085 1348 in

129 1369 253 1454 Servi03
276 1371 311 1435 L.
335 1369 453 1434 Caesar
485 1372 605 1454 optime
637 1372 748 1454 sentit,
776 1371 844 1454 sed,
876 1372 961 1454 quod
984 1393 1084 1436 avun-

129 1461 219 1523 culus
243 1464 305 1543 est,
331 1480 399 1524 non
422 1460 592 1524 acerrimas
615 1460 693 1523 dicit
719 1461 908 1541 sententiam
936 1462 1084 1524 consules

129 1547 259 1632 egregii,
276 1548 460 1631 praeclarus
479 1547 518 1611 D.
538 1547 668 1629 Brutus,
691 1549 840 1632 egregius
858 1569 938 1631 puer
957 1547 1084 1632 Caesar,

130 1636 168 1699 de
201 1657 264 1718 quo
297 1657 390 1719 spero
420 1635 566 1719 equidem
593 1638 731 1720 reliqua,
763 1637 825 1700 hoc
851 1658 927 1700 vero
960 1640 1084 1701 certum

128 1723 261 1807 habeto,
293 1724 357 1788 nisi
382 1724 436 1791 ille
465 1729 634 1790 veteranos
666 1726 810 1790 celeriter
842 1725 1085 1807 conscripsisset

129 1812 336 1896 legionesque
369 1812 450 1878 duae
482 1814 520 1878 de
549 1814 689 1878 exercitu
716 1811 853 1877 Antonii
884 1813 925 1876 ad
953 1813 1020 1876 eius
1049 1835 1084 1876 se

129 1901 355 1965 auctoritatem
385 1903 597 1975 contulissent
624 1904 720 1985 atque
747 1902 775 1965 is
803 1901 970 1985 oppositus
998 1905 1084 1964 esset

128 1992 234 2053 terror
255 1988 410 2074 Antonio,
432 1990 513 2054 nihil
537 1990 717 2054 Antonium
741 1990 881 2072 sceleris,
907 1988 989 2051 nihil
1013 2010 1084 2052 cru·

130 2076 270 2140 delitatis
288 2079 535 2160 praeteriturum
552 2079 660 2143 fuisse.
695 2077 785 2142 Haec
803 2078 872 2161 tibi,
895 2077 955 2141 etsi
974 2076 1084 2140 audita

130 2186 199 2228 esse
227 2165 420 2250 arbitrabar,
446 2167 533 2230 volui
564 2170 675 2231 tamen
701 2167 830 2236 notiora
856 2187 934 2230 csse.
984 2163 1084 2229 Plura

130 2252 277 2338 scribam,
299 2254 326 2317 si
348 2254 421 2337 plus
444 2254 502 2318 otii
523 2254 677 2320 habuero.

544 2446 665 2513 XXIX.

279 2559 336 2616 Scr.
356 2575 429 2615 anno
446 2578 473 2615 u.
493 2576 516 2615 o.
537 2565 586 2615 711
603 2560 709 2631 (paullo
728 2561 793 2616 ante
811 2558 858 2628 XI,
877 2562 940 2629 22).»

430 2684 557 2739 CICERO
576 2682 684 2738 APPIO
704 2680 778 2738 SAL.

196 2781 245 2848 De
268 2805 340 2848 meo
369 2784 474 2849 studio
504 2805 581 2869 erga
609 2785 745 2848 salutem
775 2786 808 2848 et
829 2784 1084 2850 incolumitatem

129 2873 220 2935 tuam
243 2871 338 2936 credo
360 2875 393 2936 te
417 2893 573 2958 cognosse
596 2895 635 2937 ex
656 2873 772 2938 litteris
794 2876 938 2957 tuorum,
968 2874 1084 2956 quibus

105 2962 180 3023 ¹me
213 2960 463 3025 cumulatissime
495 2961 687 3026 satisfecisse
718 2964 806 3026 certo
839 2962 918 3045 scio,
953 2983 1013 3027 nec
1044 2963 1085 3026 iis

130 3048 285 3133 concedo,
317 3070 511 3135 quamquam
538 3054 615 3114 sunt
642 3050 798 3134 singulari
824 3050 859 3113 in
885 3054 918 3114 te
947 3050 1084 3115 benevo-

129 3138 242 3222 lentia,
274 3141 311 3202 ut
337 3142 370 3202 te
399 3139 531 3203 salvum·
550 3139 665 3203 malint
691 3159 789 3221 quam
816 3158 885 3222 ego.
930 3137 982 3202 Illi
1005 3139 1086 3202 mihi

129 3246 259 3290 necesse
283 3229 332 3291 est
355 3227 546 3310 concedant,
572 3231 610 3291 ut
634 3225 695 3289 tibi
717 3226 791 3309 plus
815 3247 911 3308 quam
938 3226 1000 3311 ipsi
1023 3227 1085 3290 hoc

128 3317 273 3398 tempore
296 3316 448 3399 prodesse
470 3315 606 3400 possim3
634 3313 720 3397 quod
743 3313 872 3397 quidem
894 3335 954 3380 nec
977 3316 1085 3379 destiti

187 3504 239 3573 Ep,
261 3511 304 3575 28,
320 3513 349 3564 3.
387 3507 511 3581 reliquo,
529 3507 579 3565 boc
598 3504 675 3577 (W).
710 3519 736 3561 r.
765 3504 827 3561 Hoc
842 3505 940 3576 uulgo.

215 3818 273 3830 -ι-Λι-
