<?xml version="1.0" encoding="UTF-8"?>
<!DOCTYPE html PUBLIC "-//W3C//DTD XHTML 1.0 Transitional//EN"
    "http://www.w3.org/TR/xhtml1/DTD/xhtml1-transitional.dtd">
<html xmlns="http://www.w3.org/1999/xhtml" xml:lang="en" lang="en">
 <head>
  <title>
</title>
<meta http-equiv="Content-Type" content="text/html;charset=utf-8" />
  <meta name='ocr-system' content='tesseract 3.04.00' />
  <meta name='ocr-capabilities' content='ocr_page ocr_carea ocr_par ocr_line ocrx_word'/>
</head>
<body>
  <div class='ocr_page' id='page_1' title='image "./epistolae00cicegoog_0086.png"; bbox 0 0 2370 3878; ppageno 0'>
   <div class='ocr_carea' id='block_1_1' title="bbox 388 201 1056 269">
    <p class='ocr_par' dir='ltr' id='par_1_1' title="bbox 388 201 1056 269">
     <span class='ocr_line' id='line_1_1' title="bbox 388 201 1056 269; baseline 0.015 -10"><span class='ocrx_word' id='word_1_1' title='bbox 388 201 648 259; x_wconf 83' lang='lat' dir='ltr'><strong>EPISTOLARUM</strong></span> <span class='ocrx_word' id='word_1_2' title='bbox 666 204 713 258; x_wconf 92' lang='lat' dir='ltr'><strong>III.</strong></span> <span class='ocrx_word' id='word_1_3' title='bbox 733 209 758 259; x_wconf 87' lang='lat'><strong>8.</strong></span> <span class='ocrx_word' id='word_1_4' title='bbox 1014 205 1056 269; x_wconf 77' lang='grc'><strong>75</strong></span> 
     </span>
    </p>
   </div>
   <div class='ocr_carea' id='block_1_2' title="bbox 94 348 1089 3253">
    <p class='ocr_par' dir='ltr' id='par_1_2' title="bbox 94 348 1089 3253">
     <span class='ocr_line' id='line_1_2' title="bbox 94 348 1055 434; baseline -0.002 -19"><span class='ocrx_word' id='word_1_5' title='bbox 94 352 129 415; x_wconf 89' lang='grc'><strong>11</strong></span> <span class='ocrx_word' id='word_1_6' title='bbox 151 371 211 434; x_wconf 88' lang='lat' dir='ltr'><strong>pro</strong></span> <span class='ocrx_word' id='word_1_7' title='bbox 234 371 268 413; x_wconf 91' lang='lat' dir='ltr'><strong>re</strong></span> <span class='ocrx_word' id='word_1_8' title='bbox 292 371 360 414; x_wconf 90' lang='lat' dir='ltr'><strong>non</strong></span> <span class='ocrx_word' id='word_1_9' title='bbox 382 350 508 433; x_wconf 83' lang='lat' dir='ltr'><strong>privata</strong></span> <span class='ocrx_word' id='word_1_10' title='bbox 527 370 595 432; x_wconf 88' lang='lat' dir='ltr'><strong>sua,</strong></span> <span class='ocrx_word' id='word_1_11' title='bbox 618 348 673 412; x_wconf 92' lang='lat' dir='ltr'><strong>sed</strong></span> <span class='ocrx_word' id='word_1_12' title='bbox 692 348 830 432; x_wconf 90' lang='lat' dir='ltr'><strong>publica,</strong></span> <span class='ocrx_word' id='word_1_13' title='bbox 852 370 921 413; x_wconf 94' lang='lat' dir='ltr'><strong>non</strong></span> <span class='ocrx_word' id='word_1_14' title='bbox 938 349 973 413; x_wconf 91' lang='lat' dir='ltr'><strong>in</strong></span> <span class='ocrx_word' id='word_1_15' title='bbox 992 351 1055 433; x_wconf 89' lang='lat' dir='ltr'><strong>pri·</strong></span> 
     </span>
     <span class='ocr_line' id='line_1_3' title="bbox 95 436 1055 522; baseline 0 -20"><span class='ocrx_word' id='word_1_16' title='bbox 95 440 181 522; x_wconf 86' lang='lat' dir='ltr'><strong>vato,</strong></span> <span class='ocrx_word' id='word_1_17' title='bbox 205 437 292 501; x_wconf 89' lang='lat' dir='ltr'><strong>sed</strong></span> <span class='ocrx_word' id='word_1_18' title='bbox 283 460 318 502; x_wconf 93' lang='lat' dir='ltr'><strong>m</strong></span> <span class='ocrx_word' id='word_1_19' title='bbox 340 438 469 522; x_wconf 87' lang='lat' dir='ltr'><strong>publico</strong></span> <span class='ocrx_word' id='word_1_20' title='bbox 494 436 580 502; x_wconf 91' lang='lat' dir='ltr'><strong>orbis</strong></span> <span class='ocrx_word' id='word_1_21' title='bbox 603 439 708 500; x_wconf 91' lang='lat' dir='ltr'><strong>terrae</strong></span> <span class='ocrx_word' id='word_1_22' title='bbox 728 436 872 520; x_wconf 91' lang='lat' dir='ltr'><strong>consilio,</strong></span> <span class='ocrx_word' id='word_1_23' title='bbox 894 437 1029 502; x_wconf 90' lang='lat' dir='ltr'><strong>idest</strong></span> <span class='ocrx_word' id='word_1_24' title='bbox 1020 461 1055 502; x_wconf 90' lang='lat' dir='ltr'><strong>m</strong></span> 
     </span>
     <span class='ocr_line' id='line_1_4' title="bbox 95 525 1055 627; baseline 0 -36"><span class='ocrx_word' id='word_1_25' title='bbox 95 529 226 610; x_wconf 88' lang='lat' dir='ltr'><strong>senatu,</strong></span> <span class='ocrx_word' id='word_1_26' title='bbox 261 529 299 591; x_wconf 92' lang='lat' dir='ltr'><strong>ut</strong></span> <span class='ocrx_word' id='word_1_27' title='bbox 336 528 409 610; x_wconf 91' lang='lat' dir='ltr'><strong>grat</strong></span> <span class='ocrx_word' id='word_1_28' title='bbox 409 526 457 589; x_wconf 90' lang='lat' dir='ltr'><strong>ias</strong></span> <span class='ocrx_word' id='word_1_29' title='bbox 486 529 641 627; x_wconf 75' lang='lat' dir='ltr'>agerent,</span> <span class='ocrx_word' id='word_1_30' title='bbox 677 525 905 607; x_wconf 81' lang='lat' dir='ltr'><strong>mittebantur3</strong></span> <span class='ocrx_word' id='word_1_31' title='bbox 941 547 1055 610; x_wconf 90' lang='lat' dir='ltr'><strong>neque,</strong></span> 
     </span>
     <span class='ocr_line' id='line_1_5' title="bbox 96 574 1055 699; baseline 0 -21"><span class='ocrx_word' id='word_1_32' title='bbox 96 636 197 699; x_wconf 90' lang='lat' dir='ltr'><strong>quum</strong></span> <span class='ocrx_word' id='word_1_33' title='bbox 215 613 308 697; x_wconf 82' lang='lat' dir='ltr'><strong>edixi,</strong></span> <span class='ocrx_word' id='word_1_34' title='bbox 330 634 371 677; x_wconf 91' lang='lat' dir='ltr'><strong>ne</strong></span> <span class='ocrx_word' id='word_1_35' title='bbox 393 613 465 697; x_wconf 89' lang='lat' dir='ltr'><strong>quis</strong></span> <span class='ocrx_word' id='word_1_36' title='bbox 483 613 607 677; x_wconf 89' lang='lat' dir='ltr'><strong>iniussu</strong></span> <span class='ocrx_word' id='word_1_37' title='bbox 625 634 697 677; x_wconf 91' lang='lat' dir='ltr'><strong>meo</strong></span> <span class='ocrx_word' id='word_1_38' title='bbox 716 574 980 697; x_wconf 70' lang='lat' dir='ltr'><strong>proficiscerhtur,</strong></span> <span class='ocrx_word' id='word_1_39' title='bbox 1003 635 1055 678; x_wconf 86' lang='lat' dir='ltr'><strong>ex·</strong></span> 
     </span>
     <span class='ocr_line' id='line_1_6' title="bbox 96 701 1055 786; baseline 0 -20"><span class='ocrx_word' id='word_1_40' title='bbox 96 702 178 766; x_wconf 86' lang='lat' dir='ltr'><strong>elusi</strong></span> <span class='ocrx_word' id='word_1_41' title='bbox 204 723 273 786; x_wconf 91' lang='lat' dir='ltr'><strong>eos,</strong></span> <span class='ocrx_word' id='word_1_42' title='bbox 300 702 356 785; x_wconf 90' lang='lat' dir='ltr'><strong>qui</strong></span> <span class='ocrx_word' id='word_1_43' title='bbox 382 722 433 765; x_wconf 91' lang='lat' dir='ltr'><strong>me</strong></span> <span class='ocrx_word' id='word_1_44' title='bbox 461 701 496 764; x_wconf 91' lang='lat' dir='ltr'><strong>in</strong></span> <span class='ocrx_word' id='word_1_45' title='bbox 523 704 629 764; x_wconf 87' lang='lat' dir='ltr'><strong>castra</strong></span> <span class='ocrx_word' id='word_1_46' title='bbox 656 705 689 765; x_wconf 88' lang='lat' dir='ltr'><strong>et</strong></span> <span class='ocrx_word' id='word_1_47' title='bbox 716 702 770 784; x_wconf 94' lang='lat' dir='ltr'><strong>qui</strong></span> <span class='ocrx_word' id='word_1_48' title='bbox 797 704 889 765; x_wconf 89' lang='lat' dir='ltr'><strong>trans</strong></span> <span class='ocrx_word' id='word_1_49' title='bbox 913 701 1055 766; x_wconf 84' lang='lat' dir='ltr'>Taurum</span> 
     </span>
     <span class='ocr_line' id='line_1_7' title="bbox 95 789 1054 875; baseline 0 -21"><span class='ocrx_word' id='word_1_50' title='bbox 95 790 245 875; x_wconf 81' lang='lat' dir='ltr'><strong>persequi</strong></span> <span class='ocrx_word' id='word_1_51' title='bbox 267 812 336 855; x_wconf 93' lang='lat' dir='ltr'><strong>non</strong></span> <span class='ocrx_word' id='word_1_52' title='bbox 358 792 504 873; x_wconf 70' lang='lat' dir='ltr'><strong>possent,</strong></span> <span class='ocrx_word' id='word_1_53' title='bbox 531 811 608 853; x_wconf 86' lang='lat' dir='ltr'><strong>nem</strong></span> <span class='ocrx_word' id='word_1_54' title='bbox 634 789 741 853; x_wconf 87' lang='lat' dir='ltr'><strong>idest</strong></span> <span class='ocrx_word' id='word_1_55' title='bbox 768 790 905 861; x_wconf 83' lang='lat' dir='ltr'><strong>maxime</strong></span> <span class='ocrx_word' id='word_1_56' title='bbox 932 790 968 854; x_wconf 91' lang='lat' dir='ltr'><strong>in</strong></span> <span class='ocrx_word' id='word_1_57' title='bbox 989 792 1054 856; x_wconf 90' lang='lat' dir='ltr'><strong>tuis</strong></span> 
     </span>
     <span class='ocr_line' id='line_1_8' title="bbox 95 877 1054 963; baseline 0 -20"><span class='ocrx_word' id='word_1_58' title='bbox 95 879 212 943; x_wconf 87' lang='lat' dir='ltr'><strong>litteris</strong></span> <span class='ocrx_word' id='word_1_59' title='bbox 235 877 446 959; x_wconf 81' lang='lat' dir='ltr'><strong>irridendum3</strong></span> <span class='ocrx_word' id='word_1_60' title='bbox 470 877 546 961; x_wconf 90' lang='lat' dir='ltr'><strong>quid</strong></span> <span class='ocrx_word' id='word_1_61' title='bbox 574 877 661 941; x_wconf 91' lang='lat' dir='ltr'><strong>enim</strong></span> <span class='ocrx_word' id='word_1_62' title='bbox 684 881 765 961; x_wconf 89' lang='lat' dir='ltr'><strong>erat,</strong></span> <span class='ocrx_word' id='word_1_63' title='bbox 794 878 879 961; x_wconf 92' lang='lat' dir='ltr'><strong>quod</strong></span> <span class='ocrx_word' id='word_1_64' title='bbox 906 900 956 942; x_wconf 92' lang='lat' dir='ltr'><strong>me</strong></span> <span class='ocrx_word' id='word_1_65' title='bbox 984 901 1054 963; x_wconf 91' lang='lat' dir='ltr'><strong>per-</strong></span> 
     </span>
     <span class='ocr_line' id='line_1_9' title="bbox 97 964 1056 1050; baseline -0.001 -19"><span class='ocrx_word' id='word_1_66' title='bbox 97 970 309 1050; x_wconf 83' lang='lat' dir='ltr'><strong>sequerentur</strong></span> <span class='ocrx_word' id='word_1_67' title='bbox 335 966 371 1029; x_wconf 93' lang='lat' dir='ltr'><strong>in</strong></span> <span class='ocrx_word' id='word_1_68' title='bbox 400 968 506 1029; x_wconf 85' lang='lat' dir='ltr'><strong>castra</strong></span> <span class='ocrx_word' id='word_1_69' title='bbox 533 964 715 1029; x_wconf 84' lang='lat' dir='ltr'><strong>Taurumve</strong></span> <span class='ocrx_word' id='word_1_70' title='bbox 737 965 928 1049; x_wconf 78' lang='lat' dir='ltr'><strong>transirent,</strong></span> <span class='ocrx_word' id='word_1_71' title='bbox 956 989 1056 1050; x_wconf 90' lang='lat' dir='ltr'><strong>quum</strong></span> 
     </span>
     <span class='ocr_line' id='line_1_10' title="bbox 96 1052 1055 1140; baseline 0 -22"><span class='ocrx_word' id='word_1_72' title='bbox 96 1075 158 1140; x_wconf 88' lang='lat' dir='ltr'><strong>ego</strong></span> <span class='ocrx_word' id='word_1_73' title='bbox 177 1054 337 1120; x_wconf 85' lang='lat' dir='ltr'><strong>Laodicea</strong></span> <span class='ocrx_word' id='word_1_74' title='bbox 359 1074 460 1137; x_wconf 89' lang='lat' dir='ltr'><strong>usque</strong></span> <span class='ocrx_word' id='word_1_75' title='bbox 484 1053 524 1117; x_wconf 88' lang='lat' dir='ltr'><strong>ad</strong></span> <span class='ocrx_word' id='word_1_76' title='bbox 544 1052 691 1117; x_wconf 88' lang='lat' dir='ltr'><strong>lconium</strong></span> <span class='ocrx_word' id='word_1_77' title='bbox 712 1054 775 1118; x_wconf 92' lang='lat' dir='ltr'><strong>iter</strong></span> <span class='ocrx_word' id='word_1_78' title='bbox 792 1054 839 1117; x_wconf 90' lang='lat' dir='ltr'><strong>ita</strong></span> <span class='ocrx_word' id='word_1_79' title='bbox 856 1054 995 1137; x_wconf 89' lang='lat' dir='ltr'><strong>fecerim,</strong></span> <span class='ocrx_word' id='word_1_80' title='bbox 1018 1059 1055 1118; x_wconf 92' lang='lat' dir='ltr'><strong>ut</strong></span> 
     </span>
     <span class='ocr_line' id='line_1_11' title="bbox 96 1141 1054 1226; baseline -0.001 -19"><span class='ocrx_word' id='word_1_81' title='bbox 96 1164 148 1207; x_wconf 91' lang='lat' dir='ltr'><strong>me</strong></span> <span class='ocrx_word' id='word_1_82' title='bbox 177 1143 322 1207; x_wconf 93' lang='lat' dir='ltr'><strong>omnium</strong></span> <span class='ocrx_word' id='word_1_83' title='bbox 347 1142 475 1206; x_wconf 83' lang='lat' dir='ltr'><strong>illarum</strong></span> <span class='ocrx_word' id='word_1_84' title='bbox 499 1141 704 1226; x_wconf 83' lang='lat' dir='ltr'><strong>dioecesium,</strong></span> <span class='ocrx_word' id='word_1_85' title='bbox 735 1162 815 1225; x_wconf 90' lang='lat' dir='ltr'><strong>quae</strong></span> <span class='ocrx_word' id='word_1_86' title='bbox 844 1142 888 1205; x_wconf 90' lang='lat' dir='ltr'><strong>cis</strong></span> <span class='ocrx_word' id='word_1_87' title='bbox 912 1141 1054 1206; x_wconf 82' lang='lat' dir='ltr'><strong>Taurum</strong></span> 
     </span>
     <span class='ocr_line' id='line_1_12' title="bbox 95 1229 1053 1316; baseline -0.001 -22"><span class='ocrx_word' id='word_1_88' title='bbox 95 1234 183 1314; x_wconf 88' lang='lat' dir='ltr'><strong>sunt,</strong></span> <span class='ocrx_word' id='word_1_89' title='bbox 201 1231 407 1313; x_wconf 91' lang='lat' dir='ltr'><strong>omniumque</strong></span> <span class='ocrx_word' id='word_1_90' title='bbox 426 1251 536 1294; x_wconf 88' lang='lat' dir='ltr'><strong>earum</strong></span> <span class='ocrx_word' id='word_1_91' title='bbox 555 1230 723 1294; x_wconf 84' lang='lat' dir='ltr'><strong>civitatum</strong></span> <span class='ocrx_word' id='word_1_92' title='bbox 740 1229 949 1314; x_wconf 82' lang='lat' dir='ltr'><strong>magistratus</strong></span> <span class='ocrx_word' id='word_1_93' title='bbox 966 1231 1053 1316; x_wconf 89' lang='lat' dir='ltr'><strong>lega-</strong></span> 
     </span>
     <span class='ocr_line' id='line_1_13' title="bbox 95 1317 1089 1402; baseline -0.002 -20"><span class='ocrx_word' id='word_1_94' title='bbox 95 1319 266 1401; x_wconf 89' lang='lat' dir='ltr'><strong>tionesque</strong></span> <span class='ocrx_word' id='word_1_95' title='bbox 289 1317 519 1382; x_wconf 81' lang='lat' dir='ltr'><strong>convenirent?</strong></span> <span class='ocrx_word' id='word_1_96' title='bbox 550 1319 614 1382; x_wconf 89' lang='lat' dir='ltr'><strong>nisi</strong></span> <span class='ocrx_word' id='word_1_97' title='bbox 636 1319 720 1383; x_wconf 90' lang='lat' dir='ltr'><strong>forte</strong></span> <span class='ocrx_word' id='word_1_98' title='bbox 743 1322 856 1402; x_wconf 83' lang='lat' dir='ltr'><strong>postea</strong></span> <span class='ocrx_word' id='word_1_99' title='bbox 879 1323 1054 1402; x_wconf 89' lang='lat' dir='ltr'><strong>coeperunt</strong></span> <span class='ocrx_word' id='word_1_100' title='bbox 1073 1332 1089 1380; x_wconf 85' lang='lat'>5</span> 
     </span>
     <span class='ocr_line' id='line_1_14' title="bbox 97 1405 1054 1492; baseline 0.003 -23"><span class='ocrx_word' id='word_1_101' title='bbox 97 1408 221 1490; x_wconf 86' lang='lat' dir='ltr'><strong>legare,</strong></span> <span class='ocrx_word' id='word_1_102' title='bbox 244 1426 341 1488; x_wconf 85' lang='lat' dir='ltr'><strong>quam</strong></span> <span class='ocrx_word' id='word_1_103' title='bbox 362 1426 421 1492; x_wconf 89' lang='lat' dir='ltr'><strong>ego</strong></span> <span class='ocrx_word' id='word_1_104' title='bbox 446 1405 588 1470; x_wconf 84' lang='lat' dir='ltr'><strong>Taurum</strong></span> <span class='ocrx_word' id='word_1_105' title='bbox 610 1411 831 1492; x_wconf 89' lang='lat' dir='ltr'><strong>transgressus</strong></span> <span class='ocrx_word' id='word_1_106' title='bbox 855 1429 939 1471; x_wconf 87' lang='lat' dir='ltr'><strong>sum:</strong></span> <span class='ocrx_word' id='word_1_107' title='bbox 968 1408 1054 1490; x_wconf 93' lang='lat' dir='ltr'><strong>quod</strong></span> 
     </span>
     <span class='ocr_line' id='line_1_15' title="bbox 99 1494 1054 1578; baseline 0.002 -21"><span class='ocrx_word' id='word_1_108' title='bbox 99 1497 185 1558; x_wconf 85' lang='lat' dir='ltr'><strong>certe</strong></span> <span class='ocrx_word' id='word_1_109' title='bbox 216 1515 284 1558; x_wconf 90' lang='lat' dir='ltr'><strong>non</strong></span> <span class='ocrx_word' id='word_1_110' title='bbox 314 1494 361 1558; x_wconf 88' lang='lat' dir='ltr'><strong>ita</strong></span> <span class='ocrx_word' id='word_1_111' title='bbox 392 1497 453 1576; x_wconf 81' lang='lat' dir='ltr'><strong>est3</strong></span> <span class='ocrx_word' id='word_1_112' title='bbox 490 1516 589 1577; x_wconf 91' lang='lat' dir='ltr'><strong>quum</strong></span> <span class='ocrx_word' id='word_1_113' title='bbox 621 1496 708 1559; x_wconf 93' lang='lat' dir='ltr'><strong>enim</strong></span> <span class='ocrx_word' id='word_1_114' title='bbox 735 1495 926 1578; x_wconf 88' lang='lat' dir='ltr'><strong>Laodiceae,</strong></span> <span class='ocrx_word' id='word_1_115' title='bbox 954 1517 1054 1578; x_wconf 90' lang='lat' dir='ltr'><strong>quum</strong></span> 
     </span>
     <span class='ocr_line' id='line_1_16' title="bbox 97 1581 1053 1684; baseline 0.002 -38"><span class='ocrx_word' id='word_1_116' title='bbox 97 1581 275 1666; x_wconf 85' lang='lat' dir='ltr'><strong>Apameae,</strong></span> <span class='ocrx_word' id='word_1_117' title='bbox 298 1604 397 1666; x_wconf 91' lang='lat' dir='ltr'><strong>quum</strong></span> <span class='ocrx_word' id='word_1_118' title='bbox 420 1581 594 1684; x_wconf 82' lang='lat' dir='ltr'><strong>Synnadis,</strong></span> <span class='ocrx_word' id='word_1_119' title='bbox 617 1605 715 1666; x_wconf 90' lang='lat' dir='ltr'><strong>quum</strong></span> <span class='ocrx_word' id='word_1_120' title='bbox 737 1582 932 1667; x_wconf 87' lang='lat' dir='ltr'><strong>Philomelii,</strong></span> <span class='ocrx_word' id='word_1_121' title='bbox 955 1606 1053 1667; x_wconf 91' lang='lat' dir='ltr'><strong>quum</strong></span> 
     </span>
     <span class='ocr_line' id='line_1_17' title="bbox 97 1670 1052 1756; baseline 0.002 -22"><span class='ocrx_word' id='word_1_122' title='bbox 97 1670 201 1736; x_wconf 86' lang='lat' dir='ltr'><strong>Iconii</strong></span> <span class='ocrx_word' id='word_1_123' title='bbox 223 1686 335 1754; x_wconf 85' lang='lat' dir='ltr'><strong>essem,</strong></span> <span class='ocrx_word' id='word_1_124' title='bbox 358 1671 505 1755; x_wconf 91' lang='lat' dir='ltr'><strong>quibus</strong></span> <span class='ocrx_word' id='word_1_125' title='bbox 496 1693 531 1734; x_wconf 92' lang='lat' dir='ltr'><strong>m</strong></span> <span class='ocrx_word' id='word_1_126' title='bbox 554 1672 680 1756; x_wconf 89' lang='lat' dir='ltr'><strong>oppidis</strong></span> <span class='ocrx_word' id='word_1_127' title='bbox 705 1672 854 1736; x_wconf 87' lang='lat' dir='ltr'><strong>omnibus</strong></span> <span class='ocrx_word' id='word_1_128' title='bbox 877 1693 1052 1737; x_wconf 88' lang='lat' dir='ltr'><strong>commora-</strong></span> 
     </span>
     <span class='ocr_line' id='line_1_18' title="bbox 96 1759 1054 1845; baseline 0.001 -22"><span class='ocrx_word' id='word_1_129' title='bbox 96 1763 151 1823; x_wconf 88' lang='lat' dir='ltr'><strong>tus</strong></span> <span class='ocrx_word' id='word_1_130' title='bbox 174 1781 254 1842; x_wconf 90' lang='lat' dir='ltr'><strong>sum,</strong></span> <span class='ocrx_word' id='word_1_131' title='bbox 277 1780 388 1824; x_wconf 91' lang='lat' dir='ltr'><strong>omnes</strong></span> <span class='ocrx_word' id='word_1_132' title='bbox 411 1759 476 1823; x_wconf 88' lang='lat' dir='ltr'><strong>iam</strong></span> <span class='ocrx_word' id='word_1_133' title='bbox 498 1759 592 1823; x_wconf 90' lang='lat' dir='ltr'><strong>istius</strong></span> <span class='ocrx_word' id='word_1_134' title='bbox 615 1760 741 1844; x_wconf 86' lang='lat' dir='ltr'><strong>generis</strong></span> <span class='ocrx_word' id='word_1_135' title='bbox 758 1760 938 1845; x_wconf 84' lang='lat' dir='ltr'><strong>legationes</strong></span> <span class='ocrx_word' id='word_1_136' title='bbox 961 1765 1054 1824; x_wconf 89' lang='lat' dir='ltr'><strong>erant</strong></span> 
     </span>
     <span class='ocr_line' id='line_1_19' title="bbox 98 1810 1053 1931; baseline 0 -19"><span class='ocrx_word' id='word_1_137' title='bbox 98 1810 302 1913; x_wconf 80' lang='lat' dir='ltr'><strong>constitutae.</strong></span> <span class='ocrx_word' id='word_1_138' title='bbox 338 1846 446 1931; x_wconf 89' lang='lat' dir='ltr'><strong>Atque</strong></span> <span class='ocrx_word' id='word_1_139' title='bbox 468 1847 531 1911; x_wconf 92' lang='lat' dir='ltr'><strong>hoc</strong></span> <span class='ocrx_word' id='word_1_140' title='bbox 553 1850 664 1911; x_wconf 88' lang='lat' dir='ltr'><strong>tamen</strong></span> <span class='ocrx_word' id='word_1_141' title='bbox 685 1850 718 1910; x_wconf 91' lang='lat' dir='ltr'><strong>te</strong></span> <span class='ocrx_word' id='word_1_142' title='bbox 738 1848 818 1910; x_wconf 89' lang='lat' dir='ltr'><strong>scire</strong></span> <span class='ocrx_word' id='word_1_143' title='bbox 837 1849 921 1930; x_wconf 80' lang='lat' dir='ltr'><strong>volo,</strong></span> <span class='ocrx_word' id='word_1_144' title='bbox 943 1849 1053 1912; x_wconf 91' lang='lat' dir='ltr'><strong>mede</strong></span> 
     </span>
     <span class='ocr_line' id='line_1_20' title="bbox 97 1934 1053 2020; baseline 0.001 -22"><span class='ocrx_word' id='word_1_145' title='bbox 97 1935 161 2000; x_wconf 89' lang='lat' dir='ltr'><strong>isto</strong></span> <span class='ocrx_word' id='word_1_146' title='bbox 189 1939 320 2020; x_wconf 88' lang='lat' dir='ltr'><strong>sumptu</strong></span> <span class='ocrx_word' id='word_1_147' title='bbox 344 1935 546 2020; x_wconf 85' lang='lat' dir='ltr'><strong>legationum</strong></span> <span class='ocrx_word' id='word_1_148' title='bbox 573 1939 630 1999; x_wconf 90' lang='lat' dir='ltr'><strong>aut</strong></span> <span class='ocrx_word' id='word_1_149' title='bbox 660 1934 834 1998; x_wconf 90' lang='lat' dir='ltr'><strong>minuendo</strong></span> <span class='ocrx_word' id='word_1_150' title='bbox 863 1937 919 1998; x_wconf 88' lang='grc'>1111</span> <span class='ocrx_word' id='word_1_151' title='bbox 945 1936 1053 1999; x_wconf 89' lang='lat' dir='ltr'><strong>remit-</strong></span> 
     </span>
     <span class='ocr_line' id='line_1_21' title="bbox 97 1959 1054 2106; baseline 0 -18"><span class='ocrx_word' id='word_1_152' title='bbox 97 2023 196 2089; x_wconf 88' lang='lat' dir='ltr'><strong>tendo</strong></span> <span class='ocrx_word' id='word_1_153' title='bbox 216 1959 392 2089; x_wconf 76' lang='lat' dir='ltr'><strong>decprevisse</strong></span> <span class='ocrx_word' id='word_1_154' title='bbox 411 2022 503 2105; x_wconf 92' lang='lat' dir='ltr'><strong>nihil,</strong></span> <span class='ocrx_word' id='word_1_155' title='bbox 520 2022 585 2086; x_wconf 91' lang='lat' dir='ltr'><strong>nisi</strong></span> <span class='ocrx_word' id='word_1_156' title='bbox 603 2022 688 2105; x_wconf 92' lang='lat' dir='ltr'><strong>quod</strong></span> <span class='ocrx_word' id='word_1_157' title='bbox 707 2022 867 2106; x_wconf 89' lang='lat' dir='ltr'><strong>principes</strong></span> <span class='ocrx_word' id='word_1_158' title='bbox 886 2021 962 2086; x_wconf 83' lang='lat' dir='ltr'><strong>civit</strong></span> <span class='ocrx_word' id='word_1_159' title='bbox 964 2026 1054 2088; x_wconf 90' lang='lat' dir='ltr'><strong>atum</strong></span> 
     </span>
     <span class='ocr_line' id='line_1_22' title="bbox 96 2109 1053 2196; baseline -0.001 -19"><span class='ocrx_word' id='word_1_160' title='bbox 96 2132 118 2176; x_wconf 88' lang='grc'><strong>1</strong></span> <span class='ocrx_word' id='word_1_161' title='bbox 144 2133 195 2176; x_wconf 91' lang='lat' dir='ltr'><strong>me</strong></span> <span class='ocrx_word' id='word_1_162' title='bbox 222 2113 455 2196; x_wconf 85' lang='lat' dir='ltr'><strong>postulassent,</strong></span> <span class='ocrx_word' id='word_1_163' title='bbox 482 2130 523 2173; x_wconf 92' lang='lat' dir='ltr'><strong>ne</strong></span> <span class='ocrx_word' id='word_1_164' title='bbox 551 2110 586 2173; x_wconf 93' lang='lat' dir='ltr'><strong>in</strong></span> <span class='ocrx_word' id='word_1_165' title='bbox 612 2109 831 2174; x_wconf 88' lang='lat' dir='ltr'><strong>venditionem</strong></span> <span class='ocrx_word' id='word_1_166' title='bbox 857 2109 1053 2176; x_wconf 88' lang='lat' dir='ltr'><strong>tributorum</strong></span> 
     </span>
     <span class='ocr_line' id='line_1_23' title="bbox 98 2198 1053 2282; baseline 0 -18"><span class='ocrx_word' id='word_1_167' title='bbox 98 2203 131 2264; x_wconf 86' lang='lat' dir='ltr'><strong>et</strong></span> <span class='ocrx_word' id='word_1_168' title='bbox 162 2200 252 2264; x_wconf 90' lang='lat' dir='ltr'><strong>illam</strong></span> <span class='ocrx_word' id='word_1_169' title='bbox 279 2198 517 2264; x_wconf 87' lang='lat' dir='ltr'><strong>acerbissimam</strong></span> <span class='ocrx_word' id='word_1_170' title='bbox 544 2198 757 2282; x_wconf 81' lang='lat' dir='ltr'><strong>exactionem,</strong></span> <span class='ocrx_word' id='word_1_171' title='bbox 789 2220 886 2281; x_wconf 87' lang='lat' dir='ltr'><strong>quam</strong></span> <span class='ocrx_word' id='word_1_172' title='bbox 917 2202 954 2263; x_wconf 89' lang='lat' dir='ltr'><strong>tu</strong></span> <span class='ocrx_word' id='word_1_173' title='bbox 984 2221 1053 2264; x_wconf 91' lang='lat' dir='ltr'><strong>non</strong></span> 
     </span>
     <span class='ocr_line' id='line_1_24' title="bbox 97 2287 1051 2373; baseline 0 -22"><span class='ocrx_word' id='word_1_174' title='bbox 97 2288 239 2373; x_wconf 87' lang='lat' dir='ltr'><strong>ignoras,</strong></span> <span class='ocrx_word' id='word_1_175' title='bbox 257 2288 399 2372; x_wconf 89' lang='lat' dir='ltr'><strong>capitum</strong></span> <span class='ocrx_word' id='word_1_176' title='bbox 413 2290 509 2371; x_wconf 90' lang='lat' dir='ltr'><strong>atque</strong></span> <span class='ocrx_word' id='word_1_177' title='bbox 524 2287 680 2352; x_wconf 90' lang='lat' dir='ltr'><strong>ostiorum</strong></span> <span class='ocrx_word' id='word_1_178' title='bbox 697 2287 927 2351; x_wconf 90' lang='lat' dir='ltr'><strong>inducerentur</strong></span> <span class='ocrx_word' id='word_1_179' title='bbox 945 2309 1051 2372; x_wconf 92' lang='lat' dir='ltr'><strong>sump</strong></span> 
     </span>
     <span class='ocr_line' id='line_1_25' title="bbox 97 2375 1051 2477; baseline 0 -37"><span class='ocrx_word' id='word_1_180' title='bbox 97 2379 150 2440; x_wconf 92' lang='lat' dir='ltr'><strong>tus</strong></span> <span class='ocrx_word' id='word_1_181' title='bbox 168 2376 300 2440; x_wconf 92' lang='lat' dir='ltr'><strong>minime</strong></span> <span class='ocrx_word' id='word_1_182' title='bbox 317 2377 502 2457; x_wconf 80' lang='lat' dir='ltr'><strong>necessarii3</strong></span> <span class='ocrx_word' id='word_1_183' title='bbox 525 2396 585 2477; x_wconf 89' lang='lat' dir='ltr'><strong>ego</strong></span> <span class='ocrx_word' id='word_1_184' title='bbox 605 2379 722 2459; x_wconf 90' lang='lat' dir='ltr'><strong>autem,</strong></span> <span class='ocrx_word' id='word_1_185' title='bbox 745 2376 844 2459; x_wconf 90' lang='lat' dir='ltr'><strong>quum</strong></span> <span class='ocrx_word' id='word_1_186' title='bbox 866 2375 929 2440; x_wconf 92' lang='lat' dir='ltr'><strong>hoc</strong></span> <span class='ocrx_word' id='word_1_187' title='bbox 947 2397 1051 2441; x_wconf 92' lang='lat' dir='ltr'><strong>susce·</strong></span> 
     </span>
     <span class='ocr_line' id='line_1_26' title="bbox 96 2463 1052 2548; baseline -0.001 -20"><span class='ocrx_word' id='word_1_188' title='bbox 96 2465 217 2548; x_wconf 87' lang='lat' dir='ltr'><strong>pissem</strong></span> <span class='ocrx_word' id='word_1_189' title='bbox 239 2486 307 2530; x_wconf 92' lang='lat' dir='ltr'><strong>non</strong></span> <span class='ocrx_word' id='word_1_190' title='bbox 335 2466 440 2529; x_wconf 89' lang='lat' dir='ltr'><strong>solum</strong></span> <span class='ocrx_word' id='word_1_191' title='bbox 461 2464 562 2528; x_wconf 88' lang='lat' dir='ltr'><strong>iustit</strong></span> <span class='ocrx_word' id='word_1_192' title='bbox 553 2485 597 2548; x_wconf 84' lang='lat' dir='ltr'><strong>ra,</strong></span> <span class='ocrx_word' id='word_1_193' title='bbox 625 2464 681 2528; x_wconf 91' lang='lat' dir='ltr'><strong>sed</strong></span> <span class='ocrx_word' id='word_1_194' title='bbox 708 2463 806 2528; x_wconf 83' lang='lat' dir='ltr'><strong>etiam</strong></span> <span class='ocrx_word' id='word_1_195' title='bbox 835 2463 1052 2528; x_wconf 87' lang='lat' dir='ltr'><strong>misericordia</strong></span> 
     </span>
     <span class='ocr_line' id='line_1_27' title="bbox 98 2551 1053 2637; baseline 0.001 -21"><span class='ocrx_word' id='word_1_196' title='bbox 98 2552 268 2637; x_wconf 87' lang='lat' dir='ltr'><strong>adductus,</strong></span> <span class='ocrx_word' id='word_1_197' title='bbox 294 2555 332 2616; x_wconf 92' lang='lat' dir='ltr'><strong>ut</strong></span> <span class='ocrx_word' id='word_1_198' title='bbox 356 2553 496 2617; x_wconf 87' lang='lat' dir='ltr'><strong>levarem</strong></span> <span class='ocrx_word' id='word_1_199' title='bbox 518 2552 655 2616; x_wconf 88' lang='lat' dir='ltr'><strong>miseriis</strong></span> <span class='ocrx_word' id='word_1_200' title='bbox 682 2552 823 2635; x_wconf 88' lang='lat' dir='ltr'><strong>perditas</strong></span> <span class='ocrx_word' id='word_1_201' title='bbox 851 2551 996 2616; x_wconf 83' lang='lat' dir='ltr'><strong>civitates</strong></span> <span class='ocrx_word' id='word_1_202' title='bbox 1020 2557 1053 2617; x_wconf 90' lang='lat' dir='ltr'><strong>et</strong></span> 
     </span>
     <span class='ocr_line' id='line_1_28' title="bbox 96 2640 1053 2726; baseline 0 -22"><span class='ocrx_word' id='word_1_203' title='bbox 96 2641 239 2724; x_wconf 87' lang='lat' dir='ltr'><strong>perditas</strong></span> <span class='ocrx_word' id='word_1_204' title='bbox 266 2640 402 2706; x_wconf 88' lang='lat' dir='ltr'><strong>maxime</strong></span> <span class='ocrx_word' id='word_1_205' title='bbox 429 2661 487 2725; x_wconf 88' lang='lat' dir='ltr'><strong>per</strong></span> <span class='ocrx_word' id='word_1_206' title='bbox 512 2640 722 2726; x_wconf 85' lang='lat' dir='ltr'><strong>magistratus</strong></span> <span class='ocrx_word' id='word_1_207' title='bbox 746 2660 834 2722; x_wconf 89' lang='lat' dir='ltr'><strong>suos,</strong></span> <span class='ocrx_word' id='word_1_208' title='bbox 865 2659 934 2703; x_wconf 94' lang='lat' dir='ltr'><strong>non</strong></span> <span class='ocrx_word' id='word_1_209' title='bbox 959 2641 1053 2722; x_wconf 87' lang='lat' dir='ltr'><strong>potui</strong></span> 
     </span>
     <span class='ocr_line' id='line_1_29' title="bbox 96 2726 1052 2812; baseline 0 -20"><span class='ocrx_word' id='word_1_210' title='bbox 96 2729 132 2792; x_wconf 93' lang='lat' dir='ltr'><strong>in</strong></span> <span class='ocrx_word' id='word_1_211' title='bbox 154 2730 210 2793; x_wconf 92' lang='lat' dir='ltr'><strong>illo</strong></span> <span class='ocrx_word' id='word_1_212' title='bbox 234 2732 365 2812; x_wconf 89' lang='lat' dir='ltr'><strong>sumptu</strong></span> <span class='ocrx_word' id='word_1_213' title='bbox 387 2751 455 2794; x_wconf 91' lang='lat' dir='ltr'><strong>non</strong></span> <span class='ocrx_word' id='word_1_214' title='bbox 477 2729 657 2793; x_wconf 88' lang='lat' dir='ltr'><strong>necessario</strong></span> <span class='ocrx_word' id='word_1_215' title='bbox 681 2728 850 2812; x_wconf 85' lang='lat' dir='ltr'><strong>negligens</strong></span> <span class='ocrx_word' id='word_1_216' title='bbox 869 2747 947 2790; x_wconf 90' lang='lat' dir='ltr'><strong>esse.</strong></span> <span class='ocrx_word' id='word_1_217' title='bbox 993 2726 1052 2811; x_wconf 84' lang='lat' dir='ltr'><strong>Tu,</strong></span> 
     </span>
     <span class='ocr_line' id='line_1_30' title="bbox 95 2815 1051 2899; baseline -0.001 -18"><span class='ocrx_word' id='word_1_218' title='bbox 95 2818 125 2881; x_wconf 82' lang='lat' dir='ltr'><strong>si</strong></span> <span class='ocrx_word' id='word_1_219' title='bbox 150 2817 331 2882; x_wconf 88' lang='lat' dir='ltr'><strong>istiusmodi</strong></span> <span class='ocrx_word' id='word_1_220' title='bbox 358 2838 521 2882; x_wconf 87' lang='lat' dir='ltr'><strong>sermones</strong></span> <span class='ocrx_word' id='word_1_221' title='bbox 553 2817 594 2881; x_wconf 92' lang='lat' dir='ltr'><strong>ad</strong></span> <span class='ocrx_word' id='word_1_222' title='bbox 625 2820 658 2880; x_wconf 92' lang='lat' dir='ltr'><strong>te</strong></span> <span class='ocrx_word' id='word_1_223' title='bbox 692 2816 791 2880; x_wconf 90' lang='lat' dir='ltr'><strong>delati</strong></span> <span class='ocrx_word' id='word_1_224' title='bbox 822 2815 861 2879; x_wconf 94' lang='lat' dir='ltr'><strong>de</strong></span> <span class='ocrx_word' id='word_1_225' title='bbox 887 2837 939 2880; x_wconf 92' lang='lat' dir='ltr'><strong>me</strong></span> <span class='ocrx_word' id='word_1_226' title='bbox 967 2821 1051 2899; x_wconf 91' lang='lat' dir='ltr'><strong>sunt,</strong></span> 
     </span>
     <span class='ocr_line' id='line_1_31' title="bbox 96 2903 1051 2989; baseline -0.002 -20"><span class='ocrx_word' id='word_1_227' title='bbox 96 2926 164 2970; x_wconf 91' lang='lat' dir='ltr'><strong>non</strong></span> <span class='ocrx_word' id='word_1_228' title='bbox 187 2905 326 2970; x_wconf 88' lang='lat' dir='ltr'><strong>debuisti</strong></span> <span class='ocrx_word' id='word_1_229' title='bbox 349 2905 489 2987; x_wconf 80' lang='lat' dir='ltr'><strong>credere3</strong></span> <span class='ocrx_word' id='word_1_230' title='bbox 512 2905 539 2969; x_wconf 89' lang='lat' dir='ltr'><strong>si</strong></span> <span class='ocrx_word' id='word_1_231' title='bbox 562 2908 670 2969; x_wconf 87' lang='lat' dir='ltr'><strong>autem</strong></span> <span class='ocrx_word' id='word_1_232' title='bbox 692 2903 755 2969; x_wconf 92' lang='lat' dir='ltr'><strong>hoc</strong></span> <span class='ocrx_word' id='word_1_233' title='bbox 778 2924 894 2989; x_wconf 88' lang='lat' dir='ltr'><strong>genere</strong></span> <span class='ocrx_word' id='word_1_234' title='bbox 915 2903 1051 2968; x_wconf 87' lang='lat' dir='ltr'><strong>delecta-</strong></span> 
     </span>
     <span class='ocr_line' id='line_1_32' title="bbox 96 2992 1051 3077; baseline 0.001 -23"><span class='ocrx_word' id='word_1_235' title='bbox 96 2993 150 3074; x_wconf 89' lang='lat' dir='ltr'><strong>ris,</strong></span> <span class='ocrx_word' id='word_1_236' title='bbox 172 2995 218 3077; x_wconf 91' lang='lat' dir='ltr'><strong>ut,</strong></span> <span class='ocrx_word' id='word_1_237' title='bbox 241 3014 323 3077; x_wconf 92' lang='lat' dir='ltr'><strong>qnae</strong></span> <span class='ocrx_word' id='word_1_238' title='bbox 340 2993 400 3058; x_wconf 85' lang='lat' dir='ltr'><strong>tibi</strong></span> <span class='ocrx_word' id='word_1_239' title='bbox 417 2993 453 3056; x_wconf 91' lang='lat' dir='ltr'><strong>in</strong></span> <span class='ocrx_word' id='word_1_240' title='bbox 471 2995 612 3056; x_wconf 87' lang='lat' dir='ltr'><strong>mentem</strong></span> <span class='ocrx_word' id='word_1_241' title='bbox 630 2992 772 3075; x_wconf 87' lang='lat' dir='ltr'><strong>veniant,</strong></span> <span class='ocrx_word' id='word_1_242' title='bbox 794 2992 865 3056; x_wconf 88' lang='lat' dir='ltr'><strong>aliis</strong></span> <span class='ocrx_word' id='word_1_243' title='bbox 884 2992 1051 3074; x_wconf 83' lang='lat' dir='ltr'><strong>attribuas,</strong></span> 
     </span>
     <span class='ocr_line' id='line_1_33' title="bbox 99 3079 1049 3161; baseline 0.002 -21"><span class='ocrx_word' id='word_1_244' title='bbox 99 3097 200 3161; x_wconf 86' lang='lat' dir='ltr'><strong>genus</strong></span> <span class='ocrx_word' id='word_1_245' title='bbox 222 3081 379 3146; x_wconf 89' lang='lat' dir='ltr'><strong>sermonis</strong></span> <span class='ocrx_word' id='word_1_246' title='bbox 405 3080 530 3145; x_wconf 91' lang='lat' dir='ltr'><strong>inducis</strong></span> <span class='ocrx_word' id='word_1_247' title='bbox 556 3081 593 3144; x_wconf 90' lang='lat' dir='ltr'><strong>in</strong></span> <span class='ocrx_word' id='word_1_248' title='bbox 619 3080 793 3144; x_wconf 86' lang='lat' dir='ltr'><strong>amicitiam</strong></span> <span class='ocrx_word' id='word_1_249' title='bbox 820 3080 950 3144; x_wconf 92' lang='lat' dir='ltr'><strong>minime</strong></span> <span class='ocrx_word' id='word_1_250' title='bbox 972 3079 1049 3143; x_wconf 91' lang='lat' dir='ltr'><strong>libe-</strong></span> 
     </span>
     <span class='ocr_line' id='line_1_34' title="bbox 97 3165 1051 3253; baseline 0.002 -25"><span class='ocrx_word' id='word_1_251' title='bbox 97 3165 173 3228; x_wconf 88' lang='lat' dir='ltr'><strong>rale.</strong></span> <span class='ocrx_word' id='word_1_252' title='bbox 217 3165 305 3253; x_wconf 83' lang='lat' dir='ltr'><strong>Ego,</strong></span> <span class='ocrx_word' id='word_1_253' title='bbox 332 3169 360 3233; x_wconf 91' lang='lat' dir='ltr'><strong>si</strong></span> <span class='ocrx_word' id='word_1_254' title='bbox 381 3168 417 3233; x_wconf 94' lang='lat' dir='ltr'><strong>in</strong></span> <span class='ocrx_word' id='word_1_255' title='bbox 438 3167 604 3253; x_wconf 83' lang='lat' dir='ltr'><strong>provincia</strong></span> <span class='ocrx_word' id='word_1_256' title='bbox 631 3168 670 3234; x_wconf 89' lang='lat' dir='ltr'><strong>de</strong></span> <span class='ocrx_word' id='word_1_257' title='bbox 692 3172 751 3233; x_wconf 91' lang='grc'>1111</span> <span class='ocrx_word' id='word_1_258' title='bbox 771 3168 860 3233; x_wconf 84' lang='lat' dir='ltr'><strong>fama</strong></span> <span class='ocrx_word' id='word_1_259' title='bbox 883 3165 1051 3231; x_wconf 87' lang='lat' dir='ltr'><strong>detrahere</strong></span> 
     </span>
    </p>
   </div>
   <div class='ocr_carea' id='block_1_3' title="bbox 93 3462 1051 3603">
    <p class='ocr_par' dir='ltr' id='par_1_3' title="bbox 93 3462 1051 3603">
     <span class='ocr_line' id='line_1_35' title="bbox 93 3462 1051 3603; baseline -0.037 -52"><span class='ocrx_word' id='word_1_260' title='bbox 93 3463 218 3603; x_wconf 34' lang='lat' dir='ltr'><strong>qussg</strong></span> <span class='ocrx_word' id='word_1_261' title='bbox 237 3469 295 3532; x_wconf 75' lang='lat' dir='ltr'><strong>ar</strong></span> <span class='ocrx_word' id='word_1_262' title='bbox 346 3465 379 3521; x_wconf 66' lang='lat' dir='ltr'><strong>id</strong></span> <span class='ocrx_word' id='word_1_263' title='bbox 395 3467 484 3522; x_wconf 73' lang='grc'>1111</span> <span class='ocrx_word' id='word_1_264' title='bbox 505 3470 602 3522; x_wconf 74' lang='lat' dir='ltr'><strong>senaa</strong></span> <span class='ocrx_word' id='word_1_265' title='bbox 625 3466 682 3535; x_wconf 82' lang='grc'>(11,</span> <span class='ocrx_word' id='word_1_266' title='bbox 700 3465 805 3534; x_wconf 71' lang='lat' dir='ltr'><strong>vergo).</strong></span> <span class='ocrx_word' id='word_1_267' title='bbox 853 3462 896 3534; x_wconf 84' lang='grc'><strong>[11</strong></span> <span class='ocrx_word' id='word_1_268' title='bbox 913 3462 1051 3531; x_wconf 74' lang='grc'>11111</span> 
     </span>
    </p>
   </div>
   <div class='ocr_carea' id='block_1_4' title="bbox 0 0 1190 3878">
    <p class='ocr_par' dir='ltr' id='par_1_4' title="bbox 0 0 1190 3878">
     <span class='ocr_line' id='line_1_36' title="bbox 0 0 1190 3878; baseline 0 0"><span class='ocrx_word' id='word_1_269' title='bbox 0 0 1190 3878; x_wconf 95' lang='lat' dir='ltr'><strong> </strong></span> 
     </span>
    </p>
   </div>
  </div>
 </body>
</html>
