2370 3878
330 144 592 233 nrrsroiraun
609 175 683 233 xm.
703 182 815 233 m-m.
983 177 1049 242 463

91 343 177 405 esse,
209 322 266 386 sed
296 322 382 386 malo
415 322 553 406 ecdicos,
582 326 620 386 ut
646 322 766 430 aliquid
794 323 908 388 confici
933 323 1049 406 possit,

91 412 535 563 ttztssthtlrtl
561 410 1084 564 ⁹tthll“lttltl¹¹ht⁸2

91 586 268 651 bandensis
294 579 471 669 ὑποθήκας
498 583 611 651 Cluvio
641 586 740 653 dedit:
773 609 829 651 cae
861 587 1049 651 commissae

93 678 186 756 sunt3
216 673 314 739 uelim
345 694 450 756 cures,
481 678 519 738 ut
550 677 606 738 aut
638 675 676 738 de
703 675 891 759 hypothecis
919 675 1051 739 decedat

93 783 212 847 easque
240 763 501 846 procuratoribus
524 760 629 827 Cluuii
655 762 764 827 tradat
794 767 850 826 aut
881 764 1050 846 pecuniam

93 851 208 915 solvat.
253 849 425 914 Praeterea
450 848 659 915 Heracleotae
687 855 720 914 et
748 849 963 935 Bargylietae,
995 852 1050 935 qui
1133 910 1136 915 .

93 937 174 1002 item
206 939 335 1020 debent,
367 943 424 1002 aut
454 938 624 1022 pecuniam
656 939 783 1003 solvant
810 943 866 1002 aut
894 939 1050 1002 fmictibus

94 1027 162 1091 suis
181 1025 388 1091 satisfaciant.
426 1023 540 1091 Caunii
558 1029 723 1109 praeterea
742 1027 867 1109 dehent,
887 1026 942 1089 sed
960 1026 1051 1090 aiunt
1069 1038 1085 1085 3

95 1135 131 1179 se
159 1114 338 1198 depositam
365 1115 534 1197 pecuniam
561 1114 725 1178 habuisse:
756 1115 788 1178 id
815 1115 910 1178 velim
934 1133 1050 1198 cogno·

95 1223 168 1266 scas
191 1207 236 1286 et,
263 1203 292 1266 si
318 1203 511 1267 intellexeris
539 1224 593 1265 eos
621 1223 724 1286 neque
752 1224 791 1266 ex
817 1203 921 1266 edicto
947 1221 1051 1285 neque

96 1311 137 1353 ex
160 1290 286 1354 decreto
309 1290 487 1374 depositam
505 1290 665 1373 hahuisse,
688 1290 743 1354 des
763 1312 902 1374 operam,
924 1293 960 1352 ut
977 1311 1050 1352 usu-

96 1399 152 1442 rae
167 1376 279 1444 (iluvio
297 1377 446 1443 instituto
465 1382 521 1443 tuo
541 1382 775 1443 conserventur.
810 1377 872 1441 His
896 1378 933 1441 de
956 1378 1051 1441 rebus

97 1487 137 1530 eo
155 1466 259 1551 magis
277 1466 398 1548 lahor0,
417 1466 502 1550 quod
521 1467 628 1551 agitur
645 1487 695 1530 res
710 1466 767 1531 Cn.
782 1465 926 1549 Pompeii
945 1465 1051 1549 etiam,

96 1554 202 1618 nostri
224 1555 408 1636 necessarii,
436 1559 469 1618 et
492 1554 576 1639 quod
603 1554 631 1618 is
654 1555 758 1639 magis
785 1555 883 1619 etiam
904 1554 984 1618 mihi
1006 1555 1050 1617 la·

97 1642 213 1706 horare
235 1641 361 1706 videtur
387 1664 484 1726 quam
511 1643 579 1726 ipse
603 1641 746 1727 Cluvius,
774 1645 825 1708 cui
853 1643 1052 1706 satisfactum

99 1751 169 1794 esse
198 1751 217 1794 a
244 1729 337 1794 nohis
365 1731 457 1794 valde
488 1732 570 1794 volo.
622 1729 683 1794 His
711 1731 749 1796 de
779 1731 874 1795 rebus
901 1735 933 1794 te
960 1730 1052 1794 vehe-

98 1821 225 1883 menter
247 1818 344 1881 etiam
367 1821 464 1903 atque
488 1819 584 1882 etiam
608 1838 696 1903 rogo.

524 2010 624 2076 LVII.

238 2121 296 2179 Sor.
315 2122 468 2179 Laodiceae
487 2140 581 2178 mense
598 2123 701 2178 Martio
720 2140 745 2177 a.
763 2141 790 2178 u.
809 2139 833 2177 c.
853 2129 912 2177 794.

307 2247 434 2302 CICERO
454 2247 606 2303 THERMO
624 2247 751 2301 PROPR.
771 2246 846 2300 SAL.

168 2344 239 2421 Quo
265 2349 369 2431 magis
397 2347 539 2430 quotidie
567 2369 605 2412 ex
632 2347 748 2411 litteris
775 2347 959 2431 nuntiisque
987 2345 1086 2409 hel-1

100 2436 168 2499 lum
191 2455 345 2519 magnum
368 2456 437 2498 esse
459 2436 495 2499 in
518 2434 610 2518 Syria
632 2455 804 2519 cognoscO,
827 2456 864 2498 eo
888 2435 1053 2498 vehemen-

99 2523 166 2587 tius
185 2545 205 2586 a
222 2526 255 2586 te
273 2545 331 2606 pro
349 2527 460 2586 nostra
478 2524 711 2588 necessitudine
729 2523 897 2606 contendo,
919 2526 955 2585 ut
975 2522 1054 2584 mihi

99 2610 145 2674 M.
159 2610 321 2675 Anneium
343 2612 485 2696 legatum
508 2612 612 2695 primo
632 2633 757 2696 quoque
780 2615 923 2693 tempore
946 2609 1053 2672 remit·

99 2704 166 2782 tas3
190 2721 267 2763 nam
289 2700 356 2763 eius
380 2722 491 2782 opera,
513 2701 657 2782 consilio,
680 2700 814 2764 scientia
837 2699 883 2762 rei
907 2697 1053 2761 militaris

100 2788 152 2852 vel
175 2788 312 2851 maxime
335 2788 481 2871 intelligo
508 2809 559 2851 me
583 2791 615 2851 et
637 2809 705 2851 rem
726 2788 888 2870 publicam
911 2785 1055 2850 adiuvari

100 2896 204 2959 posse.
247 2874 338 2950 Quod
360 2876 424 2939 nisi
446 2879 611 2940 tantares
635 2876 702 2939 eius
726 2879 882 2959 ageretur,
904 2897 963 2938 nec
985 2875 1054 2957 ipse

101 2964 215 3028 adduci
243 2964 415 3046 potuisset,
442 2967 479 3026 ut
507 2985 526 3026 a
552 2984 604 3026 mo
636 2963 823 3045 discederet,
854 2984 958 3048 neque
985 2982 1055 3046 ego,

100 3056 137 3116 ut
164 3074 237 3116 eurn
265 3074 285 3115 a
311 3074 362 3114 me
390 3052 592 3114 dimitterem.
642 3050 714 3135 Ego
746 3051 780 3115 in
808 3050 953 3116 Ciliciam
981 3072 1054 3133 pro-

99 3140 199 3204 ficisci
228 3140 335 3224 cogito
363 3139 487 3203 circitor
513 3138 552 3203 K.
580 3138 669 3203 Mai:
699 3142 773 3203 ante
801 3161 872 3202 eam
900 3139 984 3202 diem
1010 3136 1055 3202 M.

171 3366 223 3436 Ep.
243 3373 324 3436 56,1.
361 3365 533 3434 Ἆλαβανδεῑς
553 3366 627 3434 (On).
665 3367 821 3421 Alabandis
838 3363 991 3433 M.‚vulg0.
1029 3369 1053 3417 2.

95 3439 275 3576 ,sparnacensis
354 3440 457 3519 soleat..
487 3440 579 3492 Praei.
596 3438 719 3508 (vulgo).
756 3440 828 3490 aaut.
862 3434 947 3488 Velim
1023 3449 1055 3500 a,
