2370 3878
257 169 322 233 024
538 171 575 224 M.
596 168 718 223 TULLII
737 168 926 223 CICERONIS

258 320 291 379 et
317 335 447 398 prorsus
474 314 521 378 ita
546 314 610 377 fnit
635 317 669 377 et
695 318 804 377 tamen
827 314 880 376 illa
907 313 1064 398 plausus,
1095 317 1168 397 qui¹

218 403 365 486 udatur,
394 401 533 485 quodam
556 401 651 465 modo
674 402 768 465 nobis
795 400 921 464 videtur
947 401 1032 465 dari.
1083 401 1158 466 Red

258 491 355 554 etiam
382 489 461 553 mihi
488 492 538 552 est
563 492 712 572 pervetus
740 489 888 572 epistola,
921 488 978 552 sed
1007 509 1088 553 sero
1118 492 1184 555 alla

257 579 292 640 in
319 598 383 660 qua
410 576 448 639 de
481 577 557 640 aede
580 576 716 641 Telluris
748 580 781 640 et
812 576 851 640 de
879 574 1009 659 porticu
1033 574 1154 642 Catuli

258 666 424 728 admones:
451 664 489 727 fit
510 669 680 747 utrumque
704 663 889 747 diligenter,
917 663 956 726 ad
982 662 1134 730 Telluris
1159 689 1181 750 q

258 752 329 815 dem
357 752 454 815 etiam
480 756 570 815 tuam
598 755 738 816 statuam
764 751 876 815 locavi.
925 751 1011 815 Item
1047 752 1092 816 de
1122 754 1169 819 ho

258 861 309 903 me
333 840 418 923 quod
442 840 609 923 admones,
635 861 694 904 neo
716 839 764 903 fui
787 860 939 921 umquam
961 838 1062 903 valde
1089 844 1183 925 cupi

259 932 293 990 et
315 949 401 991 nunc
425 928 537 993 domus
566 928 749 1011 suppeditat
778 927 856 990 mihi
878 927 1054 991 hortorum
1081 952 1181 996 amoe

258 1019 367 1079 tatem.
421 1015 559 1080 Romam
591 1037 689 1099 quum
721 1015 879 1080 venissem
916 1036 944 1077 a.
976 1015 1007 1078 d.
1041 1033 1123 1082 xm.
1168 1026 1185 1077 n

259 1101 422 1185 Octobres,
445 1104 627 1168 absolutum
651 1103 768 1167 offendi
791 1103 826 1166 in
844 1101 976 1166 aedibus
997 1103 1071 1168 tuis
1092 1110 1166 1171 tect

259 1191 344 1274 quod
367 1213 464 1275 supra
486 1192 650 1255 conclavia
671 1213 738 1255 non
760 1191 925 1274 placuerat
950 1190 1012 1255 tibi
1044 1213 1123 1258 esse
1148 1218 1183 1259 m

259 1283 366 1343 torum
379 1280 597 1363 fastigiorum:
616 1279 649 1343 id
667 1300 754 1342 nuno
768 1279 902 1343 honeste
915 1279 1022 1362 vergit
1046 1280 1087 1343 in
1102 1285 1175 1347 tect

258 1367 419 1431 inferioris
442 1367 593 1450 porticus.
629 1365 739 1431 Cicero
762 1370 881 1448 noster,
905 1365 981 1429 dum
1005 1388 1074 1451 ego
1101 1371 1164 1435 abs

258 1476 325 1518 non
357 1456 493 1519 cessavit
524 1454 609 1538 apud
645 1454 818 1518 rhetorem:
855 1453 894 1516 de
930 1453 999 1517 eius
1034 1458 1182 1522 eruditi

258 1541 343 1623 quod
357 1542 493 1625 labores
507 1543 589 1605 nihil
603 1546 660 1625 est,
675 1543 827 1624 quoniam
846 1542 1013 1625 ingenium
1036 1544 1114 1609 eius
1128 1568 1185 1611 no

259 1629 399 1692 studium
421 1650 482 1712 ego
506 1629 611 1711 video,
635 1632 740 1693 cetera
763 1630 830 1692 eius
852 1630 897 1693 sio
920 1629 1083 1715 suscipin,
1113 1637 1154 1697 ut

258 1720 368 1800 putem
390 1719 553 1800 praestare
576 1716 699 1780 debere.

325 1804 496 1869 Gabinium
527 1809 593 1869 tres
629 1805 734 1871 adhue
765 1805 921 1870 factiones
958 1808 1153 1888 postulant:

259 1893 424 1977 Lentulus,
446 1893 585 1957 flaminis
607 1893 705 1975 filius,
734 1893 788 1976 qui
811 1893 876 1956 iarn
903 1892 941 1956 de
964 1893 1145 1962 maiestate
1179 1928 1185 1957 ι

259 1982 404 2063 stulavit3
431 1980 478 2044 Ti.
522 1980 609 2045 Nero
638 2002 709 2044 cnm
739 1981 833 2044 bonis
861 1980 1158 2067 subscriptoribus3

258 2069 428 2133 Memmius
450 2069 599 2132 tribunus
617 2069 659 2152 pl.
679 2090 751 2133 cum
772 2067 807 2130 L.
822 2064 987 2151 Capitone.
1022 2067 1082 2135 Ad
1105 2074 1185 2137 urb.

259 2159 393 2222 accessit
420 2179 447 2220 a.
476 2156 504 2220 d.
527 2175 584 2220 ΧΠ.
612 2156 682 2220 Kal.
715 2154 856 2220 Octobr:
888 2156 970 2219 nihil
996 2159 1132 2242 turpius
1172 2191 1178 2217 ι

259 2246 428 2327 desertius,
465 2245 520 2310 sed
551 2245 601 2309 his
632 2244 757 2308 iudiciis
792 2243 873 2308 nihil
908 2243 1009 2308 audeo
1044 2248 1177 2312 confide

259 2332 351 2407 Quod
379 2331 459 2398 Cato
486 2355 553 2398 non
580 2333 720 2415 valebat,
752 2332 856 2396 adhuc
885 2331 923 2395 de
950 2334 1100 2415 pecuniis
1130 2358 1183 2400 re·

258 2421 368 2484 tundis
390 2441 457 2484 non
481 2425 549 2484 erat
570 2422 761 2505 postulatus.
804 2419 975 2503 Pompeius
1004 2442 1023 2483 a
1048 2443 1099 2487 me
1125 2425 1180 2488 val

260 2509 426 2573 contendit
457 2508 494 2572 de
523 2509 627 2571 reditu
658 2509 693 2572 in
724 2509 875 2592 gratiam,
908 2507 963 2571 sed
995 2507 1104 2573 adhuc
1136 2513 1185 2575 ni

258 2599 396 2682 profecit
417 2616 485 2680 nec,
508 2597 535 2660 si
555 2596 654 2659 ullam
672 2599 796 2678 partem
814 2595 971 2659 libertatis
989 2597 1123 2682 teneb0,
1145 2623 1168 2683 p

220 2701 246 2738 *ὃ
260 2687 353 2749 ficiet.
403 2685 489 2748 'luas
520 2684 644 2747 litteras
676 2682 881 2746 vehementer
910 2685 1070 2766 exspecto.
1124 2685 1185 2762 Qu

260 2775 371 2838 scribis
403 2777 436 2836 te
474 2772 613 2854 audisse,
648 2771 683 2834 in
715 2771 957 2835 candidatorum
992 2773 1184 2839 consulariu

260 2861 397 2925 coitione
429 2881 479 2924 me
512 2860 708 2943 interfuisse,
743 2859 776 2923 id
807 2859 925 2922 falsum
956 2861 1018 2940 est,
1055 2859 1184 2928 eiusmo

260 2950 344 3012 enim
372 2948 537 3033 pactiones
568 2950 603 3012 in
635 2971 672 3012 ea
704 2947 842 3011 coitione
872 2946 977 3010 factae
1009 2950 1101 3030 sunt,
1137 2973 1182 3033 qu

259 3041 372 3121 postea
394 3035 563 3100 Memmius
582 3036 742 3120 patefecit,
764 3038 801 3099 ut
819 3054 914 3099 nemo
933 3034 1038 3098 bonus
1056 3034 1183 3102 interes

224 1788 239 1836 5

221 1855 245 1895 15

329 3282 381 3351 Ep.
402 3288 483 3348 1,14.
519 3280 591 3350 qaod
612 3296 652 3334 aaa
670 3280 796 3333 admones
815 3277 875 3347 (I.)?
893 3307 928 3317 —
946 3282 1059 3342 tectam,
1078 3281 1182 3347 quod.

258 3353 336 3419 fast:
354 3353 385 3406 id
404 3353 477 3421 (W.).
523 3357 558 3417 t.;
580 3368 603 3419 q.
623 3391 646 3403 ..
666 3350 703 3416 f.,
725 3349 756 3403 id
773 3348 867 3418 vulgo.
897 3380 928 3389 —
957 3346 1088 3416 quoniam
1107 3354 1143 3403 tu
1161 3369 1177 3404 a

259 3423 343 3491 (W.)?
363 3453 395 3462 -—
414 3424 506 3487 videm
528 3427 614 3477 cetera
632 3419 706 3488 (W.).
742 3435 767 3472 o.
796 3418 825 3472 0.
844 3418 939 3489 vulgo.
976 3423 1017 3471 16.
1045 3418 1170 3488 audisse,

257 3493 332 3566 (W).
370 3511 396 3549 a.
416 3495 447 3549 ia
464 3493 559 3567 vulgo.
