<?xml version="1.0" encoding="UTF-8"?>
<!DOCTYPE html PUBLIC "-//W3C//DTD XHTML 1.0 Transitional//EN"
    "http://www.w3.org/TR/xhtml1/DTD/xhtml1-transitional.dtd">
<html xmlns="http://www.w3.org/1999/xhtml" xml:lang="en" lang="en">
 <head>
  <title>
</title>
<meta http-equiv="Content-Type" content="text/html;charset=utf-8" />
  <meta name='ocr-system' content='tesseract 3.04.00' />
  <meta name='ocr-capabilities' content='ocr_page ocr_carea ocr_par ocr_line ocrx_word'/>
</head>
<body>
  <div class='ocr_page' id='page_1' title='image "./epistolae00cicegoog_0279.png"; bbox 0 0 2370 3878; ppageno 0'>
   <div class='ocr_carea' id='block_1_1' title="bbox 162 175 834 243">
    <p class='ocr_par' dir='ltr' id='par_1_1' title="bbox 162 175 834 243">
     <span class='ocr_line' id='line_1_1' title="bbox 162 175 834 243; baseline -0.022 1"><span class='ocrx_word' id='word_1_1' title='bbox 162 180 227 243; x_wconf 80' lang='lat'><strong>268</strong></span> <span class='ocrx_word' id='word_1_2' title='bbox 444 178 480 232; x_wconf 82' lang='grc' dir='ltr'><strong>Μ.</strong></span> <span class='ocrx_word' id='word_1_3' title='bbox 497 176 622 232; x_wconf 77' lang='lat' dir='ltr'>TULLII</span> <span class='ocrx_word' id='word_1_4' title='bbox 642 175 834 231; x_wconf 81' lang='lat' dir='ltr'>CICERONIS</span> 
     </span>
    </p>
   </div>
   <div class='ocr_carea' id='block_1_2' title="bbox 127 321 1120 3288">
    <p class='ocr_par' dir='ltr' id='par_1_2' title="bbox 162 321 1119 494">
     <span class='ocr_line' id='line_1_2' title="bbox 162 321 1119 407; baseline -0.003 -18"><span class='ocrx_word' id='word_1_5' title='bbox 162 337 228 389; x_wconf 76' lang='lat' dir='ltr'><strong>sive</strong></span> <span class='ocrx_word' id='word_1_6' title='bbox 255 343 323 387; x_wconf 90' lang='lat' dir='ltr'><strong>non</strong></span> <span class='ocrx_word' id='word_1_7' title='bbox 350 322 588 407; x_wconf 86' lang='lat' dir='ltr'><strong>probabuntur,</strong></span> <span class='ocrx_word' id='word_1_8' title='bbox 615 321 656 385; x_wconf 90' lang='lat' dir='ltr'><strong>ab</strong></span> <span class='ocrx_word' id='word_1_9' title='bbox 684 321 807 405; x_wconf 89' lang='lat' dir='ltr'><strong>optimo</strong></span> <span class='ocrx_word' id='word_1_10' title='bbox 831 324 916 384; x_wconf 86' lang='lat' dir='ltr'><strong>certe</strong></span> <span class='ocrx_word' id='word_1_11' title='bbox 944 321 1052 385; x_wconf 90' lang='lat' dir='ltr'><strong>animo</strong></span> <span class='ocrx_word' id='word_1_12' title='bbox 1081 342 1119 386; x_wconf 87' lang='lat' dir='ltr'><strong>ac</strong></span> 
     </span>
     <span class='ocr_line' id='line_1_3' title="bbox 162 408 1119 494; baseline -0.003 -18"><span class='ocrx_word' id='word_1_13' title='bbox 162 410 359 476; x_wconf 75' lang='lat' dir='ltr'><strong>deditissimo</strong></span> <span class='ocrx_word' id='word_1_14' title='bbox 381 411 442 475; x_wconf 88' lang='lat' dir='ltr'><strong>tibi</strong></span> <span class='ocrx_word' id='word_1_15' title='bbox 469 413 504 474; x_wconf 90' lang='lat' dir='ltr'><strong>et</strong></span> <span class='ocrx_word' id='word_1_16' title='bbox 524 410 668 494; x_wconf 82' lang='lat' dir='ltr'><strong>cogitata</strong></span> <span class='ocrx_word' id='word_1_17' title='bbox 695 412 728 472; x_wconf 85' lang='lat' dir='ltr'><strong>et</strong></span> <span class='ocrx_word' id='word_1_18' title='bbox 749 408 870 492; x_wconf 87' lang='lat' dir='ltr'><strong>scripta</strong></span> <span class='ocrx_word' id='word_1_19' title='bbox 897 429 967 473; x_wconf 89' lang='lat' dir='ltr'><strong>esse</strong></span> <span class='ocrx_word' id='word_1_20' title='bbox 988 409 1119 474; x_wconf 84' lang='lat' dir='ltr'><strong>iudices.</strong></span> 
     </span>
    </p>

    <p class='ocr_par' dir='ltr' id='par_1_3' title="bbox 127 496 1120 1899">
     <span class='ocr_line' id='line_1_4' title="bbox 127 496 1119 582; baseline -0.001 -20"><span class='ocrx_word' id='word_1_21' title='bbox 127 499 401 564; x_wconf 72' lang='lat' dir='ltr'><strong>adnimadvertis</strong></span> <span class='ocrx_word' id='word_1_22' title='bbox 424 496 483 564; x_wconf 68' lang='lat' dir='ltr'><strong>(ln.</strong></span> <span class='ocrx_word' id='word_1_23' title='bbox 511 496 701 582; x_wconf 88' lang='lat' dir='ltr'><strong>Pompeium</strong></span> <span class='ocrx_word' id='word_1_24' title='bbox 726 518 786 561; x_wconf 88' lang='lat' dir='ltr'><strong>nec</strong></span> <span class='ocrx_word' id='word_1_25' title='bbox 813 497 954 561; x_wconf 89' lang='lat' dir='ltr'><strong>nominis</strong></span> <span class='ocrx_word' id='word_1_26' title='bbox 982 497 1033 561; x_wconf 89' lang='lat' dir='ltr'><strong>sui</strong></span> <span class='ocrx_word' id='word_1_27' title='bbox 1058 519 1119 563; x_wconf 90' lang='lat' dir='ltr'><strong>nec</strong></span> 
     </span>
     <span class='ocr_line' id='line_1_5' title="bbox 162 585 1119 673; baseline -0.003 -22"><span class='ocrx_word' id='word_1_28' title='bbox 162 608 268 653; x_wconf 89' lang='lat' dir='ltr'><strong>rerum</strong></span> <span class='ocrx_word' id='word_1_29' title='bbox 290 591 456 672; x_wconf 82' lang='lat' dir='ltr'><strong>gestamm</strong></span> <span class='ocrx_word' id='word_1_30' title='bbox 479 586 583 673; x_wconf 84' lang='lat' dir='ltr'><strong>gloria</strong></span> <span class='ocrx_word' id='word_1_31' title='bbox 609 605 714 668; x_wconf 88' lang='lat' dir='ltr'><strong>neque</strong></span> <span class='ocrx_word' id='word_1_32' title='bbox 736 585 834 649; x_wconf 85' lang='lat' dir='ltr'><strong>etiam</strong></span> <span class='ocrx_word' id='word_1_33' title='bbox 860 605 975 669; x_wconf 79' lang='lat' dir='ltr'><strong>regum</strong></span> <span class='ocrx_word' id='word_1_34' title='bbox 1002 606 1039 649; x_wconf 89' lang='lat' dir='ltr'><strong>ac</strong></span> <span class='ocrx_word' id='word_1_35' title='bbox 1062 607 1119 649; x_wconf 87' lang='lat' dir='ltr'><strong>na-</strong></span> 
     </span>
     <span class='ocr_line' id='line_1_6' title="bbox 160 673 1119 758; baseline -0.003 -18"><span class='ocrx_word' id='word_1_36' title='bbox 160 677 288 742; x_wconf 87' lang='lat' dir='ltr'><strong>tionum</strong></span> <span class='ocrx_word' id='word_1_37' title='bbox 320 674 490 758; x_wconf 79' lang='lat' dir='ltr'><strong>clientelis,</strong></span> <span class='ocrx_word' id='word_1_38' title='bbox 529 695 609 757; x_wconf 81' lang='lat' dir='ltr'><strong>quas</strong></span> <span class='ocrx_word' id='word_1_39' title='bbox 627 676 804 738; x_wconf 83' lang='lat' dir='ltr'><strong>ostentare</strong></span> <span class='ocrx_word' id='word_1_40' title='bbox 836 674 948 737; x_wconf 89' lang='lat' dir='ltr'><strong>crebro</strong></span> <span class='ocrx_word' id='word_1_41' title='bbox 985 673 1119 758; x_wconf 75' lang='lat' dir='ltr'><strong>solebat,</strong></span> 
     </span>
     <span class='ocr_line' id='line_1_7' title="bbox 162 761 1118 847; baseline -0.001 -20"><span class='ocrx_word' id='word_1_42' title='bbox 162 784 232 827; x_wconf 90' lang='lat' dir='ltr'><strong>esse</strong></span> <span class='ocrx_word' id='word_1_43' title='bbox 254 766 371 847; x_wconf 89' lang='lat' dir='ltr'><strong>tutum,</strong></span> <span class='ocrx_word' id='word_1_44' title='bbox 393 767 428 826; x_wconf 86' lang='lat' dir='ltr'><strong>et</strong></span> <span class='ocrx_word' id='word_1_45' title='bbox 447 763 510 827; x_wconf 89' lang='lat' dir='ltr'><strong>hoc</strong></span> <span class='ocrx_word' id='word_1_46' title='bbox 533 762 640 844; x_wconf 80' lang='lat' dir='ltr'><strong>etiam,</strong></span> <span class='ocrx_word' id='word_1_47' title='bbox 663 761 749 844; x_wconf 90' lang='lat' dir='ltr'><strong>quod</strong></span> <span class='ocrx_word' id='word_1_48' title='bbox 771 761 882 826; x_wconf 89' lang='lat' dir='ltr'><strong>infimo</strong></span> <span class='ocrx_word' id='word_1_49' title='bbox 906 761 1020 844; x_wconf 87' lang='lat' dir='ltr'><strong>cuique</strong></span> <span class='ocrx_word' id='word_1_50' title='bbox 1043 783 1118 826; x_wconf 89' lang='lat' dir='ltr'><strong>con·</strong></span> 
     </span>
     <span class='ocr_line' id='line_1_8' title="bbox 161 849 1118 934; baseline 0 -20"><span class='ocrx_word' id='word_1_51' title='bbox 161 852 275 934; x_wconf 82' lang='lat' dir='ltr'><strong>tingit,</strong></span> <span class='ocrx_word' id='word_1_52' title='bbox 306 851 354 913; x_wconf 89' lang='lat' dir='ltr'><strong>illi</strong></span> <span class='ocrx_word' id='word_1_53' title='bbox 383 870 451 914; x_wconf 86' lang='lat' dir='ltr'><strong>non</strong></span> <span class='ocrx_word' id='word_1_54' title='bbox 473 870 568 933; x_wconf 89' lang='lat' dir='ltr'><strong>posse</strong></span> <span class='ocrx_word' id='word_1_55' title='bbox 591 849 792 932; x_wconf 83' lang='lat' dir='ltr'><strong>contingere,</strong></span> <span class='ocrx_word' id='word_1_56' title='bbox 819 851 856 912; x_wconf 92' lang='lat' dir='ltr'><strong>ut</strong></span> <span class='ocrx_word' id='word_1_57' title='bbox 881 849 1018 913; x_wconf 82' lang='lat' dir='ltr'><strong>honeste</strong></span> <span class='ocrx_word' id='word_1_58' title='bbox 1041 850 1118 914; x_wconf 82' lang='lat' dir='ltr'><strong>effu-</strong></span> 
     </span>
     <span class='ocr_line' id='line_1_9' title="bbox 162 935 1118 1022; baseline 0.001 -21"><span class='ocrx_word' id='word_1_59' title='bbox 162 958 237 1022; x_wconf 84' lang='lat' dir='ltr'><strong>gere</strong></span> <span class='ocrx_word' id='word_1_60' title='bbox 260 937 376 1021; x_wconf 82' lang='lat' dir='ltr'><strong>possit,</strong></span> <span class='ocrx_word' id='word_1_61' title='bbox 404 937 498 1021; x_wconf 89' lang='lat' dir='ltr'><strong>pulso</strong></span> <span class='ocrx_word' id='word_1_62' title='bbox 524 935 633 1019; x_wconf 86' lang='lat' dir='ltr'><strong>Italia,</strong></span> <span class='ocrx_word' id='word_1_63' title='bbox 660 936 787 999; x_wconf 87' lang='lat' dir='ltr'><strong>amissis</strong></span> <span class='ocrx_word' id='word_1_64' title='bbox 815 935 993 1020; x_wconf 88' lang='lat' dir='ltr'><strong>Hispaniis,</strong></span> <span class='ocrx_word' id='word_1_65' title='bbox 1022 942 1118 1021; x_wconf 86' lang='lat' dir='ltr'><strong>capto</strong></span> 
     </span>
     <span class='ocr_line' id='line_1_10' title="bbox 161 1024 1119 1108; baseline 0 -19"><span class='ocrx_word' id='word_1_66' title='bbox 161 1026 302 1090; x_wconf 85' lang='lat' dir='ltr'><strong>exercitu</strong></span> <span class='ocrx_word' id='word_1_67' title='bbox 320 1028 482 1108; x_wconf 85' lang='lat' dir='ltr'><strong>veterano,</strong></span> <span class='ocrx_word' id='word_1_68' title='bbox 495 1024 739 1088; x_wconf 86' lang='lat' dir='ltr'><strong>circumvallato</strong></span> <span class='ocrx_word' id='word_1_69' title='bbox 758 1044 845 1087; x_wconf 87' lang='lat' dir='ltr'><strong>nono</strong></span> <span class='ocrx_word' id='word_1_70' title='bbox 863 1024 1010 1108; x_wconf 90' lang='lat' dir='ltr'><strong>denique,</strong></span> <span class='ocrx_word' id='word_1_71' title='bbox 1031 1026 1119 1108; x_wconf 88' lang='lat' dir='ltr'><strong>qnod</strong></span> 
     </span>
     <span class='ocr_line' id='line_1_11' title="bbox 160 1111 1119 1196; baseline 0 -19"><span class='ocrx_word' id='word_1_72' title='bbox 160 1114 269 1180; x_wconf 88' lang='lat' dir='ltr'><strong>neseio</strong></span> <span class='ocrx_word' id='word_1_73' title='bbox 298 1134 340 1177; x_wconf 89' lang='lat' dir='ltr'><strong>an</strong></span> <span class='ocrx_word' id='word_1_74' title='bbox 367 1113 449 1177; x_wconf 90' lang='lat' dir='ltr'><strong>nulli</strong></span> <span class='ocrx_word' id='word_1_75' title='bbox 479 1133 633 1195; x_wconf 87' lang='lat' dir='ltr'><strong>umquam</strong></span> <span class='ocrx_word' id='word_1_76' title='bbox 663 1115 776 1176; x_wconf 90' lang='lat' dir='ltr'><strong>nostro</strong></span> <span class='ocrx_word' id='word_1_77' title='bbox 804 1111 957 1177; x_wconf 85' lang='lat' dir='ltr'><strong>acciderit</strong></span> <span class='ocrx_word' id='word_1_78' title='bbox 980 1113 1119 1196; x_wconf 88' lang='lat' dir='ltr'><strong>impera·</strong></span> 
     </span>
     <span class='ocr_line' id='line_1_12' title="bbox 160 1199 1120 1285; baseline 0 -20"><span class='ocrx_word' id='word_1_79' title='bbox 160 1203 233 1267; x_wconf 89' lang='lat' dir='ltr'><strong>tori.</strong></span> <span class='ocrx_word' id='word_1_80' title='bbox 278 1201 508 1285; x_wconf 75' lang='lat' dir='ltr'><strong>Quamobrem,</strong></span> <span class='ocrx_word' id='word_1_81' title='bbox 530 1199 608 1283; x_wconf 88' lang='lat' dir='ltr'><strong>quid</strong></span> <span class='ocrx_word' id='word_1_82' title='bbox 631 1204 688 1264; x_wconf 85' lang='lat' dir='ltr'><strong>aut</strong></span> <span class='ocrx_word' id='word_1_83' title='bbox 708 1200 764 1263; x_wconf 91' lang='lat' dir='ltr'><strong>ille</strong></span> <span class='ocrx_word' id='word_1_84' title='bbox 785 1220 915 1283; x_wconf 86' lang='lat' dir='ltr'><strong>sperare</strong></span> <span class='ocrx_word' id='word_1_85' title='bbox 934 1200 1039 1284; x_wconf 82' lang='lat' dir='ltr'><strong>possit</strong></span> <span class='ocrx_word' id='word_1_86' title='bbox 1062 1206 1120 1265; x_wconf 88' lang='lat' dir='ltr'><strong>aut</strong></span> 
     </span>
     <span class='ocr_line' id='line_1_13' title="bbox 161 1287 1118 1374; baseline 0.001 -22"><span class='ocrx_word' id='word_1_87' title='bbox 161 1294 212 1374; x_wconf 91' lang='lat' dir='ltr'><strong>tu,</strong></span> <span class='ocrx_word' id='word_1_88' title='bbox 243 1289 387 1353; x_wconf 87' lang='lat' dir='ltr'><strong>animum</strong></span> <span class='ocrx_word' id='word_1_89' title='bbox 415 1289 545 1353; x_wconf 85' lang='lat' dir='ltr'><strong>adverte</strong></span> <span class='ocrx_word' id='word_1_90' title='bbox 571 1309 631 1370; x_wconf 88' lang='lat' dir='ltr'><strong>pro</strong></span> <span class='ocrx_word' id='word_1_91' title='bbox 662 1291 720 1350; x_wconf 89' lang='lat' dir='ltr'><strong>tua</strong></span> <span class='ocrx_word' id='word_1_92' title='bbox 746 1287 932 1370; x_wconf 72' lang='lat' dir='ltr'><strong>prudentie,</strong></span> <span class='ocrx_word' id='word_1_93' title='bbox 963 1288 1009 1351; x_wconf 85' lang='lat' dir='ltr'><strong>sie</strong></span> <span class='ocrx_word' id='word_1_94' title='bbox 1031 1289 1118 1353; x_wconf 89' lang='lat' dir='ltr'><strong>enim</strong></span> 
     </span>
     <span class='ocr_line' id='line_1_14' title="bbox 161 1375 1118 1460; baseline 0 -20"><span class='ocrx_word' id='word_1_95' title='bbox 161 1378 323 1459; x_wconf 75' lang='lat' dir='ltr'><strong>facillime,</strong></span> <span class='ocrx_word' id='word_1_96' title='bbox 346 1377 431 1460; x_wconf 90' lang='lat' dir='ltr'><strong>quod</strong></span> <span class='ocrx_word' id='word_1_97' title='bbox 453 1376 513 1440; x_wconf 85' lang='lat' dir='ltr'><strong>tibi</strong></span> <span class='ocrx_word' id='word_1_98' title='bbox 536 1375 742 1440; x_wconf 87' lang='lat' dir='ltr'><strong>utilissimum</strong></span> <span class='ocrx_word' id='word_1_99' title='bbox 765 1375 826 1439; x_wconf 84' lang='lat' dir='ltr'><strong>erit</strong></span> <span class='ocrx_word' id='word_1_100' title='bbox 844 1375 979 1458; x_wconf 85' lang='lat' dir='ltr'><strong>consilii,</strong></span> <span class='ocrx_word' id='word_1_101' title='bbox 1001 1377 1118 1459; x_wconf 84' lang='lat' dir='ltr'><strong>capies.</strong></span> 
     </span>
     <span class='ocr_line' id='line_1_15' title="bbox 161 1463 1119 1547; baseline 0.002 -20"><span class='ocrx_word' id='word_1_102' title='bbox 161 1464 246 1528; x_wconf 85' lang='lat' dir='ltr'><strong>Illud</strong></span> <span class='ocrx_word' id='word_1_103' title='bbox 269 1468 378 1528; x_wconf 89' lang='lat' dir='ltr'><strong>autem</strong></span> <span class='ocrx_word' id='word_1_104' title='bbox 400 1485 421 1528; x_wconf 87' lang='lat' dir='ltr'><strong>o</strong></span> <span class='ocrx_word' id='word_1_105' title='bbox 442 1467 474 1528; x_wconf 89' lang='lat' dir='ltr'><strong>te</strong></span> <span class='ocrx_word' id='word_1_106' title='bbox 491 1466 578 1547; x_wconf 89' lang='lat' dir='ltr'><strong>peto,</strong></span> <span class='ocrx_word' id='word_1_107' title='bbox 598 1467 645 1547; x_wconf 88' lang='lat' dir='ltr'><strong>ut,</strong></span> <span class='ocrx_word' id='word_1_108' title='bbox 667 1463 851 1527; x_wconf 80' lang='lat' dir='ltr'><strong>sitam-ille</strong></span> <span class='ocrx_word' id='word_1_109' title='bbox 869 1464 1038 1528; x_wconf 84' lang='lat' dir='ltr'><strong>evitaverit</strong></span> <span class='ocrx_word' id='word_1_110' title='bbox 1053 1464 1119 1530; x_wconf 87' lang='lat' dir='ltr'><strong>hoc</strong></span> 
     </span>
     <span class='ocr_line' id='line_1_16' title="bbox 161 1551 1117 1637; baseline 0.001 -21"><span class='ocrx_word' id='word_1_111' title='bbox 161 1553 338 1637; x_wconf 85' lang='lat' dir='ltr'><strong>periculum</strong></span> <span class='ocrx_word' id='word_1_112' title='bbox 362 1555 450 1616; x_wconf 85' lang='lat' dir='ltr'><strong>etse</strong></span> <span class='ocrx_word' id='word_1_113' title='bbox 474 1551 632 1615; x_wconf 72' lang='lat' dir='ltr'><strong>abdiderit</strong></span> <span class='ocrx_word' id='word_1_114' title='bbox 653 1551 688 1615; x_wconf 94' lang='lat' dir='ltr'><strong>in</strong></span> <span class='ocrx_word' id='word_1_115' title='bbox 708 1553 853 1634; x_wconf 88' lang='lat' dir='ltr'><strong>classem,</strong></span> <span class='ocrx_word' id='word_1_116' title='bbox 873 1555 912 1615; x_wconf 88' lang='lat' dir='ltr'><strong>tu</strong></span> <span class='ocrx_word' id='word_1_117' title='bbox 932 1551 998 1615; x_wconf 87' lang='lat' dir='ltr'><strong>tuis</strong></span> <span class='ocrx_word' id='word_1_118' title='bbox 1021 1552 1117 1617; x_wconf 87' lang='lat' dir='ltr'><strong>rebus</strong></span> 
     </span>
     <span class='ocr_line' id='line_1_17' title="bbox 162 1639 1116 1724; baseline -0.001 -20"><span class='ocrx_word' id='word_1_119' title='bbox 162 1642 312 1704; x_wconf 85' lang='lat' dir='ltr'><strong>consulas</strong></span> <span class='ocrx_word' id='word_1_120' title='bbox 340 1643 373 1704; x_wconf 90' lang='lat' dir='ltr'><strong>et</strong></span> <span class='ocrx_word' id='word_1_121' title='bbox 398 1639 572 1724; x_wconf 89' lang='lat' dir='ltr'><strong>aliquando</strong></span> <span class='ocrx_word' id='word_1_122' title='bbox 598 1639 660 1703; x_wconf 87' lang='lat' dir='ltr'><strong>tibi</strong></span> <span class='ocrx_word' id='word_1_123' title='bbox 687 1639 795 1723; x_wconf 90' lang='lat' dir='ltr'><strong>potius</strong></span> <span class='ocrx_word' id='word_1_124' title='bbox 821 1661 920 1722; x_wconf 84' lang='lat' dir='ltr'><strong>quam</strong></span> <span class='ocrx_word' id='word_1_125' title='bbox 948 1639 1048 1705; x_wconf 79' lang='lat' dir='ltr'><strong>cuivis</strong></span> <span class='ocrx_word' id='word_1_126' title='bbox 1072 1642 1116 1704; x_wconf 85' lang='lat' dir='ltr'><strong>sis</strong></span> 
     </span>
     <span class='ocr_line' id='line_1_18' title="bbox 163 1726 1117 1793; baseline 0.002 -3"><span class='ocrx_word' id='word_1_127' title='bbox 163 1729 296 1793; x_wconf 89' lang='lat' dir='ltr'><strong>amicus:</strong></span> <span class='ocrx_word' id='word_1_128' title='bbox 329 1729 530 1793; x_wconf 87' lang='lat' dir='ltr'><strong>satisfactum</strong></span> <span class='ocrx_word' id='word_1_129' title='bbox 562 1731 611 1791; x_wconf 91' lang='lat' dir='ltr'><strong>est</strong></span> <span class='ocrx_word' id='word_1_130' title='bbox 642 1728 708 1791; x_wconf 89' lang='lat' dir='ltr'><strong>iam</strong></span> <span class='ocrx_word' id='word_1_131' title='bbox 739 1730 812 1791; x_wconf 91' lang='lat' dir='ltr'><strong>ate</strong></span> <span class='ocrx_word' id='word_1_132' title='bbox 844 1729 896 1791; x_wconf 85' lang='lat' dir='ltr'><strong>vel</strong></span> <span class='ocrx_word' id='word_1_133' title='bbox 927 1726 1033 1792; x_wconf 89' lang='lat' dir='ltr'><strong>officio</strong></span> <span class='ocrx_word' id='word_1_134' title='bbox 1064 1729 1117 1792; x_wconf 77' lang='lat' dir='ltr'><strong>rel</strong></span> 
     </span>
     <span class='ocr_line' id='line_1_19' title="bbox 162 1815 1116 1899; baseline -0.001 -19"><span class='ocrx_word' id='word_1_135' title='bbox 162 1816 387 1899; x_wconf 81' lang='lat' dir='ltr'><strong>familiaritati,</strong></span> <span class='ocrx_word' id='word_1_136' title='bbox 419 1817 620 1881; x_wconf 86' lang='lat' dir='ltr'><strong>satisfactum</strong></span> <span class='ocrx_word' id='word_1_137' title='bbox 652 1816 749 1880; x_wconf 87' lang='lat' dir='ltr'><strong>etiam</strong></span> <span class='ocrx_word' id='word_1_138' title='bbox 780 1815 927 1898; x_wconf 90' lang='lat' dir='ltr'><strong>partibus</strong></span> <span class='ocrx_word' id='word_1_139' title='bbox 955 1819 987 1879; x_wconf 90' lang='lat' dir='ltr'><strong>et</strong></span> <span class='ocrx_word' id='word_1_140' title='bbox 1014 1816 1043 1879; x_wconf 92' lang='lat' dir='ltr'><strong>ei</strong></span> <span class='ocrx_word' id='word_1_141' title='bbox 1069 1817 1116 1880; x_wconf 89' lang='lat' dir='ltr'><strong>rei</strong></span> 
     </span>
    </p>

    <p class='ocr_par' dir='ltr' id='par_1_4' title="bbox 127 1902 1118 3288">
     <span class='ocr_line' id='line_1_20' title="bbox 127 1902 1116 1990; baseline 0 -22"><span class='ocrx_word' id='word_1_142' title='bbox 127 1928 142 1976; x_wconf 83' lang='lat'><strong>3</strong></span> <span class='ocrx_word' id='word_1_143' title='bbox 161 1906 318 1990; x_wconf 88' lang='lat' dir='ltr'><strong>publicae,</strong></span> <span class='ocrx_word' id='word_1_144' title='bbox 341 1926 437 1989; x_wconf 88' lang='lat' dir='ltr'><strong>quem</strong></span> <span class='ocrx_word' id='word_1_145' title='bbox 459 1908 496 1969; x_wconf 87' lang='lat' dir='ltr'><strong>tu</strong></span> <span class='ocrx_word' id='word_1_146' title='bbox 514 1903 684 1988; x_wconf 87' lang='lat' dir='ltr'><strong>probabas.</strong></span> <span class='ocrx_word' id='word_1_147' title='bbox 720 1902 892 1987; x_wconf 87' lang='lat' dir='ltr'><strong>Reliquum</strong></span> <span class='ocrx_word' id='word_1_148' title='bbox 915 1907 973 1987; x_wconf 85' lang='lat' dir='ltr'><strong>est,</strong></span> <span class='ocrx_word' id='word_1_149' title='bbox 994 1909 1038 1983; x_wconf 81' lang='lat' dir='ltr'><strong>at,</strong></span> <span class='ocrx_word' id='word_1_150' title='bbox 1060 1904 1116 1968; x_wconf 90' lang='lat' dir='ltr'><strong>ubi</strong></span> 
     </span>
     <span class='ocr_line' id='line_1_21' title="bbox 162 1992 1116 2078; baseline -0.001 -20"><span class='ocrx_word' id='word_1_151' title='bbox 162 2016 248 2058; x_wconf 90' lang='lat' dir='ltr'><strong>nunc</strong></span> <span class='ocrx_word' id='word_1_152' title='bbox 271 1998 321 2058; x_wconf 88' lang='lat' dir='ltr'><strong>est</strong></span> <span class='ocrx_word' id='word_1_153' title='bbox 342 2016 393 2059; x_wconf 90' lang='lat' dir='ltr'><strong>res</strong></span> <span class='ocrx_word' id='word_1_154' title='bbox 416 1993 554 2078; x_wconf 90' lang='lat' dir='ltr'><strong>publica,</strong></span> <span class='ocrx_word' id='word_1_155' title='bbox 575 1992 622 2057; x_wconf 90' lang='lat' dir='ltr'><strong>ibi</strong></span> <span class='ocrx_word' id='word_1_156' title='bbox 644 1993 744 2056; x_wconf 90' lang='lat' dir='ltr'><strong>simus</strong></span> <span class='ocrx_word' id='word_1_157' title='bbox 766 1992 884 2075; x_wconf 87' lang='lat' dir='ltr'><strong>potius,</strong></span> <span class='ocrx_word' id='word_1_158' title='bbox 906 2013 1017 2076; x_wconf 88' lang='lat' dir='ltr'><strong>quam,</strong></span> <span class='ocrx_word' id='word_1_159' title='bbox 1040 1992 1116 2057; x_wconf 88' lang='lat' dir='ltr'><strong>dum</strong></span> 
     </span>
     <span class='ocr_line' id='line_1_22' title="bbox 161 2079 1116 2166; baseline 0 -22"><span class='ocrx_word' id='word_1_160' title='bbox 161 2082 251 2145; x_wconf 87' lang='lat' dir='ltr'><strong>illam</strong></span> <span class='ocrx_word' id='word_1_161' title='bbox 282 2086 422 2146; x_wconf 86' lang='lat' dir='ltr'><strong>veterem</strong></span> <span class='ocrx_word' id='word_1_162' title='bbox 454 2102 638 2166; x_wconf 88' lang='lat' dir='ltr'><strong>sequamur,</strong></span> <span class='ocrx_word' id='word_1_163' title='bbox 670 2080 769 2145; x_wconf 88' lang='lat' dir='ltr'><strong>simus</strong></span> <span class='ocrx_word' id='word_1_164' title='bbox 800 2079 836 2144; x_wconf 90' lang='lat' dir='ltr'><strong>in</strong></span> <span class='ocrx_word' id='word_1_165' title='bbox 866 2081 965 2144; x_wconf 88' lang='lat' dir='ltr'><strong>nulla.</strong></span> <span class='ocrx_word' id='word_1_166' title='bbox 1012 2079 1116 2155; x_wconf 81' lang='lat' dir='ltr'><strong>Quare</strong></span> 
     </span>
     <span class='ocr_line' id='line_1_23' title="bbox 162 2164 1116 2253; baseline 0 -22"><span class='ocrx_word' id='word_1_167' title='bbox 162 2169 271 2251; x_wconf 88' lang='lat' dir='ltr'><strong>velim,</strong></span> <span class='ocrx_word' id='word_1_168' title='bbox 302 2170 347 2233; x_wconf 92' lang='lat' dir='ltr'><strong>mi</strong></span> <span class='ocrx_word' id='word_1_169' title='bbox 369 2168 597 2234; x_wconf 87' lang='lat' dir='ltr'><strong>iucundissime</strong></span> <span class='ocrx_word' id='word_1_170' title='bbox 626 2164 751 2251; x_wconf 77' lang='lat' dir='ltr'><strong>Cicero,</strong></span> <span class='ocrx_word' id='word_1_171' title='bbox 783 2167 810 2231; x_wconf 90' lang='lat' dir='ltr'><strong>si</strong></span> <span class='ocrx_word' id='word_1_172' title='bbox 836 2166 921 2232; x_wconf 84' lang='lat' dir='ltr'><strong>forte</strong></span> <span class='ocrx_word' id='word_1_173' title='bbox 943 2168 1116 2253; x_wconf 88' lang='lat' dir='ltr'><strong>Pompeius</strong></span> 
     </span>
     <span class='ocr_line' id='line_1_24' title="bbox 162 2255 1116 2341; baseline -0.002 -21"><span class='ocrx_word' id='word_1_174' title='bbox 162 2256 274 2338; x_wconf 89' lang='lat' dir='ltr'><strong>pulsus</strong></span> <span class='ocrx_word' id='word_1_175' title='bbox 296 2256 347 2320; x_wconf 88' lang='lat' dir='ltr'><strong>his</strong></span> <span class='ocrx_word' id='word_1_176' title='bbox 365 2277 492 2340; x_wconf 90' lang='lat' dir='ltr'><strong>quoque</strong></span> <span class='ocrx_word' id='word_1_177' title='bbox 508 2256 589 2322; x_wconf 87' lang='lat' dir='ltr'><strong>locis</strong></span> <span class='ocrx_word' id='word_1_178' title='bbox 609 2276 720 2320; x_wconf 86' lang='lat' dir='ltr'><strong>rursus</strong></span> <span class='ocrx_word' id='word_1_179' title='bbox 739 2255 818 2319; x_wconf 90' lang='lat' dir='ltr'><strong>alias</strong></span> <span class='ocrx_word' id='word_1_180' title='bbox 836 2257 984 2341; x_wconf 82' lang='lat' dir='ltr'><strong>regiones</strong></span> <span class='ocrx_word' id='word_1_181' title='bbox 1005 2259 1116 2339; x_wconf 79' lang='lat' dir='ltr'><strong>p&#39;etere</strong></span> 
     </span>
     <span class='ocr_line' id='line_1_25' title="bbox 163 2342 1115 2428; baseline 0 -22"><span class='ocrx_word' id='word_1_182' title='bbox 163 2347 307 2428; x_wconf 77' lang='lat' dir='ltr'><strong>cogatur,</strong></span> <span class='ocrx_word' id='word_1_183' title='bbox 328 2347 366 2407; x_wconf 94' lang='lat' dir='ltr'><strong>ut</strong></span> <span class='ocrx_word' id='word_1_184' title='bbox 386 2346 424 2407; x_wconf 87' lang='lat' dir='ltr'><strong>tu</strong></span> <span class='ocrx_word' id='word_1_185' title='bbox 446 2348 479 2407; x_wconf 92' lang='lat' dir='ltr'><strong>te</strong></span> <span class='ocrx_word' id='word_1_186' title='bbox 501 2344 552 2408; x_wconf 83' lang='lat' dir='ltr'><strong>vel</strong></span> <span class='ocrx_word' id='word_1_187' title='bbox 570 2343 717 2408; x_wconf 84' lang='lat' dir='ltr'><strong>Athenas</strong></span> <span class='ocrx_word' id='word_1_188' title='bbox 739 2342 790 2408; x_wconf 89' lang='lat' dir='ltr'><strong>vel</strong></span> <span class='ocrx_word' id='word_1_189' title='bbox 812 2344 848 2408; x_wconf 92' lang='lat' dir='ltr'><strong>in</strong></span> <span class='ocrx_word' id='word_1_190' title='bbox 865 2343 1009 2428; x_wconf 86' lang='lat' dir='ltr'><strong>quamvis</strong></span> <span class='ocrx_word' id='word_1_191' title='bbox 1028 2344 1115 2427; x_wconf 85' lang='lat' dir='ltr'><strong>qnie-</strong></span> 
     </span>
     <span class='ocr_line' id='line_1_26' title="bbox 161 2431 1116 2517; baseline 0.002 -23"><span class='ocrx_word' id='word_1_192' title='bbox 161 2434 230 2494; x_wconf 89' lang='lat' dir='ltr'><strong>tam</strong></span> <span class='ocrx_word' id='word_1_193' title='bbox 253 2431 388 2515; x_wconf 85' lang='lat' dir='ltr'><strong>recipias</strong></span> <span class='ocrx_word' id='word_1_194' title='bbox 410 2431 696 2515; x_wconf 57' lang='lat' dir='ltr'><strong>&amp;ritatempquod</strong></span> <span class='ocrx_word' id='word_1_195' title='bbox 718 2431 826 2495; x_wconf 87' lang='lat' dir='ltr'><strong>sieris</strong></span> <span class='ocrx_word' id='word_1_196' title='bbox 843 2433 998 2517; x_wconf 83' lang='lat' dir='ltr'><strong>facturus,</strong></span> <span class='ocrx_word' id='word_1_197' title='bbox 1019 2433 1116 2496; x_wconf 85' lang='lat' dir='ltr'><strong>velim</strong></span> 
     </span>
     <span class='ocr_line' id='line_1_27' title="bbox 162 2519 1116 2605; baseline -0.001 -21"><span class='ocrx_word' id='word_1_198' title='bbox 162 2519 242 2584; x_wconf 90' lang='lat' dir='ltr'><strong>mihi</strong></span> <span class='ocrx_word' id='word_1_199' title='bbox 270 2519 404 2604; x_wconf 84' lang='lat' dir='ltr'><strong>scribas,</strong></span> <span class='ocrx_word' id='word_1_200' title='bbox 435 2523 472 2584; x_wconf 90' lang='lat' dir='ltr'><strong>ut</strong></span> <span class='ocrx_word' id='word_1_201' title='bbox 499 2538 573 2605; x_wconf 83' lang='lat' dir='ltr'><strong>ego,</strong></span> <span class='ocrx_word' id='word_1_202' title='bbox 605 2521 633 2584; x_wconf 92' lang='lat' dir='ltr'><strong>si</strong></span> <span class='ocrx_word' id='word_1_203' title='bbox 661 2519 728 2584; x_wconf 88' lang='lat' dir='ltr'><strong>ullo</strong></span> <span class='ocrx_word' id='word_1_204' title='bbox 751 2519 847 2584; x_wconf 87' lang='lat' dir='ltr'><strong>modo</strong></span> <span class='ocrx_word' id='word_1_205' title='bbox 864 2523 997 2604; x_wconf 85' lang='lat' dir='ltr'><strong>potero,</strong></span> <span class='ocrx_word' id='word_1_206' title='bbox 1020 2520 1061 2584; x_wconf 88' lang='lat' dir='ltr'><strong>ed</strong></span> <span class='ocrx_word' id='word_1_207' title='bbox 1082 2524 1116 2584; x_wconf 91' lang='lat' dir='ltr'><strong>te</strong></span> 
     </span>
     <span class='ocr_line' id='line_1_28' title="bbox 163 2607 1116 2693; baseline 0 -22"><span class='ocrx_word' id='word_1_208' title='bbox 163 2608 318 2674; x_wconf 87' lang='lat' dir='ltr'><strong>advolem.</strong></span> <span class='ocrx_word' id='word_1_209' title='bbox 363 2607 587 2691; x_wconf 76' lang='lat' dir='ltr'><strong>Quaecumque</strong></span> <span class='ocrx_word' id='word_1_210' title='bbox 615 2607 654 2672; x_wconf 92' lang='lat' dir='ltr'><strong>de</strong></span> <span class='ocrx_word' id='word_1_211' title='bbox 680 2611 739 2673; x_wconf 89' lang='lat' dir='ltr'><strong>tua</strong></span> <span class='ocrx_word' id='word_1_212' title='bbox 765 2607 923 2693; x_wconf 82' lang='lat' dir='ltr'><strong>dignitate</strong></span> <span class='ocrx_word' id='word_1_213' title='bbox 949 2608 990 2672; x_wconf 89' lang='lat' dir='ltr'><strong>ab</strong></span> <span class='ocrx_word' id='word_1_214' title='bbox 1018 2609 1116 2692; x_wconf 91' lang='lat' dir='ltr'><strong>impe-</strong></span> 
     </span>
     <span class='ocr_line' id='line_1_29' title="bbox 161 2694 1116 2780; baseline 0.002 -22"><span class='ocrx_word' id='word_1_215' title='bbox 161 2700 269 2762; x_wconf 86' lang='lat' dir='ltr'><strong>ratore</strong></span> <span class='ocrx_word' id='word_1_216' title='bbox 292 2700 387 2761; x_wconf 82' lang='lat' dir='ltr'><strong>amnt</strong></span> <span class='ocrx_word' id='word_1_217' title='bbox 408 2696 625 2780; x_wconf 84' lang='lat' dir='ltr'><strong>impetranda,</strong></span> <span class='ocrx_word' id='word_1_218' title='bbox 652 2716 716 2779; x_wconf 84' lang='lat' dir='ltr'><strong>qua</strong></span> <span class='ocrx_word' id='word_1_219' title='bbox 743 2699 792 2759; x_wconf 82' lang='lat' dir='ltr'><strong>est</strong></span> <span class='ocrx_word' id='word_1_220' title='bbox 813 2696 1016 2760; x_wconf 88' lang='lat' dir='ltr'><strong>humanitate</strong></span> <span class='ocrx_word' id='word_1_221' title='bbox 1039 2694 1116 2761; x_wconf 83' lang='lat' dir='ltr'><strong>an-</strong></span> 
     </span>
     <span class='ocr_line' id='line_1_30' title="bbox 164 2783 1117 2868; baseline 0 -21"><span class='ocrx_word' id='word_1_222' title='bbox 164 2804 229 2866; x_wconf 89' lang='lat' dir='ltr'><strong>sar,</strong></span> <span class='ocrx_word' id='word_1_223' title='bbox 255 2784 445 2849; x_wconf 84' lang='lat' dir='ltr'><strong>facillimum</strong></span> <span class='ocrx_word' id='word_1_224' title='bbox 471 2784 533 2848; x_wconf 80' lang='lat' dir='ltr'><strong>erit</strong></span> <span class='ocrx_word' id='word_1_225' title='bbox 560 2784 600 2848; x_wconf 90' lang='lat' dir='ltr'><strong>ab</strong></span> <span class='ocrx_word' id='word_1_226' title='bbox 629 2804 667 2848; x_wconf 92' lang='lat' dir='ltr'><strong>eo</strong></span> <span class='ocrx_word' id='word_1_227' title='bbox 694 2783 755 2849; x_wconf 86' lang='lat' dir='ltr'><strong>tibi</strong></span> <span class='ocrx_word' id='word_1_228' title='bbox 782 2784 846 2867; x_wconf 87' lang='lat' dir='ltr'><strong>ipsi</strong></span> <span class='ocrx_word' id='word_1_229' title='bbox 872 2785 1054 2868; x_wconf 87' lang='lat' dir='ltr'><strong>impetrare,</strong></span> <span class='ocrx_word' id='word_1_230' title='bbox 1084 2789 1117 2848; x_wconf 90' lang='lat' dir='ltr'><strong>et</strong></span> 
     </span>
     <span class='ocr_line' id='line_1_31' title="bbox 162 2872 1116 2956; baseline 0.003 -23"><span class='ocrx_word' id='word_1_231' title='bbox 162 2892 251 2935; x_wconf 88' lang='lat' dir='ltr'><strong>meas</strong></span> <span class='ocrx_word' id='word_1_232' title='bbox 272 2876 383 2937; x_wconf 88' lang='lat' dir='ltr'><strong>tamen</strong></span> <span class='ocrx_word' id='word_1_233' title='bbox 405 2892 515 2956; x_wconf 87' lang='lat' dir='ltr'><strong>preces</strong></span> <span class='ocrx_word' id='word_1_234' title='bbox 538 2872 624 2956; x_wconf 89' lang='lat' dir='ltr'><strong>apud</strong></span> <span class='ocrx_word' id='word_1_235' title='bbox 643 2892 716 2936; x_wconf 91' lang='lat' dir='ltr'><strong>eum</strong></span> <span class='ocrx_word' id='word_1_236' title='bbox 733 2892 801 2936; x_wconf 89' lang='lat' dir='ltr'><strong>non</strong></span> <span class='ocrx_word' id='word_1_237' title='bbox 819 2873 988 2937; x_wconf 89' lang='lat' dir='ltr'><strong>minimum</strong></span> <span class='ocrx_word' id='word_1_238' title='bbox 1008 2876 1116 2937; x_wconf 81' lang='lat' dir='ltr'><strong>aneto</strong></span> 
     </span>
     <span class='ocr_line' id='line_1_32' title="bbox 162 2959 1118 3044; baseline 0.003 -23"><span class='ocrx_word' id='word_1_239' title='bbox 162 2959 267 3023; x_wconf 88' lang='lat' dir='ltr'><strong>ritatis</strong></span> <span class='ocrx_word' id='word_1_240' title='bbox 298 2959 465 3024; x_wconf 87' lang='lat' dir='ltr'><strong>habituras</strong></span> <span class='ocrx_word' id='word_1_241' title='bbox 492 2963 585 3044; x_wconf 83' lang='lat' dir='ltr'><strong>puto.</strong></span> <span class='ocrx_word' id='word_1_242' title='bbox 630 2959 703 3024; x_wconf 82' lang='lat' dir='ltr'><strong>Erit</strong></span> <span class='ocrx_word' id='word_1_243' title='bbox 729 2964 804 3023; x_wconf 89' lang='lat' dir='ltr'><strong>tuae</strong></span> <span class='ocrx_word' id='word_1_244' title='bbox 831 2980 959 3044; x_wconf 89' lang='lat' dir='ltr'><strong>quoque</strong></span> <span class='ocrx_word' id='word_1_245' title='bbox 987 2960 1062 3024; x_wconf 90' lang='lat' dir='ltr'><strong>fidei</strong></span> <span class='ocrx_word' id='word_1_246' title='bbox 1085 2965 1118 3024; x_wconf 89' lang='lat' dir='ltr'><strong>et</strong></span> 
     </span>
     <span class='ocr_line' id='line_1_33' title="bbox 162 3046 1117 3133; baseline -0.001 -20"><span class='ocrx_word' id='word_1_247' title='bbox 162 3046 374 3113; x_wconf 88' lang='lat' dir='ltr'><strong>humanitatis</strong></span> <span class='ocrx_word' id='word_1_248' title='bbox 401 3067 525 3130; x_wconf 90' lang='lat' dir='ltr'><strong>curare,</strong></span> <span class='ocrx_word' id='word_1_249' title='bbox 551 3052 589 3112; x_wconf 85' lang='lat' dir='ltr'><strong>ut</strong></span> <span class='ocrx_word' id='word_1_250' title='bbox 614 3048 643 3111; x_wconf 92' lang='lat' dir='ltr'><strong>is</strong></span> <span class='ocrx_word' id='word_1_251' title='bbox 665 3047 865 3133; x_wconf 87' lang='lat' dir='ltr'><strong>tabellarius,</strong></span> <span class='ocrx_word' id='word_1_252' title='bbox 893 3069 990 3132; x_wconf 88' lang='lat' dir='ltr'><strong>quem</strong></span> <span class='ocrx_word' id='word_1_253' title='bbox 1018 3048 1058 3112; x_wconf 89' lang='lat' dir='ltr'><strong>ad</strong></span> <span class='ocrx_word' id='word_1_254' title='bbox 1084 3052 1117 3112; x_wconf 85' lang='lat' dir='ltr'><strong>te</strong></span> 
     </span>
     <span class='ocr_line' id='line_1_34' title="bbox 162 3135 1117 3219; baseline 0.002 -21"><span class='ocrx_word' id='word_1_255' title='bbox 162 3157 249 3219; x_wconf 88' lang='lat' dir='ltr'><strong>m1s1,</strong></span> <span class='ocrx_word' id='word_1_256' title='bbox 279 3136 397 3200; x_wconf 84' lang='lat' dir='ltr'><strong>reverti</strong></span> <span class='ocrx_word' id='word_1_257' title='bbox 427 3135 534 3219; x_wconf 85' lang='lat' dir='ltr'><strong>possit</strong></span> <span class='ocrx_word' id='word_1_258' title='bbox 563 3135 604 3200; x_wconf 85' lang='lat' dir='ltr'><strong>ad</strong></span> <span class='ocrx_word' id='word_1_259' title='bbox 634 3154 687 3200; x_wconf 88' lang='lat' dir='ltr'><strong>me</strong></span> <span class='ocrx_word' id='word_1_260' title='bbox 717 3138 751 3200; x_wconf 92' lang='lat' dir='ltr'><strong>et</strong></span> <span class='ocrx_word' id='word_1_261' title='bbox 777 3157 798 3200; x_wconf 87' lang='lat' dir='ltr'><strong>a</strong></span> <span class='ocrx_word' id='word_1_262' title='bbox 823 3140 857 3200; x_wconf 93' lang='lat' dir='ltr'><strong>te</strong></span> <span class='ocrx_word' id='word_1_263' title='bbox 885 3136 965 3200; x_wconf 91' lang='lat' dir='ltr'><strong>mihi</strong></span> <span class='ocrx_word' id='word_1_264' title='bbox 992 3136 1117 3201; x_wconf 88' lang='lat' dir='ltr'><strong>litteras</strong></span> 
     </span>
     <span class='ocr_line' id='line_1_35' title="bbox 161 3224 289 3288; baseline 0.016 -2"><span class='ocrx_word' id='word_1_265' title='bbox 161 3224 289 3288; x_wconf 84' lang='lat' dir='ltr'><strong>referat.</strong></span> 
     </span>
    </p>
   </div>
   <div class='ocr_carea' id='block_1_3' title="bbox 226 3372 1085 3487">
    <p class='ocr_par' dir='ltr' id='par_1_5' title="bbox 226 3372 1085 3487">
     <span class='ocr_line' id='line_1_36' title="bbox 226 3372 1085 3487; baseline 0.006 -20"><span class='ocrx_word' id='word_1_266' title='bbox 226 3414 281 3483; x_wconf 80' lang='lat' dir='ltr'><strong>Ep.</strong></span> <span class='ocrx_word' id='word_1_267' title='bbox 302 3422 325 3484; x_wconf 84' lang='lat'><strong>9,</strong></span> <span class='ocrx_word' id='word_1_268' title='bbox 341 3421 366 3471; x_wconf 76' lang='lat'><strong>2.</strong></span> <span class='ocrx_word' id='word_1_269' title='bbox 405 3416 538 3486; x_wconf 64' lang='lat' dir='ltr'><strong>continuit</strong></span> <span class='ocrx_word' id='word_1_270' title='bbox 557 3415 631 3485; x_wconf 88' lang='lat' dir='ltr'>(W.).</span> <span class='ocrx_word' id='word_1_271' title='bbox 670 3398 784 3484; x_wconf 69' lang='lat' dir='ltr'><strong>meliert</strong></span> <span class='ocrx_word' id='word_1_272' title='bbox 801 3412 849 3485; x_wconf 79' lang='lat' dir='ltr'><strong>M,</strong></span> <span class='ocrx_word' id='word_1_273' title='bbox 866 3415 970 3487; x_wconf 80' lang='lat' dir='ltr'><strong>vulgo..</strong></span> <span class='ocrx_word' id='word_1_274' title='bbox 1080 3372 1085 3378; x_wconf 29' lang='grc' dir='ltr'>Ι</span> 
     </span>
    </p>
   </div>
   <div class='ocr_carea' id='block_1_4' title="bbox 0 0 1190 3878">
    <p class='ocr_par' dir='ltr' id='par_1_6' title="bbox 0 0 1190 3878">
     <span class='ocr_line' id='line_1_37' title="bbox 0 0 1190 3878; baseline 0 0"><span class='ocrx_word' id='word_1_275' title='bbox 0 0 1190 3878; x_wconf 95' lang='lat' dir='ltr'><strong> </strong></span> 
     </span>
    </p>
   </div>
  </div>
 </body>
</html>
