2370 3878
172 174 210 228 n.
225 173 349 228 runnu
363 173 553 244 crcaaorus
568 173 826 229 arrsromauu
841 174 900 229 xv.
917 182 940 229 1.
986 175 1050 238 499

93 320 129 383 in
155 319 276 383 finibus
299 317 480 402 Lycaoniae
508 320 541 381 et
569 315 790 401 Cappadociae
818 316 898 382 mihi
926 319 1051 384 litterae

95 406 237 471 redditae
261 408 338 470 sunt
360 428 380 469 a
403 405 666 489 Tarcondimoto,
693 406 748 490 qui
774 406 979 472 fidelissimus
1003 431 1053 472 so-

95 497 163 560 cius
185 498 277 559 trans
303 493 446 558 Taurum
473 494 746 577 amicissimusque
773 496 886 578 populi
912 494 1052 561 Romani

95 583 306 665 existimatur,
328 580 486 647 Pacorum
509 581 607 646 Orodi
630 583 715 667 regis
733 583 928 648 Parthorum
949 584 1052 648 filium

96 693 169 735 cum
191 690 368 755 permagno
393 672 537 754 equitatu
557 666 709 736 Parthico
731 671 886 736 transisse
909 671 1053 755 Euphra-

95 765 162 824 tem
180 762 213 823 et
231 762 337 823 eastra
354 760 500 842 posuisse
515 759 624 843 Tybae
643 779 859 844 magnumque
877 760 1053 824 tumultum

96 869 165 912 esse
192 848 228 911 in
254 847 421 931 provincia
444 845 537 932 Syria
568 848 755 930 excitatum3
787 848 899 912 eodem
931 849 981 911 die
1011 849 1052 911 ab

95 935 288 1018 Iamblicho,
310 935 487 1019 phylarcho
510 935 669 1018 Arabum,
697 957 793 1020 quem
814 935 962 1000 homines
986 937 1052 1019 opi·

96 1027 217 1088 nantur
248 1024 330 1086 bene
359 1024 477 1088 sentire
505 1025 705 1107 amicumque
733 1045 801 1088 esse
832 1025 879 1087 rei
906 1024 1053 1107 publicae

97 1115 237 1195 nostrae,
258 1112 385 1175 litterae
404 1112 443 1176 de
461 1112 688 1176 iisdem'rebus
707 1112 787 1176 mihi
804 1111 947 1176 redditae
969 1116 1052 1175 sunt.

96 1199 158 1263 His
185 1200 281 1264 rebus
309 1201 428 1283 allatis,
456 1201 517 1263 etsi
543 1199 765 1284 intelligebam
792 1200 896 1264 socios
927 1200 1087 1263 infirmes

99 1289 259 1352 animatos
282 1309 350 1351 esse
374 1291 407 1351 et
428 1310 586 1352 novarum
604 1309 710 1352 rerum
730 1288 967 1372 exspectatione
987 1310 1053 1351 sus-

98 1397 230 1460 pensos,
258 1377 427 1459 sperabam
453 1379 563 1440 tamen
591 1397 659 1459 eos,
687 1377 727 1440 ad
755 1398 836 1460 quos
863 1377 928 1440 iam
951 1397 1054 1440 acces-

99 1485 203 1528 seram
222 1464 339 1547 quique
357 1468 502 1528 nostram
520 1465 799 1529 mansuetudinem
820 1464 1054 1549 integritatem·

100 1574 160 1636 que
192 1557 434 1637 perspexerant,
464 1553 631 1618 amiciores
663 1555 782 1637 populo
810 1553 958 1618 Romano
986 1574 1054 1616 esse

99 1640 213 1723 factos,
236 1637 381 1704 Ciliciam
404 1646 512 1705 autem
534 1642 708 1706 firmiorem
730 1641 809 1725 fore,
833 1642 859 1705 si
883 1641 1054 1724 aequitatis

100 1731 230 1799 nostrae
257 1729 418 1813 particeps
445 1730 533 1794 facta
565 1733 661 1794 esset:
694 1732 727 1793 ct
759 1731 800 1793 ob
828 1750 899 1792 eam
926 1750 1055 1792 oausam

101 1820 134 1880 et
160 1820 197 1881 ut
225 1817 483 1900 opprimerentur
509 1819 546 1899 ii,
578 1819 633 1900 qui
665 1838 704 1880 ex
727 1814 861 1880 Cilicum
893 1820 989 1900 gente
1020 1817 1055 1879 iu

103 1905 200 1968 armis
229 1908 348 1987 essent,
380 1908 413 1969 et
441 1908 479 1968 ut
500 1905 603 1969 hostis
630 1905 671 1987 is,
704 1905 759 1987 qui
786 1907 871 1967 esset
896 1905 933 1966 in
955 1901 1056 1986 Syria,

102 1993 199 2056 sciret
222 1993 395 2056 exercitum
418 1992 530 2076 populi
549 1992 689 2057 Romani
711 2013 779 2055 non
801 1991 897 2055 modo
920 2011 988 2055 non
1010 2012 1056 2054 re·

100 2080 211 2144 cedere
233 2081 273 2143 iis
300 2081 423 2144 nuntiis
451 2081 571 2157 allatis,
599 2081 654 2144 sed
683 2081 779 2143 etiam
806 2079 938 2163 propius
969 2100 1055 2142 acoe-

101 2169 188 2251 dere‚
216 2167 388 2231 exercitum
415 2169 456 2231 ad
484 2168 626 2232 Taurum
657 2168 784 2232 institui
811 2168 934 2232 ducere.
985 2165 1091 2251 Sed,4

101 2257 128 2319 si
152 2256 228 2339 quid
252 2255 336 2338 apud
355 2277 412 2320 vos
432 2257 607 2320 auctoritas
626 2277 697 2319 mea
718 2255 868 2339 ponderis
891 2256 998 2340 habet,
1020 2257 1056 2319 in

100 2344 139 2406 iis
163 2343 352 2426 praesertim
374 2344 484 2427 rebus,
511 2365 590 2428 quas
613 2365 670 2407 vos
693 2343 842 2428 audistis,
869 2365 929 2429 ego
953 2366 1055 2428 paene

101 2452 207 2511 cerno,
229 2449 348 2514 magno
372 2453 467 2515 opere
490 2454 547 2497 vos
567 2436 600 2495 et
616 2432 729 2497 hortor
747 2435 780 2496 et
797 2453 923 2515 moneo,
945 2436 982 2496 ut
1004 2432 1055 2495 his

100 2518 274 2601 provinciis
298 2519 399 2583 serius
423 2541 480 2584 vos
504 2519 641 2604 quidem,
663 2542 759 2605 quam
782 2520 897 2603 decuit,
919 2520 975 2584 sed
999 2521 1055 2582 ali-

101 2607 229 2690 quando
253 2609 362 2671 tamen
389 2608 573 2673 consulatis.
618 2607 688 2672 Nos
716 2607 984 2693 quemadmodum
1008 2608 1055 2670 in-

101 2698 239 2760 structos
263 2699 295 2759 et
318 2695 433 2778 quibus
456 2697 623 2780 praesidiis
647 2697 788 2761 munitos
812 2695 853 2759 ad
876 2696 959 2759 tanti
979 2695 1055 2758 belli

102 2783 287 2865 opinionem
319 2784 483 2866 miseritis,
514 2805 581 2848 non
614 2785 691 2847 estis
723 2784 843 2869 ignari:
875 2784 961 2866 quod
994 2804 1054 2868 ego
1085 2829 1089 2834 -

100 2871 267 2953 negotium
294 2892 361 2934 non
388 2872 526 2935 stultitia
554 2875 753 2954 occaecatus,
781 2872 836 2936 sed
864 2871 1055 2936 verecundia

101 2957 271 3021 deterritus
289 2977 358 3020 non
374 2959 534 3040 recusari3
556 2979 660 3040 neque
679 2959 764 3022 enim
783 2981 935 3043 umquam
953 2961 1055 3023 ullum

100 3045 277 3128 periculum
295 3048 423 3107 tantum
441 3047 562 3129 putavi,
581 3046 666 3130 quod
685 3046 907 3133 subterfugere
926 3049 1055 3110 mallem
1109 3102 1115 3113 ,,

100 3154 196 3217 quam
220 3135 344 3197 vestrae
368 3133 554 3197 auctoritati
577 3134 806 3218 obtemperare.
851 3134 923 3199 Hoc
947 3138 1089 3221 auteurs

100 3225 243 3304 tempore
266 3242 317 3284 res
342 3241 411 3285 sese
436 3221 480 3285 sio
503 3222 610 3306 habet,
633 3226 678 3306 ut,
701 3223 764 3287 nisi
788 3223 960 3288 exercitum
983 3221 1053 3295 tar}

98 3312 178 3387 tum,
202 3312 359 3391 quantum
382 3309 422 3372 ad
445 3311 620 3375 maximum
643 3310 762 3376 bellum
786 3311 911 3373 mittere
936 3310 1054 3392 soletis,

169 3499 303 3574 Ep.¹l,'3.
341 3506 419 3555 esset:
438 3508 463 3556 et
482 3459 556 3570 (Wl).
595 3521 615 3555 e.
644 3502 684 3556 Et
702 3502 798 3574 vulgo.

797 3593 855 3648 Ὦ*
