2370 3878
236 194 495 250 EPISTOLARUM
509 194 558 248 AD
577 193 607 259 Q.
622 193 800 248 FRATREM
814 193 835 247 1.
852 200 874 246 1.
891 199 915 246 2.
990 191 1054 255 575

94 343 160 405 iam
182 342 242 405 tibi
265 340 345 404 Asia
369 340 427 421 sic,
450 340 497 403 uti
521 340 578 403 uni
602 339 715 422 cuique
740 361 798 403 sua
822 338 950 421 domne,
977 340 1056 404 nota

95 451 164 494 esse
193 429 320 512 debeat,
353 450 452 511 quum
482 427 522 492 ad
546 431 637 491 tuam
665 449 824 492 summam
851 425 1055 510 prudentiam

94 521 206 581 tantus
229 539 306 581 usus
331 517 513 599 accesserit,
536 515 619 579 nihil
643 538 726 597 esse,
753 516 839 599 quod
863 515 903 578 ad
927 514 1056 578 laudem

95 607 241 688 attineat,
265 605 350 689 quod
374 626 442 669 non
464 609 501 668 tu
521 605 641 687 optime
660 604 834 688 perspicias
854 608 887 668 et
904 603 965 667 tibi
987 624 1055 667 non

95 695 164 758 sine
188 694 377 776 cuiusquam
403 693 588 756 hortatione
618 694 653 756 in
676 696 818 756 mentem
845 693 954 756 veniat
978 714 1054 774 quo-

93 783 185 864 tidie3
214 782 269 846 sed
293 801 368 866 ego,
392 781 480 864 quia,
505 802 603 864 quum
626 785 682 845 tua
705 781 792 865 lego,
820 785 853 844 te
877 780 1000 865 audire,
1023 783 1056 845 et

95 873 184 954 quia,
216 892 316 952 quum
339 870 380 934 ad
407 874 439 932 te
468 870 586 952 scribo,
613 873 719 933 tecum
743 868 832 951 loqui
854 869 978 952 videor,
1009 869 1054 933 id-

95 959 179 1022 circo
211 961 243 1021 et
274 961 332 1021 tua
363 958 553 1042 longissima
587 979 713 1041 quaque
750 957 887 1040 epistola
919 958 1055 1021 maxime

96 1047 237 1110 delector
270 1050 302 1109 et
333 1046 402 1129 ipse
434 1047 468 1109 in
502 1046 669 1110 scribendo
698 1067 769 1110 sum
793 1066 888 1128 saepe
917 1045 1056 1129 longior.

95 1134 180 1198 Illud
203 1140 236 1198 te
260 1134 300 1197 ad
333 1138 511 1198 extremum
543 1140 576 1198 et
603 1155 659 1198 oro
683 1137 716 1198 et
742 1133 869 1217 hortor,
895 1136 945 1215 ut,
972 1138 1052 1197 tam·
1067 1155 1093 1193 rc

97 1245 193 1305 quam
221 1226 336 1305 poetae
363 1222 442 1286 boni
475 1227 507 1286 et
535 1227 659 1286 actores
685 1222 836 1286 industrii
865 1222 983 1304 solent,
1011 1222 1056 1285 sic

95 1315 132 1373 tu
155 1311 190 1374 in
213 1314 355 1375 extrema
377 1313 469 1393 parte
493 1314 525 1373 et
548 1311 754 1375 conclusione
777 1311 918 1374 muneris
942 1332 979 1375 ac
1002 1331 1056 1373 ne-

97 1399 178 1482 gotii
205 1399 254 1462 tui
282 1399 547 1484 diligentissimus
576 1399 633 1481 sis,
664 1404 701 1463 ut
727 1399 781 1463 hic
808 1399 923 1462 tertius
951 1421 1056 1463 annus

96 1486 222 1569 imperii
253 1487 302 1550 tui
334 1490 500 1571 tamquam
536 1488 650 1552 tertius
687 1493 773 1552 actas
804 1487 1055 1572 perfectissimus

97 1580 192 1658 atque
217 1575 440 1641 ornatissimus
464 1577 563 1640 fuisse
587 1575 746 1640 videatur:
773 1575 806 1639 id
833 1575 985 1641 facillime
1009 1577 1055 1639 fa-

96 1664 174 1746 cieS,
197 1664 312 1748 sime,
335 1666 385 1729 cui
414 1687 539 1748 semper
561 1665 618 1728 uni
641 1667 745 1749 magis
772 1686 869 1747 quam
899 1664 1055 1729 universis

96 1753 223 1835 placere
246 1753 387 1836 voluisti,
409 1757 517 1818 tecum
541 1774 665 1835 semper
689 1772 758 1815 esse
781 1753 911 1834 putabis
935 1756 967 1816 et
990 1774 1055 1815 om·

96 1840 192 1903 nibus
215 1841 255 1902 iis
278 1841 384 1923 rebus,
408 1862 488 1923 quas¹
507 1841 591 1904 dices
616 1843 648 1903 et
665 1839 773 1922 facies,
792 1840 959 1904 interesse.
994 1839 1055 1904 Re·

96 1928 220 2010 liquum
244 1931 301 2009 est,
324 1931 361 1992 ut
379 1930 411 1990 te
431 1949 528 2011 orem,
551 1933 588 1990 ut
606 1927 783 1991 valetudini
800 1930 885 2009 tuae,
909 1928 936 1991 si
954 1949 1004 1991 me
1025 1931 1056 1991 et

97 2021 171 2079 tuos
196 2008 437 2153 omnestlere
456 2016 514 2099 vis
537 2015 781 2100 diligentissime
801 2015 929 2080 servias.
965 2015 1055 2080 Vale.

553 2208 596 2273 Il.

99 2320 155 2374 Ser.
174 2336 269 2374 mense
288 2319 442 2375 Novembri
465 2320 549 2387 (inter
566 2320 640 2374 VIII.
666 2320 729 2374 Kal.
748 2320 818 2375 Nor.
842 2323 872 2376 et
896 2321 969 2377 XIII.
993 2322 1055 2377 Kal.

430 2391 506 2480 Dec.)
526 2408 550 2445 a.
569 2409 596 2446 u.
616 2408 638 2446 c.
659 2397 717 2446 695.

292 2514 440 2568 MARCUS
462 2515 600 2580 QUINTO
620 2515 756 2570 FRATRI
775 2514 858 2569 SAL.

165 2612 287 2681 Statius
303 2615 344 2680 ad
357 2637 408 2679 me
423 2616 511 2679 venit
529 2637 557 2679 a.
576 2616 604 2679 d.
619 2634 689 2680 vm.
707 2615 746 2680 K.
764 2612 938 2680 Novembr.
974 2613 1054 2679 Eius
1076 2612 1090 2659 1

98 2702 263 2786 adventus
286 2704 373 2787 quod
390 2704 437 2767 ita
456 2704 621 2788 scripsisti,
643 2705 804 2787 direptum
826 2703 866 2767 iri
884 2707 917 2767 te
940 2724 963 2767 a
981 2704 1056 2788 suis,
1076 2678 1089 2717 ¹

98 2791 173 2853 dum
205 2791 234 2854 is
267 2793 408 2874 abesset,
440 2792 594 2855 molestus
617 2792 696 2855 mihi
723 2792 798 2873 fuit3
831 2791 917 2875 quod
947 2795 1055 2857 autem

98 2879 370 2960 exspectationem
403 2880 452 2941 sui
485 2899 738 2962 concursumque
770 2901 857 2963 eum,
893 2881 948 2964 qui
986 2885 1055 2945 erat

96 2965 242 3048 futurus,
265 2966 292 3028 si
315 2988 381 3029 una
402 2970 510 3029 tecum
534 2966 699 3030 decederet
721 2988 825 3050 neque
848 2970 944 3032 antea
966 2969 1054 3033 visus

97 3056 196 3136 esset,
219 3054 362 3136 sustulit,
389 3052 423 3117 id
445 3054 524 3117 mihi
552 3076 619 3119 non
641 3054 843 3120 incommode
870 3053 983 3120 risuu‘i'
1005 3058 1055 3119 est

167 3243 219 3314 Ep.
232 3251 255 3312 1,
266 3251 307 3299 45.
328 3245 399 3300 Aria
412 3246 513 3311 stanti
523 3247 598 3314 (W.).
627 3248 671 3314 A,
681 3248 763 3303 sicuti
772 3247 866 3318 vulgo.
881 3277 917 3286 -
930 3248 1054 3301 calmeta·

96 3315 170 3396 tione
188 3315 258 3382 (Ma,
277 3314 339 3398 edd.
359 3318 457 3385 vett.)?
477 3347 509 3355 -
529 3333 589 3399 epo,
607 3320 674 3386 qaia
754 3323 779 3372 et
796 3319 864 3386 qaia
887 3317 961 3386 (W.).
998 3334 1054 3400 epo,
1112 3354 1120 3373 .

96 3402 169 3510 titt
181 3386 550 3524 ‘uttltlxl‘atlldtt
564 3389 1055 3529 tarantasiam

94 3525 178 3581 SAL.
199 3526 273 3594 (W).
310 3526 393 3582 SAL.
413 3543 467 3583 om.
486 3527 538 3607 M,
552 3529 649 3602 vulgo.
