2370 3878
319 149 579 209 EPISTOLARUM
596 104 643 205 1l1.
663 157 687 206 9.
709 157 749 207 10.
973 153 1013 217 81

53 298 127 365 fieri
158 298 327 400 putabam,
359 317 458 381 quum
489 295 637 381 rogabar
686 294 816 360 Nollem
849 297 1016 364 accidisset

53 387 226 471 tempus,
216 409 252 450 m
276 407 339 470 quo
362 383 542 471 perspicere
560 404 681 469 posses,
704 384 818 468 quanti
837 387 879 470 te,
902 388 1016 470 quanti

50 475 256 559 Pompeium,
279 495 374 559 quem
392 494 494 538 unum
513 493 551 537 ex
570 471 719 538 omnibus
737 472 832 558 facio,
850 477 888 538 ut
906 474 1016 578 debeo,

54 563 201 651 plurimi,
229 563 342 647 quanti
364 560 504 627 Brutum
530 560 734 626 faoerem-
758 583 954 647 quamquam
981 565 1016 629 in

54 655 193 719 consuet
178 651 290 717 tudine
318 649 507 737 quotidiana
532 649 736 735 perspexisti,
769 650 863 714 sicuti
895 654 1016 737 perspi·

53 741 188 807 oies—
194 740 296 825 ,sed,
323 738 477 824 quoniam
500 737 628 823 accidit,
601 738 683 802 tsi
706 737 784 822 quid
810 761 830 803 a
852 761 903 804 me
925 763 1016 824 prae·

55 829 242 895 termissum
274 829 349 912 erit,
381 826 586 893 commissum
618 789 810 892 iacinust
777 830 810 892 et
841 827 1016 895 admissum

56 918 196 983 dedecus
219 916 406 983 confitebor.
450 914 655 1000 Pomptinus,
682 915 737 999 qui
760 937 780 979 a
802 918 835 980 te
857 919 1015 984 tractatus
1035 937 1050 985 3

56 1010 109 1072 est
130 1006 309 1090 praestanti
337 1025 375 1071 ao
397 1003 554 1088 singulari
575 1003 652 1088 fide,
680 1003 770 1068 ouius
797 1004 847 1068 tui
869 1005 1016 1072 beneficii

56 1116 131 1160 sum
154 1115 215 1180 ego
238 1094 341 1178 testie,
363 1095 509 1177 praestat
531 1091 591 1156 tibi
614 1091 803 1157 memoriam
824 1092 1015 1160 benevolen-

56 1184 211 1268 tiamque,
232 1203 330 1267 quam
348 1181 455 1245 debet:
479 1180 534 1264 qui
553 1202 652 1263 quum
670 1181 816 1245 maximis
836 1181 901 1245 suis
919 1183 1015 1247 rebus

57 1273 191 1338 coactus
210 1293 229 1335 a
247 1291 298 1335 me
317 1269 509 1334 invitissimo
529 1269 725 1352 decessisset,
743 1271 862 1352 tamen,
880 1272 918 1334 ut
936 1271 1017 1336 vidit

57 1360 216 1423 interesse
238 1360 306 1441 tua,
328 1357 543 1423 conscendens
566 1357 631 1421 iam
654 1379 770 1422 narem
783 1357 914 1442 Epheso
934 1357 1015 1425 Lao-

59 1447 186 1511 diceam
208 1445 348 1510 revertit.
389 1444 481 1510 Talia
502 1449 536 1510 te
559 1467 658 1530 quum
681 1445 788 1510 studia
810 1446 936 1511 videam
959 1448 1016 1513 ha·

57 1535 203 1600 biturum
236 1555 305 1599 esse
340 1533 600 1619 innumerabilia,
636 1534 733 1618 plane
766 1534 912 1600 dubitare
948 1559 1016 1602 non

57 1645 205 1708 possum,
229 1623 308 1706 quin
329 1622 390 1686 tibi
413 1623 591 1707 amplitudo
614 1622 678 1687 ista
701 1623 882 1689 sollicitudo
906 1624 1016 1690 futura

59 1712 115 1794 sit;
148 1712 176 1776 si
207 1731 283 1775 vero
312 1710 466 1795 effeceris,
493 1714 531 1775 ut
563 1732 677 1775 censor
709 1732 828 1796 oreere,
855 1715 888 1776 et
915 1714 942 1776 si
969 1715 1016 1778 ita

58 1799 196 1886 gesseris
220 1820 401 1883 censuram,
427 1802 466 1863 ut
493 1802 526 1863 et
548 1798 644 1864 debes
668 1803 701 1863 et
727 1802 832 1884 potes,
860 1821 928 1864 non
955 1802 1015 1866 tibi

58 1889 173 1972 solum,
194 1887 250 1952 sed
268 1887 333 1952 tuis
352 1887 501 1953 omnibus
520 1887 612 1952 video
631 1887 666 1950 in
684 1889 875 1971 perpetuum
890 1909 1014 1953 summo

58 1980 91 2040 te
114 1974 274 2059 praesidio
302 1975 456 2039 futurum.
501 1973 587 2038 Illud
615 1994 726 2059 pugna
754 1977 785 2038 et
813 1974 946 2058 enitere,
973 1998 1015 2040 ne

58 2064 138 2147 quid
160 2063 254 2128 nobis
276 2063 430 2146 temporis
453 2065 659 2147 prorogetur,
681 2065 731 2146 ut,
754 2084 853 2146 quum
875 2062 928 2127 hio
954 2064 1015 2129 tibi

59 2149 321 2235 satisfecerimus,
348 2151 422 2214 istie
445 2171 571 2234 quoque
593 2153 739 2215 nostram
761 2150 796 2215 in
822 2153 855 2214 te
877 2151 1014 2218 benevo-

58 2239 193 2304 lentiam
214 2260 333 2304 navare
355 2239 525 2323 possimus.
562 2238 649 2315 Quae
669 2238 708 2303 de
725 2239 894 2304 hominum
917 2244 1013 2325 atque
1032 2259 1047 2306 4

59 2328 208 2393 ordinum
241 2327 385 2393 omnium
417 2349 494 2413 erga
525 2331 558 2392 te
590 2327 705 2392 studiis
737 2327 849 2392 scribis
882 2329 923 2393 ad
954 2352 1014 2415 me,

58 2416 190 2481 minime
218 2415 298 2480 mihi
325 2415 472 2480 miranda
498 2419 532 2481 et
563 2416 699 2480 maxime
726 2415 866 2480 iucunda
893 2418 1013 2482 aooide-
1117 2472 1120 2477 .

57 2508 149 2589 runt,
173 2504 347 2588 eademque
371 2503 411 2568 ad
433 2526 485 2568 me
507 2504 685 2589 perscripta
707 2506 785 2568 sunt
807 2526 826 2568 a
849 2504 1013 2570 familiari-

58 2593 119 2658 bus
142 2593 235 2657 meis:
258 2593 367 2675 itaque
390 2593 482 2676 capio
505 2613 658 2678 magnam
680 2593 892 2675 voluptatem,
915 2615 1014 2676 quum

57 2682 132 2766 tibi,
164 2682 254 2746 ouius
285 2680 365 2744 mihi
397 2681 537 2745 amicitia
568 2703 636 2746 non
668 2681 772 2746 solum
806 2680 925 2765 ampla,
958 2683 1014 2746 sed

58 2770 157 2835 etiam
179 2769 321 2834 iucunda
343 2771 406 2852 est,
430 2790 467 2833 ea
489 2769 603 2853 tribui,
626 2789 707 2853 quae
730 2768 921 2854 debeantur,
943 2773 1014 2835 tum

58 2880 133 2923 vero
156 2878 323 2923 remanere
346 2857 443 2921 etiam
465 2877 552 2921 nuno
574 2857 609 2920 in
629 2857 758 2921 civitate
776 2861 889 2922 nostra
907 2859 1014 2924 studia

56 2968 159 3031 prope
187 2947 331 3012 omnium
359 2966 518 3010 consensu
545 2965 622 3030 erga
648 2944 750 3010 fortes
778 2949 811 3009 et
836 2945 1012 3013 industrios

56 3035 158 3116 viros,
190 3054 272 3116 quae
298 3032 414 3097 mihi
405 3033 467 3117 rpsi
493 3054 560 3098 una
591 3053 716 3116 semper
742 3034 866 3099 tributa
892 3053 1031 3100 meroes·

57 3124 109 3186 est
130 3120 277 3186 laborum
300 3125 334 3186 et
355 3121 538 3208 vigiliarum
555 3142 711 3206 mearum,
734 3121 814 3188 illud
836 3143 912 3188 vero
933 3121 1013 3186 m1h1
1031 3134 1048 3183 o

129 3276 181 3347 Ep
209 3282 255 3345 10,
274 3283 298 3332 2
343 3279 510 3347 00οο000-
529 3295 743 3348 quamquam..
759 3279 963 3348 perspexisti,
990 3295 1011 3333 s.

57 3367 107 3488 dl,
103 3347 225 3489 vulsged
241 3346 315 3474 (We)
328 3349 1013 3492 verborqereerepdblspdmdoeorebrderlipwboeeoroieed

58 3461 182 3547 urebatur
135 3489 235 3545 tm
239 3489 357 3560 ,.rulgo

111 3579 174 3622 Cicer
162 3591 203 3622 ruo
188 3579 224 3622 uls
238 3581 300 3630 epist
312 3581 332 3622 L
795 3589 814 3639 p,
