2370 3878
359 142 618 199 EPISTOLARUM
637 144 670 197 X.
691 150 733 198 23.
960 144 1022 208 32?

68 309 172 371 aequo
195 289 301 352 animo
330 310 487 352 summam
514 310 582 352 rem
610 288 773 372 publicam
796 288 830 351 in
854 288 1025 352 discrimen

70 375 309 458 deduceremus3
341 376 507 460 aliquanto
540 379 647 441 autem
676 376 809 461 propius
841 397 910 440 esse
939 377 1024 460 quod

70 463 238 528 Caesarem
260 464 456 548 videbamus,
479 464 560 529 nihil
584 464 692 529 destiti
716 487 789 529 eum
811 465 927 528 litteris
950 465 1024 528 hor-

69 553 144 635 tari,
171 573 275 636 neque
302 553 356 616 ille
383 552 557 617 intermisit
585 552 746 616 affirmare
777 575 810 617 se
839 554 907 616 sine
935 575 1025 617 mora

70 641 190 724 venire,
219 662 317 724 quum
344 640 473 704 interim
504 663 651 704 aversum
672 642 763 705 illum
792 641 832 705 ab
855 641 916 706 hac
940 643 1025 726 cogi-

69 729 192 794 tatione
220 730 260 793 ad
290 729 353 793 alia
380 729 515 793 consilia
542 729 634 793 video
663 751 696 793 se
724 729 906 794 contulisse.
952 729 1024 814 Ego

68 820 179 881 tamen
211 818 251 881 ad
284 820 357 881 eum
388 816 545 882 Furnium
581 821 729 881 nostrum
761 839 833 881 cum
865 819 1025 882 mandatis

68 906 247 988 litterisque
270 906 352 989 misi,
375 906 502 988 siquid
525 905 609 969 forte
632 906 786 989 proficere
805 910 923 988 posset.
957 905 1062 970 Sciss

69 997 118 1076 tu,
146 994 190 1056 mi
218 991 343 1077 Oioero,
375 994 461 1077 quod
489 994 529 1057 ad
553 991 699 1057 Caesaris
731 1014 873 1058 amorem
901 995 1026 1076 attinet,

70 1083 256 1146 societatem
279 1081 359 1144 mihi
387 1103 455 1145 esse
479 1085 600 1165 tecum,
622 1082 674 1145 vel
697 1081 783 1164 quod
806 1082 840 1143 in
862 1082 1025 1144 familiari·

69 1173 136 1233 tate
164 1168 310 1234 Caesaris
343 1169 416 1233 vivo
444 1169 499 1233 illo
527 1170 592 1232 iam
623 1170 707 1233 tueri
734 1191 807 1233 eum
836 1172 867 1232 et
894 1169 1027 1254 diligere

69 1258 132 1320 fuit
155 1259 234 1321 mihi
257 1279 400 1338 neeesse,
427 1258 478 1321 vel
501 1259 587 1340 quod
610 1259 691 1342 ipse,
719 1258 824 1341 quoad
847 1277 907 1342 ego
931 1280 1027 1321 nosse

70 1346 170 1428 potui,
194 1345 441 1409 moderatissimi
464 1350 560 1430 atque
578 1346 802 1410 humanissimi
825 1346 888 1410 fuit
906 1367 1028 1425 sensus,

71 1434 122 1496 vel
146 1433 231 1517 quod
259 1455 297 1496 ex
325 1437 392 1497 tam
418 1434 539 1519 insigni
563 1434 703 1499 amicitia
731 1457 801 1498 mea
830 1438 926 1517 atque
950 1433 1027 1498 Cac-

71 1521 151 1584 saris
174 1521 260 1585 huno
283 1522 341 1585 filii
364 1523 434 1587 loco
458 1527 491 1588 et
513 1524 598 1587 illius
622 1526 656 1587 et
677 1527 784 1588 vestro
812 1523 928 1587 iudicio
953 1525 1026 1586 sub·

71 1611 219 1673 stitutum
248 1633 316 1675 non
347 1612 482 1694 proinde
513 1612 632 1676 habere
664 1616 758 1695 turpe
785 1611 865 1675 mihi
892 1612 1026 1675 videtur.

72 1696 190 1762 Sed-
205 1699 359 1783 quidquid
382 1700 441 1764 tibi
461 1700 574 1784 scribo,
598 1701 743 1765 dolenter
761 1700 942 1764 mehercule
960 1723 1026 1763 ma·
1047 1717 1063 1762 s

72 1787 121 1870 gis
145 1808 242 1870 quam
265 1788 392 1851 inimice
415 1789 499 1852 facio
515 1825 555 1834 -
573 1789 658 1871 quod
680 1789 761 1852 vivit
784 1785 947 1851 Antonius
970 1789 1026 1851 ho·

71 1875 135 1957 die,
158 1875 243 1958 quod
266 1874 406 1958 Lepidus
429 1898 495 1939 una
517 1880 580 1959 est,
608 1876 693 1958 quod
721 1875 878 1939 exercitus
905 1875 1029 1938 habent

72 1983 139 2025 non
171 1962 436 2046 contemnendos,
473 1963 558 2046 quod
596 1966 740 2046 sperant,
777 1962 863 2045 quod
900 1962 1028 2044 audent,

71 2070 167 2112 omne
200 2046 329 2112 Caesari
360 2054 526 2133 acceptum
563 2050 683 2114 referre
717 2054 862 2134 possunt.
915 2048 1028 2134 Neque

71 2159 132 2222 ego
166 2138 330 2220 superiora
357 2142 514 2222 repetam3
547 2140 615 2223 sed,
648 2161 685 2203 ex
713 2161 751 2203 eo
779 2142 936 2222 tempore,
964 2162 1027 2223 quo

70 2227 139 2309 ipse
159 2225 238 2289 mihi
257 2225 420 2309 professus
440 2229 489 2291 est
508 2248 541 2291 se
559 2227 678 2311 venire,
693 2228 720 2291 si
737 2227 846 2292 venire
865 2228 1028 2312 voluisset,

71 2318 127 2378 aut
151 2336 339 2398 oppressum
361 2315 427 2378 iam
449 2315 569 2380 bellum
592 2318 676 2380 esset
699 2319 756 2380 aut
782 2316 817 2380 in
844 2316 1028 2382 adversissi-

72 2403 244 2466 mamillis
272 2402 478 2488 Hispaniam
493 2426 565 2468 cum
593 2405 786 2469 detrimento
819 2427 930 2470 eorum
961 2429 1028 2468 ma-

70 2490 157 2555 ximo
180 2495 352 2556 extrusum.
390 2491 478 2568 Quae
501 2515 592 2557 mens
615 2515 697 2576 eum,
720 2496 777 2557 aut
796 2516 932 2577 quorum
954 2516 1028 2557 cou-

71 2579 156 2661 silia,
182 2599 204 2643 a
225 2583 317 2644 tanta
340 2582 457 2666 gloria,
480 2582 541 2645 sibi
569 2604 644 2646 vero
668 2582 766 2645 etiarn
787 2582 968 2646 neccssaria
991 2604 1028 2644 ac

71 2668 219 2751 salutari,
256 2671 398 2734 avocarit
434 2673 466 2734 et
500 2671 540 2734 ad
573 2671 804 2756 cogitationem
842 2671 1028 2734 consulatus

70 2755 231 2820 bimestris
255 2779 379 2822 summo
403 2779 476 2822 cum
502 2762 624 2823 terrore
652 2757 822 2823 hominum
849 2761 882 2821 et
904 2758 1027 2822 insulsa

71 2864 144 2908 oum
171 2843 405 2929 efflagitatione
434 2847 650 2928 transtulerit,
679 2849 831 2930 exputare
859 2868 926 2911 non
953 2868 1026 2931 pos-

71 2953 150 2996 sum.
195 2931 335 2997 Multum
361 2935 397 2998 in
422 2934 485 2998 hac
511 2956 546 2997 re
573 2935 652 2997 mihi
679 2934 829 2999 videntur
856 2937 1064 3001 necessariis

71 3017 139 3083 eius
162 3024 195 3084 et
217 3022 262 3084 rei
285 3022 433 3105 publicae
457 3026 489 3086 et
511 3022 612 3106 ipsius
636 3044 733 3087 causa
750 3023 905 3107 proficere
923 3046 1027 3108 posse,

68 3108 252 3192 plurimum,
275 3113 312 3173 ut
334 3116 424 3194 puto,
446 3114 482 3175 tu
506 3133 641 3195 quoque,
665 3111 754 3175 cuius
777 3111 830 3175 ille
852 3116 944 3176 tanta
963 3133 1027 3174 me·

69 3197 133 3260 rita
146 3197 253 3282 habet,
268 3203 390 3281 quanta
404 3221 498 3264 nemo
513 3203 640 3284 practer
659 3222 722 3283 me3
745 3222 922 3282 numquam
941 3199 1029 3262 enim

140 3406 191 3476 Ep.
212 3413 254 3474 al,
270 3414 293 3460 6.
332 3409 445 3475 eradent,
465 3408 495 3462 id
513 3424 589 3462 ornere
608 3408 721 3475 (Orat.)?
747 3439 782 3446 -
810 3405 1028 3460 sescentesimum

68 3475 173 3545 (Crat).
211 3495 252 3531 oo.
272 3477 339 3531 ΜΒ.
360 3510 392 3516 -
412 3479 551 3533 detrusam
570 3479 645 3549 (qu
683 3483 805 3533 ctrusum
821 3475 863 3530 n.
