2370 3878
346 200 603 257 EPISTOLARUM
622 201 682 255 xil.
702 207 743 256 14.
765 207 805 256 ιδ.
988 200 1051 264 395

95 347 180 410 rime
193 349 335 428 possent,
348 344 428 408 Asia
441 345 606 427 provincia
619 344 851 429 vectigaliaque
865 344 899 407 in
913 349 1053 407 vestram

96 436 295 516 potestatem
325 432 558 516 redigerentur:
590 432 677 514 quod
708 454 806 514 quum
835 432 1054 514 pertimuisset

97 521 271 587 Dolabella
292 523 477 601 vastataque
503 520 681 603 provincia,
708 521 863 602 correptis
890 521 1052 603 vectigali·

97 609 175 692 bus,
201 607 371 692 praecipue
399 607 520 671 civibus
547 607 703 671 Romanis
733 607 881 671 omnibus
904 607 1053 671 crudelis·

98 697 180 760 sime
212 695 381 759 denudatis
413 716 450 759 ac
478 695 647 758 divenditis
679 695 812 758 celerius
838 694 918 758 Asia
950 716 1053 759 exces-

99 783 205 866 sisset,
227 804 325 866 quam
343 804 380 846 eo
399 783 594 865 praesidium
613 782 727 847 adduci
745 783 911 865 potuisset,
932 782 1053 846 diutius

99 871 220 935 morari
243 875 306 935 aut
323 874 506 954 exspectare
528 871 723 953 praesidium
751 891 819 933 non
841 891 970 933 necesse
997 871 1053 933 ha-

98 958 158 1022 bui
180 962 214 1022 et
235 980 332 1042 quam
358 959 498 1040 primum
525 958 565 1020 ad
592 979 699 1022 meum
726 956 868 1021 officium
894 961 1054 1021 reverten-

100 1045 179 1110 dum
201 1045 282 1109 mihi
308 1066 377 1110 esse
401 1046 592 1128 existimavi,
621 1049 713 1109 utet
739 1045 862 1127 reliqua
884 1046 1054 1128 vectigalia

100 1133 262 1217 exigerem
296 1136 329 1197 et
360 1155 457 1216 quam
493 1133 626 1216 deposui
657 1133 826 1216 pecuniam
863 1133 1055 1216 colligerem,

101 1221 242 1304 quidque
263 1242 302 1284 ex
319 1242 357 1285 ea
375 1224 557 1304 correptum
576 1223 660 1284 esset
679 1224 735 1284 aut
752 1242 888 1304 quorum
909 1220 943 1283 id
961 1221 1055 1303 culpa

101 1308 283 1391 accidisset,
315 1328 541 1392 cognoscerem
573 1330 669 1391 quam
700 1309 839 1391 primum
871 1311 904 1372 et
931 1329 988 1372 vos
1016 1308 1054 1371 de

102 1395 192 1461 omni
214 1396 410 1460 resecarem
437 1397 597 1460 certiores.
641 1396 775 1459 Interim
802 1417 900 1478 quum
928 1417 985 1480 per
1007 1396 1090 1460 ina

102 1484 191 1547 sulas
208 1484 244 1547 in
257 1481 369 1548 Asiam
387 1484 556 1568 naviganti
573 1484 653 1548 mihi
670 1484 855 1547 nuntiatum
874 1489 958 1548 esset
977 1485 1054 1547 clas-

102 1591 172 1635 sem
203 1569 390 1635 Dolabellae
421 1572 456 1634 in
488 1570 586 1654 Lycia
618 1593 686 1635 esse
717 1571 925 1654 Rhodiosque
956 1593 1054 1635 naves

103 1659 284 1741 complures
314 1659 487 1723 instructas
520 1662 552 1722 et
582 1663 712 1743 paratas
748 1659 783 1723 in
815 1681 899 1742 aqua
927 1660 1055 1741 habere,

85 1766 177 1830 'cum
207 1746 247 1810 iis
269 1747 419 1828 navibus,
446 1768 525 1830 quas
548 1749 605 1810 aut
631 1768 756 1810 mecum
783 1747 977 1810 adduxeram
1000 1750 1056 1809 aut

104 1837 347 1916 comparaverat
368 1832 515 1898 Patiscus
538 1857 641 1917 proq,
664 1835 761 1898 homo
784 1834 864 1898 mihi
887 1855 986 1916 quum
1008 1833 1056 1896 fa-

103 1921 304 2003 miliaritate,
330 1925 400 1985 tum
423 1922 520 1985 etiam
548 1921 694 1985 sensibus
716 1922 751 1983 in
774 1942 808 1984 rc
830 1921 959 2002 publica
982 1941 1055 1984 con-

103 2008 337 2091 iunctissimus,
363 2008 514 2072 Rhodum
546 2009 669 2072 deverti
695 2008 834 2072 confisus
865 2008 1056 2071 auctoritate

103 2100 211 2161 vestra
234 2099 427 2178 senatusque
450 2097 606 2179 consulto,
629 2117 692 2179 quo
710 2096 837 2160 hostem
855 2095 1057 2160 Dolabellam

103 2182 303 2267 iudicaretis,
324 2183 452 2249 foedere
476 2206 616 2267 quoque,
639 2184 725 2266 quod
748 2205 820 2247 cum
843 2184 882 2247 iis
905 2183 949 2248 M.
971 2183 1056 2248 Mar·

104 2272 185 2335 cello
209 2269 275 2335 Ser.
298 2269 439 2354 Sulpicio
466 2291 538 2336 coss.
561 2275 750 2336 renovatum
778 2274 860 2354 erat,
887 2293 950 2355 quo
973 2272 1056 2336 iura·

103 2363 219 2422 verant
247 2358 367 2422 Rhodii
398 2360 527 2423 eosdem
558 2359 668 2423 hostes
700 2381 733 2422 se
764 2358 945 2443 habituros,
978 2382 1057 2442 quos

104 2449 236 2509 senatus
267 2447 468 2529 populusque
495 2446 538 2511 R:
572 2468 652 2529 quac
679 2468 730 2510 res
761 2469 822 2511 nos
853 2447 1058 2511 vehementer

104 2532 237 2615 fefellit3
267 2537 395 2597 tantum
427 2534 513 2597 enim
546 2535 640 2617 afuit,
670 2538 707 2598 ut
738 2535 866 2598 illorum
897 2535 1056 2617 praesidio

104 2625 251 2684 nostram
280 2622 480 2685 firmaremus
509 2623 656 2705 classem,
687 2625 724 2686 ut
755 2622 852 2685 etiam
881 2620 1057 2685 aRhodiis

105 2709 197 2791 urbe,
220 2712 329 2792 portu,
352 2710 504 2792 statione,
532 2731 612 2793 quae
636 2714 725 2773 extra
751 2709 864 2772 urbem
886 2712 944 2792 est,
973 2729 1057 2772 com·

105 2799 229 2878 meatu,
258 2818 342 2879 aqua
369 2797 506 2880 denique
533 2797 780 2879 prohiberentur
805 2796 909 2861 nostri
932 2796 1058 2878 milites,

104 2905 165 2947 nos
193 2883 247 2947 vix
277 2885 339 2966 ipsi
371 2885 507 2968 singulis
535 2907 608 2948 cum
639 2884 811 2968 navigiolis
837 2885 1058 2968 reciperemur.

104 2970 211 3046 Quam
240 2971 468 3056 indignitatem
505 2971 820 3054 deminutionemque
856 2994 923 3036 non
955 2973 1059 3036 solum

104 3059 184 3122 iuris
206 3060 319 3140 nostri,
342 3060 397 3123 sed
421 3059 518 3122 etiam
538 3059 715 3123 maiestatis
737 3059 925 3143 imperiique
947 3058 1059 3141 populi

103 3145 246 3211 Romani
276 3147 393 3210 idcirco
425 3147 570 3227 tulimus,
609 3147 694 3231 quod
725 3146 912 3229 interceptis
943 3143 1059 3208 litteris

104 3253 320 3318 cognoramus
351 3233 570 3318 Dolabellam,
606 3235 633 3298 si
666 3235 865 3316 desperasset
897 3232 935 3295 de
968 3229 1060 3314 Syria

102 3319 328 3407 Aegyptoque,
352 3321 437 3405 quod
459 3343 588 3386 necesse
612 3326 681 3384 erat
703 3321 786 3404 fieri,
808 3322 843 3383 in
866 3340 963 3384 naves
987 3340 1060 3382 cum

174 3510 224 3578 Ep.
245 3517 286 3578 15,
301 3517 325 3563 2.
362 3511 467 3566 deverti
483 3511 559 3583 (W.).
596 3527 651 3568 reo.
668 3509 719 3582 M,
731 3510 831 3584 vulgo.
