2370 3878
258 213 516 271 EPISTOLARUM
532 213 580 266 AD
597 212 628 278 Q.
643 210 818 265 FRATREM
832 210 853 264 I.
868 216 893 264 2.
990 210 1054 273 579

98 382 176 426 sane
201 366 297 445 esset,
326 361 411 445 quod
438 382 499 424 nos
522 359 709 442 poeniteret.
754 355 799 422 Et
826 355 978 421 mediocri
1005 376 1055 417 me

99 451 209 514 dolore
228 453 323 533 putas
346 448 442 530 affici,
464 469 563 531 quum
587 447 723 529 audiam,
746 467 810 528 qua
833 446 876 508 sit
897 443 1056 507 existima-

98 539 188 602 tione
211 535 245 602 O.
268 536 446 621 Vergilius,
474 557 538 619 qua
564 538 639 599 tuus
667 534 792 598 vicinus
820 530 854 597 Ο.
883 530 1055 596 Octavius?

98 647 188 709 nam,
220 626 247 689 si
279 628 311 688 te
343 624 550 687 interioribus
582 622 696 685 vicinis
718 622 798 705 tuis,
830 619 991 685 Ciliciensi
1024 622 1056 682 et

99 713 239 798 Syriaco,
263 712 443 796 anteponis,
466 710 558 774 valde
580 710 691 794 magni
713 709 807 773 facis!
832 713 928 792 atque
949 709 977 772 is
1001 708 1055 772 do·

97 802 148 865 lor
167 805 224 883 est,
248 800 342 884 quod,
360 822 459 883 quum
476 799 508 882 ii,
528 819 607 881 quos
625 798 850 879 nominavite
870 796 1056 860 innocentia

98 911 167 953 non
189 889 334 971 vincant,
363 889 499 951 uincunt
520 890 630 950 tamen
654 885 789 949 artificio
812 884 1056 949 benevolentiae

100 976 312 1061 colligendae,
339 976 393 1059 qui
423 996 526 1056 neque
550 971 669 1057 Cyrum
697 972 925 1057 Xenophontis
952 994 1055 1054 neque

99 1064 289 1148 Agesilaum
313 1063 472 1145 noverint,
499 1084 635 1145 quorum
654 1083 767 1146 regum
790 1082 915 1125 summo
940 1061 976 1123 in
998 1061 1055 1122 im-

98 1153 188 1236 perio
207 1173 301 1215 nemo
320 1172 473 1233 umquam
492 1151 625 1214 verbum
643 1151 746 1214 ullum
764 1150 908 1232 asperius
926 1147 1056 1212 audivit.
1076 1156 1080 1162 “

166 1238 238 1323 Sed,
259 1238 339 1303 haec
363 1261 382 1302 a
403 1238 562 1322 principio
584 1239 645 1302 tibi
671 1238 871 1321 praecipiens
899 1239 1056 1319 quantum
1075 1232 1091 1337 ξ

99 1327 302 1411 profecerim,
325 1348 392 1391 non
419 1327 547 1411 ignoro:
575 1347 662 1391 nuno
688 1329 798 1390 tamen
826 1324 995 1408 decedens,
1022 1324 1056 1388 id

100 1415 185 1499 quod
199 1415 279 1478 mihi
292 1415 358 1478 iam
371 1415 477 1478 facere
496 1414 622 1499 videris,
640 1414 795 1497 relinque,
813 1435 942 1498 quaeso,
960 1434 1056 1496 quam

99 1503 363 1567 iucundissimam
390 1504 577 1567 memoriam
603 1504 661 1567 tui.
707 1500 929 1568 successorem
955 1501 1056 1565 habes

98 1591 325 1677 perblandum;
352 1594 458 1656 cetera
480 1591 572 1656 valde
594 1591 681 1655 illius
705 1591 845 1656 adventu
873 1594 930 1654 tua
953 1590 1056 1673 requi-

98 1683 217 1744 rentur.
253 1678 294 1744 In
315 1679 432 1744 litteris
455 1680 630 1762 mittendis,
651 1685 688 1744 ut
705 1701 799 1762 saepe
823 1678 863 1742 ad
883 1684 914 1741 te
935 1678 1056 1760 scripsi,

99 1769 234 1831 nimium
256 1772 289 1831 te
317 1767 511 1832 exorabilem
538 1768 726 1850 praebuisti:
758 1767 837 1830 tolle
871 1787 997 1846 omnes,
1029 1766 1057 1828 si

98 1859 201 1938 poteS,
218 1856 356 1938 iniquas,
373 1855 451 1934 tolle
470 1856 650 1938 inusitatas,
668 1855 746 1918 tolle
761 1854 948 1917 contrariae.
986 1851 1055 1916 Sta-

99 1943 164 2006 tius
187 1942 266 2006 mihi
293 1942 438 2006 narrauit
466 1943 601 2024 scriptas
625 1941 666 2005 ad
688 1945 720 2004 te
744 1941 846 2005 solere
870 1941 992 2025 afferri,
1015 1941 1055 2004 ab

100 2052 133 2094 se
156 2031 221 2114 legi
244 2033 285 2111 et,
308 2031 335 2093 si
358 2030 487 2112 iniquae
511 2032 628 2113 essent,
649 2029 719 2093 fieri
741 2034 778 2092 te·
795 2029 977 2111 certiorem,
1001 2051 1056 2092 an·

100 2123 229 2200 tequam
251 2139 326 2181 vero
349 2118 418 2201 ipse
441 2118 481 2181 ad
504 2121 537 2181 te
564 2119 717 2199 venisset,
744 2118 870 2181 nullum
898 2117 1056 2181 delectum
1117 2139 1124 2147 ·

98 2206 279 2269 litterarum
305 2205 418 2287 fuisse,
446 2228 485 2269 ex
512 2228 549 2269 eo
578 2227 647 2270 esse
674 2206 840 2270 volumina
867 2207 1057 2270 selectarum

100 2293 317 2377 epistolarum,
341 2315 421 2376 quae
444 2293 634 2377 reprehendi
658 2294 806 2358 solerent.
842 2292 914 2359 Hoc
938 2294 976 2358 de
1000 2313 1082 2379 gea

98 2403 174 2445 nere
197 2380 279 2444 nihil
302 2386 334 2444 te
357 2403 444 2445 nuno
468 2382 596 2464 quidem
614 2403 786 2447 moneo-
802 2404 873 2446 sero
897 2386 947 2447 est
969 2383 1055 2446 enirn

99 2505 140 2515 -
157 2491 194 2533 ac
217 2469 297 2533 scire
319 2472 412 2552 potes
435 2471 537 2534 multa
559 2492 610 2534 me
629 2471 716 2534 varie
737 2471 969 2555 diligenterque
988 2492 1055 2534 mo-

97 2559 219 2622 nuisse:
256 2557 336 2621 illud
367 2560 490 2640 tamen,
526 2558 612 2643 quod
648 2558 858 2642 Theopompo
895 2557 1056 2642 mandavi,

98 2668 196 2730 quum
220 2667 323 2710 essem
346 2644 529 2710 admonitus
553 2647 593 2710 ab
616 2647 697 2730 ipso,
720 2647 806 2729 vide,
827 2667 886 2730 per
907 2646 1055 2710 homines

98 2738 243 2798 amantes
270 2735 332 2817 tui,
364 2734 449 2817 quod
478 2738 527 2797 est
553 2734 660 2817 facile,
687 2738 725 2798 ut
750 2734 830 2798 hacc
853 2754 972 2818 genera
994 2735 1054 2798 tol-

97 2822 207 2884 lantur
230 2821 448 2904 epistolarum,
470 2821 610 2903 primum
627 2823 819 2907 iniquarum,
842 2822 956 2886 deinde
980 2844 1054 2887 con·
1128 2849 1132 2856 ·

96 2909 284 2991 trariarum,
319 2910 390 2971 tum
427 2908 563 2971 absurde
601 2913 634 2972 et
664 2911 817 2975 inusitate
854 2912 1054 2994 scriptarum,

97 2998 260 3080 postremo
283 2995 319 3059 in
341 2996 480 3079 aliquem
503 2998 815 3063 contumeliosamm.
860 2998 969 3082 Atque
992 3018 1053 3082 ego

96 3085 176 3148 haee
198 3086 266 3148 tam
290 3104 368 3167 esse,
391 3104 488 3167 quam
511 3083 620 3169 audio,
646 3107 713 3150 non
735 3090 829 3170 puto,
852 3089 898 3168 et,
927 3087 955 3149 si
978 3088 1054 3149 sunt

165 3257 217 3328 Ep.
237 3265 266 3327 2,
287 3265 310 3312 7.
343 3260 500 3328 poeniteret.
537 3258 592 3317 Seu
616 3261 702 3331 (Wlt
729 3291 762 3302 -
791 3261 876 3314 <ruo
895 3259 999 3328 (Emit
1018 3289 1052 3302 -

96 3329 125 3383 O.
150 3329 288 3399 Verqiliua
305 3327 380 3399 (Or).
424 3329 501 3400 Verp.
521 3331 567 3399 M,
581 3332 674 3402 vulgo.
694 3363 729 3372 -
748 3334 841 3399 rugel
857 3331 929 3396 focis
946 3331 1050 3398 (RW.).

94 3400 248 3470 mapuificia
264 3401 302 3454 Μ.
338 3416 467 3470 mapsam
478 3401 550 3468 focis
562 3402 593 3470 1.‚
607 3402 701 3474 vulgo.
721 3433 753 3442 -«
774 3418 876 3456 reclauso
894 3403 926 3456 io
939 3403 1052 3471 imperio

94 3471 155 3539 (h).
192 3472 236 3525 An
253 3472 285 3524 ia
306 3487 328 3526 a.
346 3473 366 3525 i.
390 3470 503 3541 (Gratti
544 3488 568 3526 s.
587 3473 653 3543 imp.
671 3472 736 3526 ΜΒ.
780 3478 806 3527 8.
833 3473 948 3541 iniquae
970 3477 1059 3525 esseut

94 3541 168 3610 (W).
206 3544 223 3595 i,
243 3542 301 3596 sint
316 3542 362 3612 M,
383 3541 477 3613 vulgo.

806 3635 865 3690 tl*
