2370 3878
254 168 512 226 EPISTOLARUM
525 169 575 224 AD
590 168 620 234 Q.
635 165 811 221 FRATREM
824 166 845 220 I.
861 173 886 221 3.
985 167 1048 230 587

92 317 267 401 dignitate,
290 315 496 397 auctoritate,
519 314 763 395 existimatione,
786 312 892 398 gratia
913 311 1052 377 nonin·

95 405 207 487 ferior,
234 426 330 488 quam
361 404 416 486 qui
448 423 601 484 umquam
629 402 761 466 fuerunt
788 400 991 485 amplissimi,
1023 401 1052 463 is

95 514 183 556 nune
208 493 243 555 in
265 493 326 556 hac
348 495 417 555 tam
440 490 562 554 afflicta
583 490 771 573 perditaque
792 488 926 554 fortuna
948 509 1052 571 neque

95 602 147 643 me
170 602 273 663 neque
296 601 385 644 meos
407 580 518 664 lugere
537 577 657 642 diutius
679 578 810 661 possim.
847 576 952 653 Quare
975 577 1078 660 quid?

95 669 210 732 adme
234 668 390 750 scripsisti
414 667 452 730 de
471 665 731 750 permutatione?
754 666 942 749 quasivero
965 686 1052 729 nune

95 777 236 821 menon
259 760 335 819 tuae
361 755 533 819 facultates
557 754 751 836 sustineant,
781 754 902 835 quain
924 775 959 817 re
981 754 1053 837 ipsa
1089 760 1093 765 ’

95 844 188 908 video
202 844 299 906 miser
313 847 346 906 et
365 844 468 907 sentio
488 843 565 926 quid
584 842 711 906 sceleris
737 841 929 924 admiserim,
954 863 1053 924 quum

95 933 135 995 de
159 931 333 995 visceribus
361 931 426 995 tuis
453 934 487 994 et
508 931 567 994 filii
594 931 643 994 tui
665 930 889 993 satisfacturus
917 929 961 993 sis
984 931 1052 1012 qui·

95 1021 157 1083 bus
180 1020 292 1101 debes,
319 1040 379 1103 ego
404 1024 569 1103 acceptam
592 1040 630 1082 ex
658 1018 781 1082 aerario
804 1016 974 1100 pecuniam
995 1020 1052 1081 tuo

96 1109 227 1171 nomine
259 1108 380 1171 frustra
411 1107 602 1191 dissiparim.
651 1104 714 1170 Sed
741 1110 851 1169 tamen
873 1106 894 1183 †
917 1107 950 1168 et
978 1104 1053 1167 inde

96 1196 256 1278 Antonio,
289 1198 446 1278 quantum
472 1198 509 1259 tu
537 1195 723 1278 scripseras,
753 1199 783 1257 et
804 1190 960 1277 Caepioni
982 1196 1053 1257 tan·

95 1285 230 1348 tundem
254 1284 395 1347 solutum
419 1286 479 1347 est:
502 1283 582 1346 mihi
605 1284 711 1365 adid,
734 1281 820 1366 qnod
843 1281 961 1366 cogito,
983 1280 1055 1364 hoo,

98 1372 184 1454 quod
211 1371 329 1455 habeo,
357 1371 435 1434 satis
462 1375 525 1453 est;
552 1372 618 1435 sive
646 1372 732 1435 enim
759 1370 958 1434 restituimur
986 1369 1053 1432 sive

97 1460 318 1542 desperamus,
345 1459 427 1523 nihil
455 1460 593 1543 amplius
621 1481 702 1543 opus
730 1463 787 1523 est.
833 1457 897 1542 Tu,
920 1459 947 1521 si
969 1456 1054 1521 forte

97 1548 174 1632 quid
197 1548 258 1611 erit
280 1548 460 1630 molestiae,
481 1552 514 1611 te
538 1549 579 1612 ad
602 1545 753 1612 Crassum
775 1550 808 1611 et
830 1547 877 1610 ad·
895 1543 1054 1610 Calidium

97 1636 244 1700 conferas
264 1657 390 1701 censeo:
414 1640 571 1720 quantum
591 1634 766 1701 Hortensio
786 1636 979 1700 eredendum
1003 1635 1054 1716 sit,

97 1725 215 1789 neseio.
261 1723 314 1788 Me
338 1746 463 1788 summa
491 1725 695 1788 simulatione
725 1724 843 1788 amoris
867 1741 1081 1804 summaques

98 1813 286 1875 assiduitate
314 1812 503 1894 quotidiana
532 1811 775 1875 sceleratissime
798 1811 1054 1874 insidiosissime-

99 1921 160 1984 que
183 1900 336 1963 tractavit
359 1899 510 1962 adiuncto
535 1897 571 1972 Q.
594 1897 704 1980 Arri03
731 1919 868 1981 quorum
896 1918 955 1980 ego
980 1918 1054 1961 con·

100 1987 189 2070 siliis,
211 1987 387 2070 promissis,
409 1986 589 2069 praeceptis
612 1986 784 2050 destitutus
807 1986 842 2048 in
864 1986 948 2049 hanc
972 1986 1055 2049 cala-

99 2075 246 2138 mitatem
272 2074 378 2138 incidi.
424 2073 486 2138 Sed
512 2075 593 2138 haec
616 2073 805 2155 occultabis,
831 2094 872 2136 ne
900 2072 976 2156 quid
1000 2073 1055 2136 ob·

100 2164 177 2226 sint:
208 2164 289 2227 illud
316 2165 427 2227 caveto
447 2167 542 2226 -et
573 2184 611 2227 eo
643 2165 722 2245 puto
757 2182 814 2243 per
841 2159 1056 2244 Pomponium

98 2251 274 2314 fovendum
296 2250 356 2314 tibi
384 2273 453 2314 esse
479 2252 585 2334 ipsum
613 2249 825 2314 Hortensium
848 2284 904 2332 —-,
932 2270 973 2313 ne
1001 2249 1055 2312 ille

99 2361 225 2421 versus,
256 2339 311 2421 qui
338 2339 373 2401 in
399 2343 432 2401 te
460 2342 530 2402 erat
557 2339 706 2421 collatus,
734 2358 832 2420 quum
860 2336 1056 2401 aedilitatem

99 2428 241 2511 petebas,
264 2426 302 2490 de
325 2427 396 2511 lege
419 2425 561 2509 Aurelia,
582 2427 666 2491 falso
684 2424 870 2490 testimonio
889 2425 1056 2490 confirme-

99 2521 166 2597 tur;
192 2515 274 2579 nihil
301 2516 387 2578 enim
414 2518 481 2578 tam
504 2515 601 2580 timeo
625 2536 722 2598 quam
749 2535 804 2596 ne,
833 2535 932 2598 quum
962 2514 1055 2577 intel·

100 2604 205 2687 ligant
226 2603 387 2686 homines,
417 2607 574 2686 quantum
600 2602 836 2667 misericordiae
863 2601 957 2665 nobis
980 2606 1055 2664 tuae

100 2713 210 2774 preces
233 2695 266 2756 et
283 2695 340 2755 tua
359 2692 445 2756 salus
464 2693 601 2755 allatura
620 2691 671 2773 sit,
694 2692 885 2775 oppugnent
906 2693 939 2752 te
962 2688 1055 2753 vehe-

100 2780 250 2842 mentius.
302 2779 476 2843 Messalam
506 2780 556 2842 tui
588 2779 767 2843 studiosum
803 2799 873 2842 esse
905 2777 1083 2860 arbitror39

100 2867 290 2949 Pompeium
313 2867 410 2929 etiam
433 2867 652 2931 simulatorem
674 2870 762 2950 puto.
808 2864 871 2930 Sed
893 2866 973 2931 haee
996 2866 1056 2930 uti-

101 2970 238 3018 namrw
265 2953 440 3035 experiare!
473 2954 558 3036 quod
585 2975 732 3037 precarer
759 2954 850 3038 deos,
878 2954 942 3019 nisi
969 2976 1057 3018 meas

100 3062 212 3125 preces
231 3040 340 3106 audire
364 3040 535 3124 desissent;
557 3046 778 3107 verumtamen
800 3063 922 3126 precor,
947 3044 984 3104 ut
1006 3041 1058 3104 his

173 3286 224 3357 Ep.
244 3293 269 3352 3,
284 3293 309 3340 7.
344 3303 428 3355 quam
450 3290 482 3340 tc
503 3287 536 3340 de
557 3286 703 3341 circuibas
725 3285 809 3355 (W.)?
833 3315 866 3324 -
889 3289 979 3338 tamea
997 3288 1017 3351 †
1033 3287 1060 3338 ct

102 3358 166 3413 inde
184 3357 291 3426 (MW.).
336 3362 355 3410 t.
379 3357 444 3411 iude
465 3362 490 3410 et
508 3356 574 3410 Aut.
598 3357 681 3426 (W.)?
718 3357 762 3411 An
779 3360 798 3408 t.
817 3359 843 3408 et
861 3354 904 3407 M.
928 3355 994 3409 Aut.

102 3432 127 3553 ΖΞ
145 3428 331 3567 &Carme
347 3428 395 3497 (W
398 3430 432 3496 .)?
468 3432 487 3480 t.
506 3433 532 3481 et
550 3426 594 3481 M.
613 3427 679 3482 Aut.
700 3467 724 3480 ..
743 3431 768 3480 et
782 3424 863 3494 Caep.
882 3424 912 3477 B.
928 3425 1058 3493 (alterum
