<?xml version="1.0" encoding="UTF-8"?>
<!DOCTYPE html PUBLIC "-//W3C//DTD XHTML 1.0 Transitional//EN"
    "http://www.w3.org/TR/xhtml1/DTD/xhtml1-transitional.dtd">
<html xmlns="http://www.w3.org/1999/xhtml" xml:lang="en" lang="en">
 <head>
  <title>
</title>
<meta http-equiv="Content-Type" content="text/html;charset=utf-8" />
  <meta name='ocr-system' content='tesseract 3.04.00' />
  <meta name='ocr-capabilities' content='ocr_page ocr_carea ocr_par ocr_line ocrx_word'/>
</head>
<body>
  <div class='ocr_page' id='page_1' title='image "./epistolae00cicegoog_0487.png"; bbox 0 0 2370 3878; ppageno 0'>
   <div class='ocr_carea' id='block_1_1' title="bbox 132 157 806 223">
    <p class='ocr_par' dir='ltr' id='par_1_1' title="bbox 132 157 806 223">
     <span class='ocr_line' id='line_1_1' title="bbox 132 157 806 223; baseline -0.012 0"><span class='ocrx_word' id='word_1_1' title='bbox 132 160 197 223; x_wconf 65' lang='lat'><strong>478</strong></span> <span class='ocrx_word' id='word_1_2' title='bbox 412 159 451 212; x_wconf 86' lang='grc' dir='ltr'><strong>Μ.</strong></span> <span class='ocrx_word' id='word_1_3' title='bbox 470 157 594 212; x_wconf 82' lang='lat' dir='ltr'>TULLII</span> <span class='ocrx_word' id='word_1_4' title='bbox 612 157 806 216; x_wconf 81' lang='lat' dir='ltr'>CICERONIS</span> 
     </span>
    </p>
   </div>
   <div class='ocr_carea' id='block_1_2' title="bbox 130 300 1092 1163">
    <p class='ocr_par' dir='ltr' id='par_1_2' title="bbox 130 300 1092 1163">
     <span class='ocr_line' id='line_1_2' title="bbox 133 300 1092 388; baseline 0.007 -21"><span class='ocrx_word' id='word_1_5' title='bbox 133 304 251 368; x_wconf 86' lang='lat' dir='ltr'><strong>multos</strong></span> <span class='ocrx_word' id='word_1_6' title='bbox 279 302 378 366; x_wconf 89' lang='lat' dir='ltr'><strong>libros</strong></span> <span class='ocrx_word' id='word_1_7' title='bbox 411 300 617 384; x_wconf 76' lang='lat' dir='ltr'>surripuisset</span> <span class='ocrx_word' id='word_1_8' title='bbox 642 323 702 367; x_wconf 89' lang='lat' dir='ltr'><strong>nee</strong></span> <span class='ocrx_word' id='word_1_9' title='bbox 730 324 764 367; x_wconf 91' lang='lat' dir='ltr'><strong>se</strong></span> <span class='ocrx_word' id='word_1_10' title='bbox 790 305 924 388; x_wconf 89' lang='lat' dir='ltr'><strong>impune</strong></span> <span class='ocrx_word' id='word_1_11' title='bbox 953 308 1092 374; x_wconf 88' lang='lat' dir='ltr'><strong>laturum</strong></span> 
     </span>
     <span class='ocr_line' id='line_1_3' title="bbox 133 387 1092 474; baseline 0.008 -20"><span class='ocrx_word' id='word_1_12' title='bbox 133 394 269 474; x_wconf 83' lang='lat' dir='ltr'><strong>putaret,</strong></span> <span class='ocrx_word' id='word_1_13' title='bbox 292 388 425 472; x_wconf 80' lang='lat' dir='ltr'><strong>aufugit.</strong></span> <span class='ocrx_word' id='word_1_14' title='bbox 471 387 504 451; x_wconf 88' lang='lat' dir='ltr'><strong>Is</strong></span> <span class='ocrx_word' id='word_1_15' title='bbox 527 392 578 452; x_wconf 87' lang='lat' dir='ltr'><strong>est</strong></span> <span class='ocrx_word' id='word_1_16' title='bbox 603 388 638 452; x_wconf 90' lang='lat' dir='ltr'><strong>in</strong></span> <span class='ocrx_word' id='word_1_17' title='bbox 664 390 830 473; x_wconf 85' lang='lat' dir='ltr'><strong>provincia</strong></span> <span class='ocrx_word' id='word_1_18' title='bbox 856 397 929 457; x_wconf 88' lang='lat' dir='ltr'><strong>tua:</strong></span> <span class='ocrx_word' id='word_1_19' title='bbox 961 417 1036 460; x_wconf 89' lang='lat' dir='ltr'><strong>eum</strong></span> <span class='ocrx_word' id='word_1_20' title='bbox 1063 403 1092 462; x_wconf 86' lang='lat' dir='ltr'><strong>et</strong></span> 
     </span>
     <span class='ocr_line' id='line_1_4' title="bbox 132 475 1092 561; baseline 0.008 -20"><span class='ocrx_word' id='word_1_21' title='bbox 132 478 175 541; x_wconf 88' lang='lat' dir='ltr'><strong>M.</strong></span> <span class='ocrx_word' id='word_1_22' title='bbox 199 477 353 556; x_wconf 80' lang='lat' dir='ltr'><strong>Bolanus,</strong></span> <span class='ocrx_word' id='word_1_23' title='bbox 374 495 459 540; x_wconf 72' lang='lat' dir='ltr'><strong>orcus</strong></span> <span class='ocrx_word' id='word_1_24' title='bbox 481 475 663 561; x_wconf 85' lang='lat' dir='ltr'><strong>familiaris,</strong></span> <span class='ocrx_word' id='word_1_25' title='bbox 686 480 835 543; x_wconf 85' lang='lat' dir='ltr'><strong>etmulti</strong></span> <span class='ocrx_word' id='word_1_26' title='bbox 859 481 914 544; x_wconf 91' lang='lat' dir='ltr'><strong>alii</strong></span> <span class='ocrx_word' id='word_1_27' title='bbox 939 481 1092 549; x_wconf 82' lang='lat' dir='ltr'>Naronae</span> 
     </span>
     <span class='ocr_line' id='line_1_5' title="bbox 132 563 1090 646; baseline 0.01 -19"><span class='ocrx_word' id='word_1_28' title='bbox 132 566 288 645; x_wconf 79' lang='lat' dir='ltr'><strong>viderunt,</strong></span> <span class='ocrx_word' id='word_1_29' title='bbox 311 563 375 645; x_wconf 85' lang='lat' dir='ltr'><strong>sed,</strong></span> <span class='ocrx_word' id='word_1_30' title='bbox 398 585 496 646; x_wconf 90' lang='lat' dir='ltr'><strong>quum</strong></span> <span class='ocrx_word' id='word_1_31' title='bbox 519 585 553 627; x_wconf 88' lang='lat' dir='ltr'><strong>se</strong></span> <span class='ocrx_word' id='word_1_32' title='bbox 576 587 597 627; x_wconf 86' lang='lat' dir='ltr'><strong>a</strong></span> <span class='ocrx_word' id='word_1_33' title='bbox 618 584 669 628; x_wconf 90' lang='lat' dir='ltr'><strong>me</strong></span> <span class='ocrx_word' id='word_1_34' title='bbox 692 567 928 633; x_wconf 87' lang='lat' dir='ltr'><strong>manumissum</strong></span> <span class='ocrx_word' id='word_1_35' title='bbox 952 592 1025 636; x_wconf 88' lang='lat' dir='ltr'><strong>esse</strong></span> <span class='ocrx_word' id='word_1_36' title='bbox 1048 573 1090 636; x_wconf 82' lang='lat' dir='ltr'><strong>‹li-</strong></span> 
     </span>
     <span class='ocr_line' id='line_1_6' title="bbox 132 651 1089 731; baseline 0.011 -17"><span class='ocrx_word' id='word_1_37' title='bbox 132 656 229 731; x_wconf 85' lang='lat' dir='ltr'><strong>ceret,</strong></span> <span class='ocrx_word' id='word_1_38' title='bbox 253 651 462 715; x_wconf 85' lang='lat' dir='ltr'><strong>crediderunt.</strong></span> <span class='ocrx_word' id='word_1_39' title='bbox 510 651 607 717; x_wconf 89' lang='lat' dir='ltr'><strong>Hunc</strong></span> <span class='ocrx_word' id='word_1_40' title='bbox 633 657 670 716; x_wconf 92' lang='lat' dir='ltr'><strong>tu</strong></span> <span class='ocrx_word' id='word_1_41' title='bbox 697 655 725 717; x_wconf 92' lang='lat' dir='ltr'><strong>si</strong></span> <span class='ocrx_word' id='word_1_42' title='bbox 752 655 832 719; x_wconf 90' lang='lat' dir='ltr'><strong>mihi</strong></span> <span class='ocrx_word' id='word_1_43' title='bbox 854 659 1089 725; x_wconf 87' lang='lat' dir='ltr'><strong>restituendum</strong></span> 
     </span>
     <span class='ocr_line' id='line_1_7' title="bbox 133 740 1088 829; baseline 0.01 -27"><span class='ocrx_word' id='word_1_44' title='bbox 133 741 262 820; x_wconf 86' lang='lat' dir='ltr'><strong>curaris,</strong></span> <span class='ocrx_word' id='word_1_45' title='bbox 285 762 352 803; x_wconf 92' lang='lat' dir='ltr'><strong>nou</strong></span> <span class='ocrx_word' id='word_1_46' title='bbox 374 761 506 822; x_wconf 90' lang='lat' dir='ltr'><strong>possum</strong></span> <span class='ocrx_word' id='word_1_47' title='bbox 530 740 642 822; x_wconf 90' lang='lat' dir='ltr'><strong>dicere,</strong></span> <span class='ocrx_word' id='word_1_48' title='bbox 665 763 762 824; x_wconf 92' lang='lat' dir='ltr'><strong>quam</strong></span> <span class='ocrx_word' id='word_1_49' title='bbox 784 744 864 807; x_wconf 90' lang='lat' dir='ltr'><strong>mihi</strong></span> <span class='ocrx_word' id='word_1_50' title='bbox 887 752 1020 829; x_wconf 86' lang='lat' dir='ltr'><strong>gratum</strong></span> <span class='ocrx_word' id='word_1_51' title='bbox 1043 750 1088 812; x_wconf 86' lang='lat' dir='ltr'><strong>fu-</strong></span> 
     </span>
     <span class='ocr_line' id='line_1_8' title="bbox 131 828 1089 911; baseline 0.011 -21"><span class='ocrx_word' id='word_1_52' title='bbox 131 832 239 891; x_wconf 87' lang='lat' dir='ltr'><strong>turum</strong></span> <span class='ocrx_word' id='word_1_53' title='bbox 264 828 318 892; x_wconf 92' lang='lat' dir='ltr'><strong>sit:</strong></span> <span class='ocrx_word' id='word_1_54' title='bbox 351 849 402 893; x_wconf 90' lang='lat' dir='ltr'><strong>res</strong></span> <span class='ocrx_word' id='word_1_55' title='bbox 434 828 506 911; x_wconf 90' lang='lat' dir='ltr'><strong>ipsa</strong></span> <span class='ocrx_word' id='word_1_56' title='bbox 536 849 649 911; x_wconf 85' lang='lat' dir='ltr'><strong>parva,</strong></span> <span class='ocrx_word' id='word_1_57' title='bbox 682 829 736 893; x_wconf 88' lang='lat' dir='ltr'><strong>sed</strong></span> <span class='ocrx_word' id='word_1_58' title='bbox 769 833 868 895; x_wconf 90' lang='lat' dir='ltr'><strong>animi</strong></span> <span class='ocrx_word' id='word_1_59' title='bbox 900 835 967 897; x_wconf 91' lang='lat' dir='ltr'><strong>mei</strong></span> <span class='ocrx_word' id='word_1_60' title='bbox 999 836 1089 901; x_wconf 83' lang='lat' dir='ltr'><strong>dolor</strong></span> 
     </span>
     <span class='ocr_line' id='line_1_9' title="bbox 131 913 1086 1004; baseline 0.01 -26"><span class='ocrx_word' id='word_1_61' title='bbox 131 936 268 999; x_wconf 84' lang='lat' dir='ltr'><strong>magnus</strong></span> <span class='ocrx_word' id='word_1_62' title='bbox 292 920 348 980; x_wconf 88' lang='lat' dir='ltr'><strong>est.</strong></span> <span class='ocrx_word' id='word_1_63' title='bbox 392 913 458 980; x_wconf 91' lang='lat' dir='ltr'><strong>Ubi</strong></span> <span class='ocrx_word' id='word_1_64' title='bbox 486 916 529 980; x_wconf 88' lang='lat' dir='ltr'><strong>sit</strong></span> <span class='ocrx_word' id='word_1_65' title='bbox 555 920 588 979; x_wconf 94' lang='lat' dir='ltr'><strong>et</strong></span> <span class='ocrx_word' id='word_1_66' title='bbox 610 915 686 998; x_wconf 86' lang='lat' dir='ltr'><strong>quid</strong></span> <span class='ocrx_word' id='word_1_67' title='bbox 708 916 776 980; x_wconf 89' lang='lat' dir='ltr'><strong>fieri</strong></span> <span class='ocrx_word' id='word_1_68' title='bbox 802 921 919 1004; x_wconf 81' lang='lat' dir='ltr'>possit,</span> <span class='ocrx_word' id='word_1_69' title='bbox 943 921 1086 988; x_wconf 82' lang='lat' dir='ltr'><strong>Bolanus</strong></span> 
     </span>
     <span class='ocr_line' id='line_1_10' title="bbox 130 1003 1086 1095; baseline 0.01 -29"><span class='ocrx_word' id='word_1_70' title='bbox 130 1007 163 1066; x_wconf 85' lang='lat' dir='ltr'><strong>te</strong></span> <span class='ocrx_word' id='word_1_71' title='bbox 201 1004 340 1068; x_wconf 85' lang='lat' dir='ltr'><strong>docebit:</strong></span> <span class='ocrx_word' id='word_1_72' title='bbox 377 1023 437 1088; x_wconf 85' lang='lat' dir='ltr'><strong>ego</strong></span> <span class='ocrx_word' id='word_1_73' title='bbox 474 1004 501 1067; x_wconf 91' lang='lat' dir='ltr'><strong>si</strong></span> <span class='ocrx_word' id='word_1_74' title='bbox 537 1003 700 1068; x_wconf 90' lang='lat' dir='ltr'><strong>hominem</strong></span> <span class='ocrx_word' id='word_1_75' title='bbox 736 1027 794 1088; x_wconf 90' lang='lat' dir='ltr'><strong>per</strong></span> <span class='ocrx_word' id='word_1_76' title='bbox 824 1011 857 1071; x_wconf 82' lang='lat' dir='ltr'><strong>te</strong></span> <span class='ocrx_word' id='word_1_77' title='bbox 887 1029 1086 1095; x_wconf 63' lang='lat' dir='ltr'><strong>recuperare</strong></span> 
     </span>
     <span class='ocr_line' id='line_1_11' title="bbox 132 1092 994 1163; baseline 0.007 -6"><span class='ocrx_word' id='word_1_78' title='bbox 132 1114 257 1157; x_wconf 90' lang='lat' dir='ltr'><strong>summo</strong></span> <span class='ocrx_word' id='word_1_79' title='bbox 280 1114 331 1156; x_wconf 89' lang='lat' dir='ltr'><strong>me</strong></span> <span class='ocrx_word' id='word_1_80' title='bbox 354 1114 374 1155; x_wconf 90' lang='lat' dir='ltr'><strong>a</strong></span> <span class='ocrx_word' id='word_1_81' title='bbox 396 1094 428 1155; x_wconf 85' lang='lat' dir='ltr'><strong>te</strong></span> <span class='ocrx_word' id='word_1_82' title='bbox 451 1092 605 1157; x_wconf 87' lang='lat' dir='ltr'><strong>beneficio</strong></span> <span class='ocrx_word' id='word_1_83' title='bbox 629 1092 779 1157; x_wconf 87' lang='lat' dir='ltr'><strong>affectum</strong></span> <span class='ocrx_word' id='word_1_84' title='bbox 802 1095 994 1163; x_wconf 74' lang='lat' dir='ltr'><strong>arbitrabor,</strong></span> 
     </span>
    </p>
   </div>
   <div class='ocr_carea' id='block_1_3' title="bbox 517 1283 695 1349">
    <p class='ocr_par' dir='ltr' id='par_1_3' title="bbox 517 1283 695 1349">
     <span class='ocr_line' id='line_1_12' title="bbox 517 1283 695 1349; baseline 0.006 -1"><span class='ocrx_word' id='word_1_85' title='bbox 517 1283 695 1349; x_wconf 88' lang='lat' dir='ltr'>LXXVIII.</span> 
     </span>
    </p>
   </div>
   <div class='ocr_carea' id='block_1_4' title="bbox 320 1396 892 1456">
    <p class='ocr_par' dir='ltr' id='par_1_4' title="bbox 320 1396 892 1456">
     <span class='ocr_line' id='line_1_13' title="bbox 320 1396 892 1456; baseline 0.003 -4"><span class='ocrx_word' id='word_1_86' title='bbox 320 1396 377 1452; x_wconf 84' lang='lat' dir='ltr'><strong>Sor.</strong></span> <span class='ocrx_word' id='word_1_87' title='bbox 396 1397 501 1450; x_wconf 84' lang='lat' dir='ltr'><strong>Romae</strong></span> <span class='ocrx_word' id='word_1_88' title='bbox 519 1396 634 1450; x_wconf 85' lang='lat' dir='ltr'><strong>ineunte</strong></span> <span class='ocrx_word' id='word_1_89' title='bbox 652 1412 725 1451; x_wconf 84' lang='lat' dir='ltr'><strong>anno</strong></span> <span class='ocrx_word' id='word_1_90' title='bbox 744 1416 770 1451; x_wconf 88' lang='lat' dir='ltr'><strong>u.</strong></span> <span class='ocrx_word' id='word_1_91' title='bbox 790 1415 813 1452; x_wconf 90' lang='lat' dir='ltr'><strong>e.</strong></span> <span class='ocrx_word' id='word_1_92' title='bbox 834 1404 892 1456; x_wconf 80' lang='grc'>708.</span> 
     </span>
    </p>
   </div>
   <div class='ocr_carea' id='block_1_5' title="bbox 96 1518 1083 1706">
    <p class='ocr_par' dir='ltr' id='par_1_5' title="bbox 96 1518 1083 1706">
     <span class='ocr_line' id='line_1_14' title="bbox 349 1518 866 1576; baseline 0.008 -3"><span class='ocrx_word' id='word_1_93' title='bbox 349 1519 386 1573; x_wconf 89' lang='grc' dir='ltr'><strong>Μ.</strong></span> <span class='ocrx_word' id='word_1_94' title='bbox 407 1518 536 1574; x_wconf 83' lang='lat' dir='ltr'>CICERO</span> <span class='ocrx_word' id='word_1_95' title='bbox 555 1520 590 1573; x_wconf 87' lang='lat' dir='ltr'><strong>A.</strong></span> <span class='ocrx_word' id='word_1_96' title='bbox 609 1520 770 1575; x_wconf 80' lang='lat' dir='ltr'>ALLIENO</span> <span class='ocrx_word' id='word_1_97' title='bbox 791 1521 866 1576; x_wconf 84' lang='lat' dir='ltr'>SAL.</span> 
     </span>
     <span class='ocr_line' id='line_1_15' title="bbox 96 1616 1083 1706; baseline 0.01 -26"><span class='ocrx_word' id='word_1_98' title='bbox 96 1632 109 1680; x_wconf 88' lang='lat'>1</span> <span class='ocrx_word' id='word_1_99' title='bbox 195 1617 397 1684; x_wconf 80' lang='lat' dir='ltr'><strong>Democritus</strong></span> <span class='ocrx_word' id='word_1_100' title='bbox 426 1616 591 1700; x_wconf 82' lang='lat' dir='ltr'><strong>Sicyonius</strong></span> <span class='ocrx_word' id='word_1_101' title='bbox 618 1640 685 1684; x_wconf 87' lang='lat' dir='ltr'><strong>non</strong></span> <span class='ocrx_word' id='word_1_102' title='bbox 712 1622 815 1686; x_wconf 88' lang='lat' dir='ltr'><strong>solum</strong></span> <span class='ocrx_word' id='word_1_103' title='bbox 847 1623 967 1706; x_wconf 84' lang='lat' dir='ltr'><strong>hospes</strong></span> <span class='ocrx_word' id='word_1_104' title='bbox 995 1647 1083 1690; x_wconf 91' lang='lat' dir='ltr'><strong>meus</strong></span> 
     </span>
    </p>
   </div>
   <div class='ocr_carea' id='block_1_6' title="bbox 92 1706 1083 3027">
    <p class='ocr_par' dir='ltr' id='par_1_6' title="bbox 92 1706 1083 3027">
     <span class='ocr_line' id='line_1_16' title="bbox 129 1706 1083 1795; baseline 0.005 -22"><span class='ocrx_word' id='word_1_105' title='bbox 129 1711 190 1791; x_wconf 85' lang='lat' dir='ltr'><strong>est,</strong></span> <span class='ocrx_word' id='word_1_106' title='bbox 219 1708 274 1772; x_wconf 87' lang='lat' dir='ltr'><strong>sed</strong></span> <span class='ocrx_word' id='word_1_107' title='bbox 302 1709 412 1789; x_wconf 87' lang='lat' dir='ltr'><strong>etiam,</strong></span> <span class='ocrx_word' id='word_1_108' title='bbox 440 1706 524 1791; x_wconf 89' lang='lat' dir='ltr'><strong>quod</strong></span> <span class='ocrx_word' id='word_1_109' title='bbox 552 1728 619 1771; x_wconf 90' lang='lat' dir='ltr'><strong>non</strong></span> <span class='ocrx_word' id='word_1_110' title='bbox 646 1709 758 1774; x_wconf 91' lang='lat' dir='ltr'><strong>multis</strong></span> <span class='ocrx_word' id='word_1_111' title='bbox 779 1710 928 1795; x_wconf 81' lang='lat' dir='ltr'><strong>contigit,</strong></span> <span class='ocrx_word' id='word_1_112' title='bbox 954 1711 1083 1778; x_wconf 83' lang='lat' dir='ltr'><strong>Graecis</strong></span> 
     </span>
     <span class='ocr_line' id='line_1_17' title="bbox 127 1795 1082 1882; baseline 0.005 -21"><span class='ocrx_word' id='word_1_113' title='bbox 127 1797 325 1882; x_wconf 79' lang='lat' dir='ltr'><strong>praesertim,</strong></span> <span class='ocrx_word' id='word_1_114' title='bbox 347 1795 438 1859; x_wconf 83' lang='lat' dir='ltr'><strong>valde</strong></span> <span class='ocrx_word' id='word_1_115' title='bbox 457 1795 638 1879; x_wconf 82' lang='lat' dir='ltr'><strong>familiaris3</strong></span> <span class='ocrx_word' id='word_1_116' title='bbox 662 1801 712 1861; x_wconf 87' lang='lat' dir='ltr'><strong>cst</strong></span> <span class='ocrx_word' id='word_1_117' title='bbox 729 1798 814 1861; x_wconf 89' lang='lat' dir='ltr'><strong>enim</strong></span> <span class='ocrx_word' id='word_1_118' title='bbox 837 1798 872 1862; x_wconf 90' lang='lat' dir='ltr'><strong>in</strong></span> <span class='ocrx_word' id='word_1_119' title='bbox 895 1820 932 1863; x_wconf 88' lang='lat' dir='ltr'><strong>co</strong></span> <span class='ocrx_word' id='word_1_120' title='bbox 958 1823 1082 1866; x_wconf 89' lang='lat' dir='ltr'><strong>summo</strong></span> 
     </span>
     <span class='ocr_line' id='line_1_18' title="bbox 128 1883 1081 1971; baseline 0.003 -20"><span class='ocrx_word' id='word_1_121' title='bbox 128 1886 281 1971; x_wconf 80' lang='lat' dir='ltr'><strong>probitas,</strong></span> <span class='ocrx_word' id='word_1_122' title='bbox 304 1907 428 1950; x_wconf 88' lang='lat' dir='ltr'><strong>summa</strong></span> <span class='ocrx_word' id='word_1_123' title='bbox 451 1883 565 1967; x_wconf 84' lang='lat' dir='ltr'><strong>virtus,</strong></span> <span class='ocrx_word' id='word_1_124' title='bbox 593 1905 718 1948; x_wconf 84' lang='lat' dir='ltr'><strong>summa</strong></span> <span class='ocrx_word' id='word_1_125' title='bbox 739 1886 774 1950; x_wconf 91' lang='lat' dir='ltr'><strong>iu</strong></span> <span class='ocrx_word' id='word_1_126' title='bbox 797 1886 941 1970; x_wconf 88' lang='lat' dir='ltr'><strong>hospitcs</strong></span> <span class='ocrx_word' id='word_1_127' title='bbox 970 1889 1081 1954; x_wconf 90' lang='lat' dir='ltr'><strong>libera-</strong></span> 
     </span>
     <span class='ocr_line' id='line_1_19' title="bbox 127 1973 1083 2056; baseline 0.002 -16"><span class='ocrx_word' id='word_1_128' title='bbox 127 1977 202 2040; x_wconf 85' lang='lat' dir='ltr'><strong>litas</strong></span> <span class='ocrx_word' id='word_1_129' title='bbox 226 1980 258 2039; x_wconf 88' lang='lat' dir='ltr'><strong>et</strong></span> <span class='ocrx_word' id='word_1_130' title='bbox 280 1973 497 2056; x_wconf 81' lang='lat' dir='ltr'><strong>observantia,</strong></span> <span class='ocrx_word' id='word_1_131' title='bbox 519 1993 632 2055; x_wconf 88' lang='lat' dir='ltr'><strong>meque</strong></span> <span class='ocrx_word' id='word_1_132' title='bbox 654 1977 782 2056; x_wconf 80' lang='lat' dir='ltr'><strong>praetor</strong></span> <span class='ocrx_word' id='word_1_133' title='bbox 804 1978 927 2039; x_wconf 87' lang='lat' dir='ltr'><strong>ceteros</strong></span> <span class='ocrx_word' id='word_1_134' title='bbox 951 1981 985 2041; x_wconf 85' lang='lat' dir='ltr'><strong>et</strong></span> <span class='ocrx_word' id='word_1_135' title='bbox 1008 1978 1083 2042; x_wconf 90' lang='lat' dir='ltr'><strong>colit</strong></span> 
     </span>
     <span class='ocr_line' id='line_1_20' title="bbox 128 2060 1082 2144; baseline 0.002 -16"><span class='ocrx_word' id='word_1_136' title='bbox 128 2069 160 2128; x_wconf 86' lang='lat' dir='ltr'><strong>et</strong></span> <span class='ocrx_word' id='word_1_137' title='bbox 188 2064 337 2128; x_wconf 88' lang='lat' dir='ltr'><strong>observat</strong></span> <span class='ocrx_word' id='word_1_138' title='bbox 363 2067 396 2126; x_wconf 97' lang='lat' dir='ltr'><strong>et</strong></span> <span class='ocrx_word' id='word_1_139' title='bbox 423 2060 542 2144; x_wconf 84' lang='lat' dir='ltr'><strong>diligit:</strong></span> <span class='ocrx_word' id='word_1_140' title='bbox 570 2081 643 2123; x_wconf 89' lang='lat' dir='ltr'><strong>eum</strong></span> <span class='ocrx_word' id='word_1_141' title='bbox 669 2064 706 2125; x_wconf 89' lang='lat' dir='ltr'><strong>tu</strong></span> <span class='ocrx_word' id='word_1_142' title='bbox 733 2083 800 2126; x_wconf 90' lang='lat' dir='ltr'><strong>uon</strong></span> <span class='ocrx_word' id='word_1_143' title='bbox 827 2063 922 2128; x_wconf 91' lang='lat' dir='ltr'><strong>modo</strong></span> <span class='ocrx_word' id='word_1_144' title='bbox 951 2086 1082 2130; x_wconf 86' lang='lat' dir='ltr'><strong>suorum</strong></span> 
     </span>
     <span class='ocr_line' id='line_1_21' title="bbox 127 2148 1081 2236; baseline 0.002 -21"><span class='ocrx_word' id='word_1_145' title='bbox 127 2153 256 2233; x_wconf 82' lang='lat' dir='ltr'><strong>civium,</strong></span> <span class='ocrx_word' id='word_1_146' title='bbox 278 2172 389 2214; x_wconf 88' lang='lat' dir='ltr'><strong>verum</strong></span> <span class='ocrx_word' id='word_1_147' title='bbox 411 2170 512 2234; x_wconf 87' lang='lat' dir='ltr'><strong>paene</strong></span> <span class='ocrx_word' id='word_1_148' title='bbox 534 2148 676 2213; x_wconf 81' lang='lat' dir='ltr'><strong>Achaiae</strong></span> <span class='ocrx_word' id='word_1_149' title='bbox 698 2149 875 2233; x_wconf 88' lang='lat' dir='ltr'><strong>principem</strong></span> <span class='ocrx_word' id='word_1_150' title='bbox 898 2172 1081 2236; x_wconf 86' lang='lat' dir='ltr'><strong>cognosces.</strong></span> 
     </span>
     <span class='ocr_line' id='line_1_22' title="bbox 92 2236 1082 2323; baseline 0.004 -23"><span class='ocrx_word' id='word_1_151' title='bbox 92 2251 108 2300; x_wconf 77' lang='lat'>2</span> <span class='ocrx_word' id='word_1_152' title='bbox 127 2238 212 2303; x_wconf 90' lang='lat' dir='ltr'><strong>Huic</strong></span> <span class='ocrx_word' id='word_1_153' title='bbox 235 2259 295 2323; x_wconf 84' lang='lat' dir='ltr'><strong>ego</strong></span> <span class='ocrx_word' id='word_1_154' title='bbox 313 2237 536 2303; x_wconf 83' lang='lat' dir='ltr'><strong>tantummodo</strong></span> <span class='ocrx_word' id='word_1_155' title='bbox 556 2236 678 2301; x_wconf 88' lang='lat' dir='ltr'><strong>aditum</strong></span> <span class='ocrx_word' id='word_1_156' title='bbox 696 2239 737 2301; x_wconf 89' lang='lat' dir='ltr'><strong>ad</strong></span> <span class='ocrx_word' id='word_1_157' title='bbox 754 2241 844 2302; x_wconf 85' lang='lat' dir='ltr'><strong>tuam</strong></span> <span class='ocrx_word' id='word_1_158' title='bbox 863 2241 1082 2323; x_wconf 83' lang='lat' dir='ltr'><strong>cognitionem</strong></span> 
     </span>
     <span class='ocr_line' id='line_1_23' title="bbox 126 2325 1082 2413; baseline 0.001 -22"><span class='ocrx_word' id='word_1_159' title='bbox 126 2327 284 2411; x_wconf 79' lang='lat' dir='ltr'><strong>patefacio</strong></span> <span class='ocrx_word' id='word_1_160' title='bbox 311 2331 344 2390; x_wconf 92' lang='lat' dir='ltr'><strong>et</strong></span> <span class='ocrx_word' id='word_1_161' title='bbox 370 2325 494 2390; x_wconf 90' lang='lat' dir='ltr'><strong>munio:</strong></span> <span class='ocrx_word' id='word_1_162' title='bbox 522 2325 686 2410; x_wconf 85' lang='lat' dir='ltr'><strong>cognitum</strong></span> <span class='ocrx_word' id='word_1_163' title='bbox 713 2347 771 2408; x_wconf 91' lang='lat' dir='ltr'><strong>per</strong></span> <span class='ocrx_word' id='word_1_164' title='bbox 796 2330 829 2389; x_wconf 89' lang='lat' dir='ltr'><strong>te</strong></span> <span class='ocrx_word' id='word_1_165' title='bbox 856 2326 976 2410; x_wconf 84' lang='lat' dir='ltr'><strong>ipsum,</strong></span> <span class='ocrx_word' id='word_1_166' title='bbox 1001 2351 1082 2413; x_wconf 89' lang='lat' dir='ltr'><strong>quae</strong></span> 
     </span>
     <span class='ocr_line' id='line_1_24' title="bbox 126 2413 1082 2500; baseline 0.001 -21"><span class='ocrx_word' id='word_1_167' title='bbox 126 2420 183 2479; x_wconf 87' lang='lat' dir='ltr'><strong>tua</strong></span> <span class='ocrx_word' id='word_1_168' title='bbox 204 2417 320 2479; x_wconf 85' lang='lat' dir='ltr'><strong>natura</strong></span> <span class='ocrx_word' id='word_1_169' title='bbox 343 2417 400 2495; x_wconf 86' lang='lat' dir='ltr'><strong>cst,</strong></span> <span class='ocrx_word' id='word_1_170' title='bbox 424 2414 557 2497; x_wconf 79' lang='lat' dir='ltr'><strong>dignum</strong></span> <span class='ocrx_word' id='word_1_171' title='bbox 579 2417 636 2476; x_wconf 84' lang='lat' dir='ltr'><strong>tua</strong></span> <span class='ocrx_word' id='word_1_172' title='bbox 659 2413 799 2478; x_wconf 82' lang='lat' dir='ltr'><strong>amicitia</strong></span> <span class='ocrx_word' id='word_1_173' title='bbox 821 2418 916 2497; x_wconf 86' lang='lat' dir='ltr'><strong>atque</strong></span> <span class='ocrx_word' id='word_1_174' title='bbox 939 2415 1082 2500; x_wconf 88' lang='lat' dir='ltr'><strong>hospitio</strong></span> 
     </span>
     <span class='ocr_line' id='line_1_25' title="bbox 126 2501 1081 2583; baseline 0 -15"><span class='ocrx_word' id='word_1_175' title='bbox 126 2503 290 2568; x_wconf 87' lang='lat' dir='ltr'><strong>iudicabis.</strong></span> <span class='ocrx_word' id='word_1_176' title='bbox 335 2501 415 2565; x_wconf 91' lang='lat' dir='ltr'><strong>Peto</strong></span> <span class='ocrx_word' id='word_1_177' title='bbox 447 2501 547 2583; x_wconf 80' lang='lat' dir='ltr'><strong>igitur</strong></span> <span class='ocrx_word' id='word_1_178' title='bbox 569 2523 589 2564; x_wconf 87' lang='lat' dir='ltr'><strong>a</strong></span> <span class='ocrx_word' id='word_1_179' title='bbox 614 2505 661 2583; x_wconf 88' lang='lat' dir='ltr'><strong>te,</strong></span> <span class='ocrx_word' id='word_1_180' title='bbox 692 2506 729 2565; x_wconf 90' lang='lat' dir='ltr'><strong>ut</strong></span> <span class='ocrx_word' id='word_1_181' title='bbox 759 2501 810 2565; x_wconf 91' lang='lat' dir='ltr'><strong>his</strong></span> <span class='ocrx_word' id='word_1_182' title='bbox 842 2503 957 2566; x_wconf 88' lang='lat' dir='ltr'><strong>litteris</strong></span> <span class='ocrx_word' id='word_1_183' title='bbox 991 2505 1081 2568; x_wconf 89' lang='lat' dir='ltr'><strong>lectis</strong></span> 
     </span>
     <span class='ocr_line' id='line_1_26' title="bbox 126 2588 1081 2677; baseline -0.002 -19"><span class='ocrx_word' id='word_1_184' title='bbox 126 2592 260 2677; x_wconf 87' lang='lat' dir='ltr'><strong>recipias</strong></span> <span class='ocrx_word' id='word_1_185' title='bbox 284 2611 356 2654; x_wconf 88' lang='lat' dir='ltr'><strong>eum</strong></span> <span class='ocrx_word' id='word_1_186' title='bbox 383 2589 418 2652; x_wconf 91' lang='lat' dir='ltr'><strong>in</strong></span> <span class='ocrx_word' id='word_1_187' title='bbox 448 2591 539 2651; x_wconf 86' lang='lat' dir='ltr'><strong>tuam</strong></span> <span class='ocrx_word' id='word_1_188' title='bbox 566 2588 674 2666; x_wconf 89' lang='lat' dir='ltr'><strong>fidem,</strong></span> <span class='ocrx_word' id='word_1_189' title='bbox 706 2590 876 2673; x_wconf 81' lang='lat' dir='ltr'><strong>polliceare</strong></span> <span class='ocrx_word' id='word_1_190' title='bbox 908 2593 1019 2656; x_wconf 87' lang='lat' dir='ltr'><strong>omnia</strong></span> <span class='ocrx_word' id='word_1_191' title='bbox 1050 2598 1081 2656; x_wconf 90' lang='lat' dir='ltr'><strong>te</strong></span> 
     </span>
     <span class='ocr_line' id='line_1_27' title="bbox 126 2676 1081 2763; baseline -0.002 -17"><span class='ocrx_word' id='word_1_192' title='bbox 126 2683 284 2746; x_wconf 86' lang='lat' dir='ltr'><strong>facturum</strong></span> <span class='ocrx_word' id='word_1_193' title='bbox 307 2699 379 2742; x_wconf 82' lang='lat' dir='ltr'><strong>mee</strong></span> <span class='ocrx_word' id='word_1_194' title='bbox 397 2697 506 2758; x_wconf 83' lang='lat' dir='ltr'><strong>causa3</strong></span> <span class='ocrx_word' id='word_1_195' title='bbox 530 2676 569 2740; x_wconf 89' lang='lat' dir='ltr'><strong>de</strong></span> <span class='ocrx_word' id='word_1_196' title='bbox 587 2676 718 2760; x_wconf 86' lang='lat' dir='ltr'><strong>reliquo,</strong></span> <span class='ocrx_word' id='word_1_197' title='bbox 742 2677 778 2759; x_wconf 90' lang='lat' dir='ltr'><strong>si,</strong></span> <span class='ocrx_word' id='word_1_198' title='bbox 800 2678 833 2741; x_wconf 94' lang='lat' dir='ltr'><strong>id</strong></span> <span class='ocrx_word' id='word_1_199' title='bbox 852 2679 937 2763; x_wconf 90' lang='lat' dir='ltr'><strong>quod</strong></span> <span class='ocrx_word' id='word_1_200' title='bbox 955 2680 1081 2744; x_wconf 86' lang='lat' dir='ltr'><strong>confido</strong></span> 
     </span>
     <span class='ocr_line' id='line_1_28' title="bbox 125 2763 1081 2852; baseline -0.001 -19"><span class='ocrx_word' id='word_1_201' title='bbox 125 2770 203 2851; x_wconf 90' lang='lat' dir='ltr'><strong>fore,</strong></span> <span class='ocrx_word' id='word_1_202' title='bbox 227 2768 360 2852; x_wconf 83' lang='lat' dir='ltr'><strong>dignum</strong></span> <span class='ocrx_word' id='word_1_203' title='bbox 383 2786 456 2830; x_wconf 85' lang='lat' dir='ltr'><strong>eum</strong></span> <span class='ocrx_word' id='word_1_204' title='bbox 482 2767 540 2828; x_wconf 87' lang='lat' dir='ltr'><strong>tua</strong></span> <span class='ocrx_word' id='word_1_205' title='bbox 567 2763 708 2829; x_wconf 85' lang='lat' dir='ltr'><strong>amicitia</strong></span> <span class='ocrx_word' id='word_1_206' title='bbox 735 2765 939 2849; x_wconf 88' lang='lat' dir='ltr'><strong>hospitioque</strong></span> <span class='ocrx_word' id='word_1_207' title='bbox 963 2787 1081 2852; x_wconf 83' lang='lat' dir='ltr'><strong>cogno-</strong></span> 
     </span>
     <span class='ocr_line' id='line_1_29' title="bbox 125 2853 1082 2938; baseline -0.001 -18"><span class='ocrx_word' id='word_1_208' title='bbox 125 2857 222 2938; x_wconf 81' lang='lat' dir='ltr'><strong>veris,</strong></span> <span class='ocrx_word' id='word_1_209' title='bbox 253 2858 343 2938; x_wconf 83' lang='lat' dir='ltr'><strong>peto,</strong></span> <span class='ocrx_word' id='word_1_210' title='bbox 375 2856 412 2918; x_wconf 89' lang='lat' dir='ltr'><strong>ut</strong></span> <span class='ocrx_word' id='word_1_211' title='bbox 438 2873 512 2916; x_wconf 89' lang='lat' dir='ltr'><strong>eum</strong></span> <span class='ocrx_word' id='word_1_212' title='bbox 540 2853 763 2938; x_wconf 83' lang='lat' dir='ltr'><strong>complectare,</strong></span> <span class='ocrx_word' id='word_1_213' title='bbox 796 2854 924 2938; x_wconf 84' lang='lat' dir='ltr'><strong>diligas,</strong></span> <span class='ocrx_word' id='word_1_214' title='bbox 954 2855 990 2918; x_wconf 90' lang='lat' dir='ltr'><strong>in</strong></span> <span class='ocrx_word' id='word_1_215' title='bbox 1017 2856 1082 2919; x_wconf 87' lang='lat' dir='ltr'><strong>tuis</strong></span> 
     </span>
     <span class='ocr_line' id='line_1_30' title="bbox 125 2941 1082 3027; baseline -0.001 -19"><span class='ocrx_word' id='word_1_216' title='bbox 125 2943 259 3009; x_wconf 86' lang='lat' dir='ltr'><strong>habeas:</strong></span> <span class='ocrx_word' id='word_1_217' title='bbox 287 2941 407 3006; x_wconf 73' lang='lat' dir='ltr'><strong>critiri</strong></span> <span class='ocrx_word' id='word_1_218' title='bbox 433 2941 514 3005; x_wconf 90' lang='lat' dir='ltr'><strong>mihi</strong></span> <span class='ocrx_word' id='word_1_219' title='bbox 542 2941 696 3006; x_wconf 84' lang='lat' dir='ltr'><strong>maiorem</strong></span> <span class='ocrx_word' id='word_1_220' title='bbox 723 2941 758 3005; x_wconf 90' lang='lat' dir='ltr'><strong>in</strong></span> <span class='ocrx_word' id='word_1_221' title='bbox 785 2942 915 3007; x_wconf 91' lang='lat' dir='ltr'><strong>modum</strong></span> <span class='ocrx_word' id='word_1_222' title='bbox 943 2947 1082 3027; x_wconf 85' lang='lat' dir='ltr'><strong>gratum.</strong></span> 
     </span>
    </p>
   </div>
   <div class='ocr_carea' id='block_1_7' title="bbox 128 3030 219 3096">
    <p class='ocr_par' dir='ltr' id='par_1_7' title="bbox 128 3030 219 3096">
     <span class='ocr_line' id='line_1_31' title="bbox 128 3030 219 3096; baseline 0 0"><span class='ocrx_word' id='word_1_223' title='bbox 128 3030 219 3096; x_wconf 85' lang='lat' dir='ltr'><strong>Vale.</strong></span> 
     </span>
    </p>
   </div>
   <div class='ocr_carea' id='block_1_8' title="bbox 196 3218 996 3293">
    <p class='ocr_par' dir='ltr' id='par_1_8' title="bbox 196 3218 996 3293">
     <span class='ocr_line' id='line_1_32' title="bbox 196 3218 996 3293; baseline -0.004 -16"><span class='ocrx_word' id='word_1_224' title='bbox 196 3222 247 3293; x_wconf 88' lang='lat' dir='ltr'><strong>Ep.</strong></span> <span class='ocrx_word' id='word_1_225' title='bbox 268 3227 309 3276; x_wconf 74' lang='lat'><strong>77.</strong></span> <span class='ocrx_word' id='word_1_226' title='bbox 324 3225 348 3274; x_wconf 82' lang='lat'><strong>3.</strong></span> <span class='ocrx_word' id='word_1_227' title='bbox 384 3218 520 3287; x_wconf 74' lang='lat' dir='ltr'><strong>Bolanus,</strong></span> <span class='ocrx_word' id='word_1_228' title='bbox 537 3220 558 3286; x_wconf 80' lang='lat' dir='ltr'><strong>f.</strong></span> <span class='ocrx_word' id='word_1_229' title='bbox 577 3235 651 3276; x_wconf 81' lang='lat' dir='ltr'><strong>meuc</strong></span> <span class='ocrx_word' id='word_1_230' title='bbox 669 3218 758 3290; x_wconf 84' lang='lat' dir='ltr'><strong>(W.)?</strong></span> <span class='ocrx_word' id='word_1_231' title='bbox 794 3236 868 3275; x_wconf 80' lang='lat' dir='ltr'><strong>meus</strong></span> <span class='ocrx_word' id='word_1_232' title='bbox 886 3236 939 3275; x_wconf 88' lang='lat' dir='ltr'><strong>om.</strong></span> <span class='ocrx_word' id='word_1_233' title='bbox 958 3220 996 3274; x_wconf 87' lang='grc' dir='ltr'><strong>Μ.</strong></span> 
     </span>
    </p>
   </div>
   <div class='ocr_carea' id='block_1_9' title="bbox 0 0 1190 3878">
    <p class='ocr_par' dir='ltr' id='par_1_9' title="bbox 0 0 1190 3878">
     <span class='ocr_line' id='line_1_33' title="bbox 0 0 1190 3878; baseline 0 0"><span class='ocrx_word' id='word_1_234' title='bbox 0 0 1190 3878; x_wconf 95' lang='lat' dir='ltr'><strong> </strong></span> 
     </span>
    </p>
   </div>
  </div>
 </body>
</html>
