2370 3878
163 670 194 717 f
398 738 508 795 LIBER
531 738 689 805 QUINTUS
708 738 875 796 DECIMUS.

292 863 359 932 AD
387 865 625 931 SENATUM
658 864 719 930 ET
748 863 985 933 CETEROS.

623 1042 648 1105 Ι.

160 1165 217 1220 Sor.
237 1167 266 1220 in
285 1164 384 1218 Cilicia
403 1165 519 1217 exeunte
538 1179 632 1217 mense
651 1162 809 1286 Seggembn'
833 1163 917 1229 (circa
935 1163 970 1216 X.
990 1166 1027 1218 K.
1049 1167 1124 1238 Oct.)

538 1250 563 1286 a.
583 1252 609 1286 u.
630 1251 652 1287 c.
726 1273 732 1285 .

187 1376 223 1429 M.
244 1373 398 1428 TULLIUS
416 1374 453 1427 M.
472 1374 502 1426 F.
522 1372 649 1428 CICERO
668 1372 812 1428 PROCOS.
838 1374 864 1427 S.
884 1374 917 1426 D.
937 1373 1013 1429 COS.
1034 1377 1091 1432 PR.

476 1443 532 1496 ΤΒ.
551 1444 605 1496 PL.
625 1442 792 1497 SENATUI.

127 1561 139 1606 1
227 1540 256 1607 S.
280 1567 308 1607 v.
327 1567 355 1606 v.
374 1543 404 1606 b.
423 1563 449 1606 e.
468 1563 493 1606 e.
512 1564 542 1625 q.
559 1565 588 1606 v.
624 1541 697 1607 Etsi
720 1565 787 1608 non
810 1544 904 1608 dubie
927 1544 1008 1607 mihi
1032 1568 1117 1610 nun·

159 1631 301 1696 tiabatur
322 1631 460 1696 Parthos
483 1631 637 1694 transisse
651 1630 851 1715 Euphratem
870 1654 943 1696 cunr
962 1634 1117 1699 omnibus

158 1721 225 1785 fere
249 1721 315 1786 suis
338 1721 451 1804 copiis,
479 1723 603 1801 tamen,
625 1719 710 1802 quod
739 1721 919 1784 arbitrabar
949 1743 969 1784 a
991 1720 1037 1784 M.
1061 1721 1115 1785 Bi·

158 1810 234 1876 bulo
267 1829 391 1894 procos.
422 1807 558 1872 certiora
589 1808 627 1870 de
658 1807 698 1870 iis
728 1808 824 1871 rebus
856 1808 897 1872 ad
924 1830 982 1873 vos
1016 1810 1115 1874 scribi

158 1920 265 1982 posse,
302 1897 482 1962 statuebam
514 1896 593 1959 mihi
624 1917 691 1961 non
722 1916 852 1960 necesse
882 1917 951 1960 esse
984 1897 1114 1979 publice

159 1987 296 2051 scribere
315 2007 361 2068 ea,
380 2005 460 2068 quae
480 1984 518 2047 de
537 1984 669 2047 alterius
687 1983 853 2066 provincia
870 1984 1114 2068 nuntiarentur3

158 2077 270 2157 postea
303 2095 377 2138 vero
410 2094 507 2155 quam
543 2072 727 2135 certissimis
760 2073 958 2155 auctoribus,
994 2073 1113 2157 legatis

158 2161 280 2225 nuntiis
303 2160 432 2243 litteris,
456 2182 527 2224 sum
550 2160 666 2224 certior
688 2159 807 2242 factus,
834 2161 885 2223 vel
909 2160 995 2243 quod
1017 2165 1113 2224 tanta

157 2269 208 2313 res
232 2251 301 2312 erat
323 2249 373 2311 vel
396 2247 481 2330 quod
504 2248 648 2312 nondum
676 2247 878 2311 audieramus
900 2246 1055 2312 Bibulum
1078 2249 1113 2312 in

158 2334 282 2421 Syriam
314 2335 439 2398 venisse
466 2336 517 2398 vel
545 2337 620 2418 quia
647 2335 881 2399 administratio
908 2335 1005 2399 huius
1035 2336 1112 2400 belli

157 2425 237 2490 mihi
260 2445 332 2488 cum
354 2421 470 2486 Bibulo
494 2443 596 2504 paene
620 2426 669 2486 est
688 2423 876 2504 communis,
900 2443 981 2505 quae
1001 2422 1112 2487 adme

123 2529 138 2575 2
158 2514 265 2578 delata
288 2514 404 2593 essent,
427 2509 594 2572 scribenda
617 2509 657 2572 ad
680 2530 737 2573 vos
760 2511 880 2593 putavi.
921 2509 1021 2595 Regis
1044 2509 1112 2574 An·

157 2601 256 2666 tiochi
293 2597 502 2681 Commageni
537 2597 635 2681 legati
672 2597 766 2679 primi
802 2598 882 2661 mihi
917 2599 1113 2662 nuntiarunt

156 2688 350 2752 Parthorum
373 2704 508 2769 magnas
529 2685 638 2768 copias
657 2683 857 2768 Euphratem
878 2686 1017 2750 transire
1041 2707 1112 2751 coe-

157 2777 255 2860 pisse3
278 2796 341 2857 quo
364 2773 479 2837 nuntio
503 2774 611 2856 allato,
634 2795 732 2856 quum
752 2775 859 2837 essent
879 2774 1038 2857 nonnulli,
1057 2774 1112 2858 qui

158 2866 187 2927 ei
209 2863 278 2948 regi
305 2862 461 2926 minorem
488 2861 583 2925 fidem
610 2861 791 2925 habendam
819 2863 983 2945 putarent,
1013 2863 1112 2926 statui

158 2950 407 3036 exspectandum
430 2970 507 3032 esse,
531 2949 557 3012 si
581 2949 656 3032 quid
680 2949 796 3012 certius
816 2948 992 3012 afferretur.
1028 2948 1068 3013 A.
1084 2949 1112 3013 d.

156 3058 227 3105 xm.
245 3039 316 3103 Kal.
335 3036 414 3121 Oct,
434 3058 532 3119 quum
552 3037 723 3100 exercitum
741 3037 775 3099 in
791 3033 935 3100 Ciliciam
954 3035 1113 3120 ducerem,

227 3247 278 3316 Ep.
296 3253 318 3312 1,
335 3253 358 3300 1.
394 3245 427 3299 de
449 3245 486 3298 iis
509 3244 589 3298 rebus
612 3244 686 3312 (W).
733 3245 765 3298 de
787 3244 829 3298 bis
851 3261 873 3297 r.
896 3242 943 3310 M„
962 3243 1058 3314 vulgo.
1077 3274 1114 3284 -

156 3318 323 3383 auctoribus,
342 3317 360 3370 t.
379 3333 408 3370 rs.
426 3316 454 3382 t,
472 3330 531 3368 saur
550 3314 624 3381 (W.)
662 3333 697 3380 a,
717 3314 743 3382 t,
762 3331 799 3380 re,
819 3315 835 3367 l.
853 3329 914 3369 sum
931 3313 1025 3387 vulgo.
