2370 3878
266 170 270 177 '
355 185 614 242 arrsromsun
632 187 678 242 iv.
699 194 775 242 r-e.
979 186 1041 250 107

82 348 152 396 non
167 331 321 414 potuisse,
339 334 384 414 ut,
403 331 488 414 quod
507 351 567 416 ego
582 330 675 413 facio,
698 334 735 394 tu
754 351 880 414 qnoque
900 331 1043 394 animum

83 419 232 501 inducaS,
265 419 293 482 si
324 419 367 482 sit
398 420 506 502 aliqua
537 419 755 502 respublica,
786 420 821 482 in
848 441 886 483 ea
912 422 945 483 te
973 440 1043 483 esse

81 510 248 592 oportere,
270 507 387 572 iudicio
411 507 579 572 hominum
601 528 698 590 reque
721 507 912 590 principem,
935 529 1043 571 neces-

84 596 182 659 sitate
206 595 373 659 cedentem
395 595 542 678 tempori,
566 596 616 659 sin
640 599 747 659 autem
769 596 860 660 nulla
884 596 934 679 sit,
956 596 1043 660 hunc

83 688 195 748 tamen
227 683 430 767 aptissimum
462 704 530 748 esse
562 683 660 747 etiam
692 685 733 748 ad
760 684 970 751 exsulandum
997 686 1043 748 lo·

83 794 173 854 cum3
200 772 228 835 si
257 771 343 835 enim
369 772 552 836 libertatem
579 772 754 855 sequimur,
782 772 837 856 qui
864 774 954 838 loeus
981 773 1043 836 hoc

83 860 253 924 dominatu
285 859 401 924 vacat?
434 861 484 923 sin
517 861 779 944 qualemcumque
812 861 933 944 locum,
961 881 1043 944 quae

85 950 136 1011 est
167 948 343 1012 domestica
380 947 454 1012 sede
490 948 681 1012 iucundior?
737 947 799 1013 Sed
831 949 910 1012 mihi
942 950 1043 1032 erede,

82 1037 183 1111 etiam
205 1036 248 1119 is,
272 1037 327 1119 qni
350 1037 458 1101 omnia
481 1039 584 1115 tenet,
606 1036 696 1101 favet
717 1037 871 1120 ingeniis,
893 1036 1042 1101 nobilita·

84 1127 152 1188 tem
179 1145 255 1188 vero
283 1128 316 1188 et
344 1124 518 1209 dignitates
545 1123 727 1207 hominum,
755 1128 912 1207 quantum
940 1126 969 1188 ei
992 1146 1043 1188 res

85 1215 119 1276 et
144 1212 247 1296 ipsius
274 1234 372 1277 causa
400 1212 559 1297 concedit,
592 1213 804 1296 amplectitur,
849 1210 912 1277 Sed
940 1213 1043 1297 plura,

86 1322 183 1383 quam
215 1304 404 1384 statueram3
436 1301 531 1365 redeo
562 1322 639 1386 ergo
671 1302 712 1365 ad
740 1323 841 1365 unum
868 1300 960 1385 illud,
992 1323 1043 1365 me

82 1392 178 1452 tuum
205 1411 287 1454 esse:
319 1389 389 1454 fore
417 1411 490 1454 cum
516 1389 595 1473 tuis,
623 1391 650 1455 si
677 1390 772 1455 modo
801 1393 896 1455 erunt
921 1391 983 1474 tui,
1015 1391 1043 1454 si

85 1477 206 1561 minus,
238 1499 289 1541 me
315 1482 400 1542 certe
428 1479 463 1541 in
494 1479 643 1543 omnibus
675 1479 771 1543 rebus
804 1480 882 1543 satis
912 1483 1042 1544 nostrae

84 1566 307 1630 coniunctioni
331 1568 495 1650 amorique
518 1566 688 1632 facturum.
732 1567 823 1632 Vale.

532 1778 589 1842 IX.

199 1896 257 1951 Sor.
277 1897 382 1952 Romae
401 1900 476 1967 (post
494 1898 554 1952 Vll.
574 1899 606 1952 K.
627 1898 713 1967 Sext.)
733 1915 757 1954 a.
777 1917 804 1952 u.
823 1915 846 1954 c.
868 1905 926 1954 708.

281 2038 317 2092 M.
337 2036 466 2093 CICERO
489 2038 515 2092 S.
534 2038 566 2092 D.
586 2039 623 2092 ll.
642 2037 846 2094 MARCELLO.

154 2141 228 2208 Etsi
253 2148 421 2231 perpaucis
449 2151 524 2211 ante
552 2147 663 2212 diebus
694 2148 843 2213 dederam
870 2149 906 2226 Q.
933 2149 1075 2216 Muciol

85 2233 211 2296 litteras
238 2233 280 2298 ad
305 2238 338 2299 te
365 2236 511 2319 pluribus
539 2236 645 2300 verbis
669 2237 817 2322 scriptas,
845 2239 960 2322 quibus
988 2241 1040 2303 de-

85 2321 296 2404 claraveram,
323 2344 387 2407 quo
414 2328 447 2389 te
475 2325 583 2388 animo
607 2346 770 2390 censerem
796 2348 865 2391 esse
894 2332 1041 2412 oportere

87 2412 120 2473 et
151 2410 228 2494 quid
259 2411 320 2475 tibi
351 2412 534 2477 faciendum
567 2413 752 2499 arbitrarer,
788 2418 910 2501 tamen,
943 2439 1042 2501 quum

87 2497 296 2584 Theophilus,
317 2500 453 2566 libertus
474 2504 560 2584 tuns,
581 2503 844 2587 proficisceretur,
867 2506 957 2569 cuius
980 2527 1041 2591 ego

84 2586 182 2651 fidem
206 2607 284 2672 erga
309 2591 343 2653 te
364 2589 686 2675 benevolentiamque
708 2613 945 2677 perspexeram,
972 2594 1041 2658 sine

86 2674 166 2739 meis
188 2675 305 2740 litteris
329 2698 402 2741 eum
426 2678 466 2742 ad
489 2682 521 2744 te
544 2679 654 2743 venire
672 2680 771 2744 nolui.
806 2679 925 2746 Iisdem
942 2681 1042 2767 igitur

84 2765 118 2826 te
141 2764 237 2828 rebus
261 2764 359 2830 etiam
382 2770 478 2855 atque
501 2767 599 2832 etiam
621 2768 743 2853 hortor,
766 2769 881 2852 quibus
900 2771 1041 2854 superio·

84 2850 174 2915 ribus
205 2852 323 2917 litteris
354 2853 504 2919 hortatus
531 2878 617 2940 sum,
648 2860 686 2921 ut
716 2857 750 2921 in
778 2879 815 2921 ea
842 2878 876 2923 re
903 2859 1042 2944 publiea,

85 2960 305 3024 quaecumque
333 2945 395 3026 est,
428 2965 523 3026 quam
550 2945 690 3028 primum
717 2946 795 3009 velis
823 2967 905 3011 esse:
939 2949 1042 3012 multa

85 3027 208 3094 videbis
226 3030 374 3116 fortasse,
393 3052 474 3114 quae
492 3032 586 3116 nolis,
608 3053 676 3099 non
693 3035 786 3118 plura
802 3037 922 3119 tamen,
945 3057 1042 3119 quam

84 3115 176 3180 audis
209 3118 365 3202 quotidie3
401 3141 469 3184 non
506 3123 555 3184 est
586 3144 683 3204 porro
719 3126 811 3186 tuum
845 3145 911 3188 uno
944 3145 1041 3187 sensu

84 3205 190 3269 solum
213 3207 380 3272 oculorum
402 3209 538 3292 moveri,
565 3230 664 3293 quum
690 3210 775 3274 idem
802 3211 882 3275 illud
910 3211 1041 3275 auribus

118 3448 170 3518 Ep.
191 3456 215 3518 8,
229 3456 255 3504 2,
293 3458 422 3522 opmtere,
439 3454 545 3510 iudicio
564 3453 694 3523 (Graes).
738 3459 860 3524 oportere
878 3456 936 3511 iud.
955 3454 986 3510 B.
1006 3485 1041 3498 -
1153 3460 1156 3467 '

83 3519 187 3576 iudicio
206 3522 326 3577 omnium
346 3525 416 3592 (L.)?
