2370 3878
142 160 184 224 26
424 161 462 216 Μ.
481 161 605 216 TULLII
623 159 813 249 clennonls

142 305 215 390 cogi
237 306 288 371 fas
311 326 380 370 esse
402 327 471 370 non
493 305 716 370 arbitraretur:
739 328 812 370 mea
834 306 917 370 ratio
940 306 1003 370 fuit
1027 307 1102 389 alia,

143 393 228 478 quod
250 415 354 477 neque
378 393 554 478 desipiente
580 395 700 478 populo
731 415 790 458 nec
813 393 997 478 integrare
1021 395 1100 458 mihi

143 483 183 547 ad
206 482 451 565 consulendum,
478 503 717 565 capesseremne
743 503 812 546 rem
838 482 1014 566 publicam,
1042 483 1100 547 im-

141 571 280 654 plicatus
297 569 440 654 tenebar,
459 570 515 634 sed
532 570 671 634 laetatus
689 568 799 634 taimen
818 592 898 653 sum,
916 571 1002 653 quod
1020 571 1101 635 mihi

141 659 253 724 liceret
271 659 306 724 in
325 659 436 723 eadem
455 679 551 723 causa
570 658 700 722 etmihi
718 659 811 722 utilia
834 662 866 723 et
890 658 989 722 cuivis
1013 659 1100 724 bono

141 751 229 812 recta
252 747 435 830 defendere,
457 747 521 811 huc
545 747 679 811 accessit
701 745 982 812 commemoranda
1005 769 1100 830 quae-

143 836 217 900 dam
244 839 277 900 et
305 835 413 900 divina
441 832 587 899 Caesaris
618 835 654 899 in
685 857 736 900 me
768 835 965 918 fratremque
993 856 1101 900 meum

141 923 331 989 liberalitas:
356 924 410 1008 qui
433 923 521 1007 mihi,
544 944 760 1007 quascumque
779 945 830 988 res
852 927 986 1008 gereret,
1008 927 1100 987 tuen·

127 1013 202 1077 dus
226 1016 323 1096 esset,
351 1013 496 1076 nuncin
518 1014 612 1076 tanta
632 1011 787 1076 felicitate
814 1011 978 1095 tantisque
1001 1011 1100 1077 ricto·

89 1143 91 1149 -
142 1100 211 1185 riis,
240 1101 366 1165 etiamsi
392 1101 428 1165 in
455 1122 515 1165 nos
542 1122 611 1166 non
637 1101 665 1164 is
694 1103 790 1183 esset,
818 1099 873 1183 qui
901 1102 963 1183 est,
990 1102 1101 1164 tamen

143 1190 306 1254 ornandus
334 1189 508 1271 videretur3
541 1189 586 1253 sic
614 1189 700 1253 enim
726 1192 758 1253 te
786 1188 967 1251 existimare
995 1188 1100 1272 velim,

142 1300 242 1362 quum
265 1300 284 1340 a
307 1277 408 1360 vobis,
430 1297 520 1340 meae
544 1277 656 1340 salutis
675 1276 869 1359 auctoribus,
892 1275 1100 1360 discesserim,

143 1365 304 1429 neminem
326 1385 404 1447 esse,
427 1364 517 1428 cuius
536 1363 650 1429 officiis
673 1368 810 1428 metam
829 1385 897 1428 esse
916 1364 1100 1428 devinctum

93 1472 123 1520 ra
142 1475 210 1518 non
243 1454 347 1518 solum
379 1451 546 1535 confitear,
579 1451 634 1516 sed
667 1452 763 1516 etiam
795 1452 961 1537 gaudeam.
1007 1451 1100 1527 Quod

144 1542 297 1624 quoniam
323 1541 383 1604 tibi
411 1540 557 1623 exposui,
583 1539 692 1603 facilia
720 1543 796 1605 sunt
818 1563 870 1624 ea,
897 1562 979 1623 quac
1007 1564 1026 1604 a
1048 1563 1099 1605 me

143 1630 182 1693 de
205 1629 338 1694 Vatinio
367 1631 399 1692 et
426 1628 465 1691 de
489 1626 604 1693 Crasso
632 1629 780 1712 requiris3
807 1651 897 1712 nam,
925 1629 963 1693 de
991 1627 1099 1712 Appio

144 1717 229 1801 quod
249 1716 370 1800 scribis,
388 1717 483 1780 sicuti
502 1717 540 1780 de
560 1714 704 1798 Caesare,
722 1719 755 1780 te
773 1738 840 1781 non
858 1716 1100 1800 reprehendere,

144 1805 268 1890 gaudeo
291 1805 351 1868 tibi
374 1805 545 1870 consilium
571 1804 702 1888 probari
728 1826 843 1868 meum.
888 1805 937 1870 De
965 1805 1098 1870 Vatinio

144 1897 261 1979 autem,
283 1893 422 1977 primum
444 1893 566 1958 reditus
584 1893 809 1957 intercesserat
826 1894 860 1958 in
882 1895 1020 1978 gratiam
1042 1915 1100 1977 per

142 1981 345 2065 Pompeium,
372 1983 483 2047 statim
505 1985 542 2046 ut
563 1982 617 2045 ille
640 1985 770 2065 praetor
793 1985 842 2048 est
864 1981 978 2065 factus,
1001 2004 1100 2066 quum

145 2069 273 2153 quidem
300 2089 360 2154 ego
389 2071 456 2134 eius
484 2070 674 2155 petitionem
701 2070 899 2155 gravissimis
927 2071 962 2133 in
985 2074 1100 2134 senatu

145 2157 313 2222 sententiis
337 2178 588 2242 oppugnassem,
614 2179 717 2240 neque
744 2161 813 2221 tam
839 2158 925 2220 illius
952 2156 1101 2220 laedendi

145 2267 242 2310 causa
255 2266 357 2329 rquam
376 2244 568 2309 defendendi
586 2248 682 2327 atque
701 2243 837 2309 ornandi
859 2241 1004 2325 Catonis,
1026 2249 1102 2325 post

146 2338 254 2399 autem
283 2331 442 2416 Caesaris,
474 2336 511 2396 ut
541 2333 633 2397 illum
665 2331 881 2412 defenderem,
913 2329 995 2394 mira
1026 2351 1100 2395 con·

145 2421 248 2486 tentio
272 2425 322 2487 cst
344 2424 525 2486 consecuta.
571 2418 636 2484 Cur
659 2423 766 2483 autem
789 2418 960 2503 laudarim,
982 2421 1058 2502 peto
1082 2443 1102 2484 a

145 2514 192 2595 te,
214 2513 251 2574 ut
272 2510 306 2574 id
329 2532 348 2574 a
371 2532 421 2573 me
449 2531 530 2574 neve
556 2509 592 2573 in
619 2508 681 2573 hoc
708 2529 763 2572 reo
791 2529 871 2572 neve
897 2507 933 2572 iri
960 2507 1031 2571 aliis
1053 2529 1101 2572 re·

147 2599 264 2684 quiras,
286 2620 327 2670 ne
350 2598 410 2662 tibi
433 2619 493 2683 ego
516 2597 602 2661 idem
620 2617 784 2680 reponam,
807 2614 906 2679 quum
924 2596 1101 2661 veneris-

146 2688 276 2751 tametsi
298 2708 430 2771 possum
453 2687 504 2751 vel
525 2685 660 2766 absenti,
683 2683 850 2750 recordare
869 2685 963 2767 enim,
986 2684 1101 2767 quibus

147 2774 366 2839 laudationem
389 2796 428 2838 ex
450 2773 571 2840 ultimis
594 2773 688 2837 terris
706 2773 843 2861 miseris,
865 2794 925 2837 nec
947 2772 1011 2836 hoc
1032 2776 1102 2855 per-

147 2862 305 2946 timueris,
328 2883 404 2926 nam
427 2884 447 2926 a
469 2884 520 2926 me
542 2862 612 2944 ipso
636 2857 808 2925 laudantur
831 2865 864 2924 et
885 2860 1104 2925 laudabuntur

147 2950 245 3014 iidem
268 2973 324 3033 -3
347 2950 403 3014 sed
425 2953 537 3014 tamen
559 2948 751 3014 defendendi
773 2949 898 3014 Vatinii
920 2948 983 3012 fuit
1006 2948 1103 3012 etiam

103 3043 106 3048 ’
148 3039 201 3103 ille
225 3038 382 3122 stimulus,
405 3037 443 3101 de
467 3059 530 3121 quo
553 3037 589 3101 in
610 3037 737 3123 iudicio,
761 3060 859 3122 quum
881 3037 973 3101 illum
996 3034 1103 3100 defen-

149 3127 269 3210 derem,
299 3126 364 3190 dixi
386 3147 437 3190 me
459 3125 565 3190 facere
588 3126 752 3210 quiddam,
780 3125 923 3210 quod-in
945 3123 1104 3189 Eunucho

149 3215 309 3298 parasitus
332 3213 480 3278 suaderet
502 3213 610 3280 militi:

220 3422 271 3506 Ep.
287 3429 311 3490 9,
328 3429 374 3505 19.Ι
401 3423 658 3506 temris-tametsi
671 3462 677 3475 .
689 3461 696 3476 .
707 3460 731 3474 ..
746 3421 829 3476 iidem
844 3439 892 3485 -,·
914 3421 960 3476 sed
974 3421 1041 3489 (W).
1067 3435 1107 3474 a:

143 3498 253 3546 tamem
271 3533 314 3545 ...
335 3509 441 3548 maome
455 3534 461 3546 .
476 3492 535 3548 Nec
614 3494 696 3548 radam
706 3532 712 3545 .
724 3490 778 3546 Sed
796 3491 889 3561 vulgo.
