2370 3878
126 163 191 226 248
409 162 445 216 M.
467 161 589 216 TULLII
608 160 798 216 CICERONIS

126 307 222 372 Balbi
246 327 372 390 quoque
396 304 537 370 Cornelii
565 328 695 390 operam
723 311 756 370 et
783 308 985 372 sedulitatem
1014 309 1081 373 lau-

127 398 202 460 dare
221 417 366 479 possum3
389 417 466 458 nam
484 415 557 459 cum
571 392 709 460 Curione
729 396 933 460 vehementer
954 397 1082 461 locutus

127 488 176 549 est
199 488 331 568 etcum,
354 483 381 546 si
400 484 492 547 aliter
510 483 647 567 fecisset,
664 484 814 547 iniuriam
834 482 961 548 Caesari
980 485 1082 549 factu·

126 595 199 636 rum
222 572 315 656 dixit,
341 575 411 636 tum
434 572 501 636 eius
523 572 619 636 fidem
641 573 677 635 in
700 573 913 656 suspicionem
941 573 1081 638 adduxit.

127 659 306 725 Decrerant
337 661 480 744 quidam,
513 661 567 744 qui
590 661 671 699 *Η
694 682 798 744 neque
829 662 967 746 transigi
997 663 1082 726 vole·

126 749 220 831 bant,
247 748 395 833 Domitii,
424 748 602 832 Scipiones3
634 749 749 832 quibus
772 749 833 814 hac
862 772 897 814 re
921 751 960 814 ad
983 751 1081 814 inter—

128 838 304 902 cessionem
332 838 527 902 evocandam
549 837 830 920 interpellantibus
857 839 1082 903 venustissime

128 923 224 991 Curio
256 926 423 1009 respondit
455 948 488 990 se
520 947 557 990 eo
589 927 743 990 libentius
777 948 845 990 non
876 927 1081 1010 intercedere,

128 1015 213 1098 quod
232 1015 396 1099 quosdam,
415 1015 470 1098 qui
485 1014 700 1097 decernerent,
718 1014 840 1078 videret
859 1015 971 1080 confici
985 1017 1082 1080 nolle.

91 1101 219 1178 aQuod
248 1103 288 1167 ad
315 1125 383 1167 rem
409 1103 571 1187 publicam
599 1103 728 1185 attinet,
759 1103 794 1166 in
826 1125 924 1166 unam
952 1125 1082 1168 causam

127 1192 231 1256 omnis
255 1191 419 1257 eontentio
443 1191 587 1255 coniecta
609 1194 667 1275 est,
690 1190 728 1253 de
751 1191 936 1273 provinciis:
960 1193 994 1255 in
1019 1215 1082 1275 qua

126 1279 231 1343 adhuc
254 1280 436 1345 incubuisse
460 1301 533 1342 eum
556 1282 669 1343 senatu
692 1278 864 1362 Pompeius
888 1279 1021 1362 videtur,
1045 1285 1081 1343 ut

127 1366 245 1432 Caesar
272 1367 318 1431 Id.
341 1366 514 1432 Novembr.
542 1366 686 1448 decedat,
715 1365 811 1431 Curio
835 1368 944 1432 omnia
972 1369 1081 1450 potius

127 1456 233 1519 subire
257 1456 424 1521 constituit
447 1476 543 1538 quam
566 1455 598 1518 id
621 1455 699 1539 pati,
722 1459 844 1519 ceteras
868 1479 941 1520 suas
965 1456 1083 1519 abiecit

128 1545 279 1609 actiones.
316 1543 428 1609 Nostri
450 1565 557 1628 porro,
580 1565 660 1627 qnos
682 1547 719 1608 tu
742 1545 823 1608 bene
846 1545 942 1627 nosti,
965 1544 1005 1607 ad
1029 1566 1080 1606 ex-

126 1635 264 1696 tremum
287 1636 449 1697 certamen
467 1653 534 1695 rem
554 1632 707 1696 deducere
726 1646 794 1696 n‘on
813 1633 940 1697 audent.
978 1630 1082 1695 Scena

125 1721 172 1784 rei
195 1720 295 1785 totius
317 1721 409 1785 haec:
432 1720 613 1805 Pompeius,
634 1724 800 1804 tamqnam
822 1719 990 1785 Caesarem
1013 1741 1081 1784 non

125 1809 308 1894 impugnet,
331 1809 400 1893 sed,
427 1809 513 1893 quod
535 1809 583 1872 illi
606 1830 744 1892 aequum
766 1812 872 1892 putet,
896 1809 1081 1891 constituat,

127 1897 172 1961 ait
191 1896 363 1963 Curionem
386 1919 536 1982 quaerere
560 1897 744 1980 discordias,
766 1897 859 1962 valde
883 1901 991 1962 autem
1013 1919 1081 1960 non

50 2031 53 2035 -
125 1987 196 2051 vult
223 1990 255 2051 et
281 1987 377 2070 plane
404 1987 497 2051 timet
524 1983 693 2050 Caesarem
727 1987 891 2050 consulem
919 1986 1082 2070 designari

126 2075 228 2157 prius,
252 2096 348 2157 quam
371 2075 544 2139 exercitum
567 2078 600 2139 et
620 2075 803 2159 provincias
826 2073 1007 2156 tradiderit3
1031 2095 1081 2137 ac·

127 2162 244 2245 cipitur
270 2163 348 2227 satis
376 2163 460 2227 male
487 2185 506 2226 a
529 2160 681 2246 Curione,
709 2168 741 2227 et
762 2166 851 2228 totus
879 2163 946 2226 eius
969 2183 1081 2226 secun-

127 2248 186 2313 dus
201 2250 386 2315 consulatus
401 2251 590 2335 exagitatur.
622 2250 693 2315 Hoc
706 2251 767 2314 tibi
782 2251 864 2315 dico:
888 2251 916 2314 si
930 2249 1080 2314 omnibus

126 2338 221 2402 rebus
244 2343 392 2422 prement
414 2337 595 2423 Curionem,
618 2338 736 2405 Caesar
758 2337 907 2403 defendet
928 2338 1080 2400 interces-

128 2448 245 2511 sorem,
269 2427 352 2493 si-
368 2428 453 2512 quod
468 2428 617 2493 videntur
632 2464 672 2474 -
687 2425 934 2508 reformidarint,
953 2421 1081 2509 Caesar,

88 2516 234 2599 cquoad
266 2518 365 2602 volet,
397 2517 548 2581 manebit.
594 2515 697 2592 Quam
724 2514 857 2599 quisque
886 2514 1081 2578 sententiam

129 2605 256 2689 dixerit,
282 2607 318 2670 in
345 2605 575 2671 commentario
604 2609 654 2669 est
679 2625 785 2668 rerum
807 2602 1018 2667 urbanarum:
1043 2624 1081 2665 ex

128 2699 264 2778 quotu,
294 2715 375 2779 quae
399 2694 498 2778 digna
521 2695 610 2776 sunt,
640 2692 752 2778 selige3
774 2692 877 2756 multa
903 2691 1019 2774 transi,
1046 2691 1081 2754 in

197 2935 248 3004 Ep.
271 2943 311 3005 11,
326 2943 350 2991 2.
387 2937 540 2993 Decrcrunt
553 2938 665 3006 quidun
680 2936 754 3006 (W.).
791 2938 914 2991 deserunt
927 2933 1034 3004 quiden
1043 2933 1081 2986 M.

126 3007 268 3062 decrerunt
285 3008 393 3075 quidun
410 3009 494 3075 Man,
512 3008 543 3061 B.
563 3039 596 3047 -
614 3009 663 3076 qui
681 3007 755 3044 *³¹²*
773 3023 857 3077 neque
875 3005 943 3073 (W.;
966 3006 1015 3074 qui
1037 3021 1082 3058 nc-

127 3096 178 3150 que
200 3076 263 3131 Asc.
286 3080 348 3148 pn).
393 3077 506 3132 Excidit
533 3078 610 3147 prius
639 3076 753 3146 aliquod
775 3077 931 3131 membrum
959 3092 976 3128 a
999 3091 1083 3143 neque

126 3149 272 3218 incipiens.
309 3149 438 3217 quinique
456 3149 493 3202 M.
531 3150 579 3217 qui
597 3149 691 3217 inique
705 3146 787 3214 Crat,
803 3147 833 3200 B.
870 3153 895 3200 3.
921 3147 953 3200 in
966 3163 1021 3215 quu
1035 3147 1083 3199 ud-

126 3222 179 3276 buc
201 3220 357 3274 Incubuisse
380 3219 456 3287 (Ν).
501 3220 534 3273 u'n
555 3235 637 3288 quum
659 3235 685 3272 u.
709 3223 747 3271 cst
768 3219 822 3271 inc.
846 3217 900 3271 M..
924 3218 956 3271 u'n
978 3234 1034 3285 quo
1057 3234 1082 3269 u.

127 3297 172 3346 cst.
205 3292 258 3345 tnc.
277 3289 308 3343 B.
336 3319 371 3329 -
399 3289 501 3343 audent
529 3289 644 3359 (vulgo).
691 3289 812 3343 undeunt
833 3286 898 3341 ΜΒ.
944 3287 1084 3342 undcbnnt

128 3363 212 3430 (Wll
249 3361 387 3416 audebunt
405 3358 483 3426 (Klot
500 3362 536 3428 .)?
555 3390 590 3400 -
608 3360 654 3413 illc
668 3374 783 3429 acquum
797 3357 902 3425 (Ern.)?
921 3387 955 3397 -
970 3357 1083 3425 prouin-

116 3433 180 3483 caus
197 3431 273 3500 (W).
307 3431 486 3501 prouinciam
503 3430 554 3498 M,
572 3429 666 3501 vulgo.
693 3457 726 3469 ·-
752 3428 960 3496 reformiducint
978 3425 1081 3494 (Crat).

100 3499 336 3561 resarciendarum
353 3503 390 3560 M.
432 3502 657 3574 reformidubnnt
672 3499 720 3571 n,
734 3498 769 3555 B.
