2370 3878
177 180 241 244 368
457 179 494 232 Μ.
514 178 639 233 TULLII
656 177 847 233 CICERONIS

176 327 335 409 quotquot
353 326 438 405 sunt,
456 326 628 387 conantem
645 323 735 405 loqui
752 323 836 386 ferre
850 327 1013 406 poterunt.
1054 326 1139 412 Ego,

175 413 235 477 tibi
254 416 291 477 ut
309 416 405 477 antes
423 410 545 495 scripsi,
563 411 640 475 dum
657 410 737 474 mihi
756 432 775 473 a
793 415 825 474 te
844 412 971 475 litterae
990 416 1138 500 veniant,

174 500 210 567 iu
232 499 327 567 Italia
349 499 508 565 morabor.
553 517 623 563 vm.
645 498 685 562 K
707 498 817 563 Iunias
840 499 1011 584 Eporedia.

589 692 709 756 XXIV.

307 804 364 863 Ser.
384 805 489 861 Romae
506 805 581 859 I'III.
600 804 665 859 Idus
683 804 778 859 Iunias
797 820 821 857 a.
840 822 866 857 u.
886 820 908 858 c.
930 810 989 859 711.

252 929 289 985 hl.
308 928 585 987 dissuasuri.
605 927 727 982 BRUTO
746 926 819 980 an.
838 925 911 981 COS.
931 927 1051 986 DESIG.

139 1044 152 1095 1
239 1028 345 1096 Narro
367 1030 442 1094 tibi:
465 1033 562 1092 antea
584 1027 806 1091 subirascebar
825 1027 976 1092 brevitati
999 1034 1133 1097 tuarum

173 1118 366 1202 litterarum,
388 1138 475 1182 nunc
497 1116 576 1180 mihi
599 1117 717 1198 loquar
739 1136 809 1179 esse
831 1114 954 1199 vide0r3
976 1121 1009 1181 te
1029 1121 1132 1204 Igitur

172 1208 331 1273 imitabor.
376 1205 480 1280 Quam
506 1205 609 1267 multa
635 1225 732 1286 quarn
754 1203 878 1286 paucis!
905 1208 938 1268 te
965 1210 1053 1271 recte
1076 1231 1131 1273 va·

172 1296 237 1361 lero
260 1314 453 1379 operamque
476 1291 566 1372 dare,
593 1295 630 1354 ut
652 1291 793 1374 quotidie
816 1292 943 1374 melius3
970 1292 1130 1378 Lepidum

172 1382 337 1449 commode
353 1380 484 1460 sentire,
498 1380 601 1443 tribus
616 1379 806 1443 exercitibus
821 1380 946 1463 quidvis
959 1402 1021 1446 nos
1035 1406 1128 1467 opor-

171 1476 238 1535 tere
261 1468 430 1534 confidere.
475 1464 509 1531 Si
537 1466 668 1531 timidus
691 1488 807 1550 essem,
834 1474 944 1532 tamen
971 1470 1035 1534 ista
1064 1474 1128 1555 epi-

171 1558 256 1623 stola
276 1557 356 1621 mihi
375 1577 503 1621 omnem
525 1560 648 1619 metum
672 1555 889 1639 abstersissem
912 1557 977 1640 sed,
999 1562 1038 1622 ut
1060 1582 1127 1625 mo·

170 1668 238 1729 nes,
256 1644 384 1709 frenum
397 1643 569 1726 momordi,
592 1644 719 1724 aterum,
738 1645 793 1727 qui
810 1649 843 1709 te
857 1645 982 1710 incluso
997 1667 1127 1711 omnem

171 1755 261 1818 spem
282 1732 450 1796 habuerim
472 1733 508 1796 in
529 1736 572 1814 te,
595 1731 671 1814 quid
693 1753 780 1796 nunc
802 1733 920 1816 putas?
943 1735 1038 1817 cupio
1061 1736 1127 1818 iam

170 1821 314 1907 vigiliam
336 1842 454 1905 meam,
476 1820 590 1902 Brute,
612 1820 672 1884 tibi
694 1820 833 1904 tradere,
860 1821 916 1885 sed
938 1822 998 1905 ita,
1025 1826 1125 1888 utne

134 1910 271 1975 adesim
294 1910 495 1974 constantiae
518 1930 616 1973 meae.
662 1906 754 1983 Quod
778 1909 889 1972 scribis
917 1910 952 1972 in
974 1909 1071 1975 Italia
1094 1917 1125 1976 te

169 2001 378 2082 moraturum,
401 1999 477 2062 dum
500 1998 560 2062 tibi
581 1998 708 2061 litterae
732 2018 821 2060 meae
844 1999 989 2080 veniant,
1017 2000 1045 2062 si
1068 2021 1125 2084 per

169 2087 295 2150 hostem
308 2086 393 2169 licet,
405 2109 473 2151 non
488 2086 656 2150 erraris-
666 2085 769 2149 multa
783 2086 869 2149 enim
878 2085 1001 2150 Romae
1011 2124 1063 2172 -,
1074 2089 1125 2151 sin

169 2174 309 2239 adventu
339 2178 397 2238 tuo
428 2175 549 2238 bellum
580 2173 694 2239 confici
725 2176 846 2256 potest,
877 2173 959 2237 nihil
990 2175 1050 2238 tibi
1082 2176 1125 2239 sit

169 2263 341 2345 antiquius.
394 2260 535 2326 Pecunia
567 2261 806 2346 expeditissima
837 2283 918 2345 quae
950 2267 1032 2345 erat,
1064 2264 1123 2327 tibi

169 2350 296 2414 decreta
319 2354 389 2414 est·
411 2349 521 2414 Habes
540 2351 797 2415 amantissimum
814 2350 863 2413 tui
882 2348 1040 2433 Servium3
1063 2373 1122 2416 nos

168 2460 236 2502 non
258 2439 417 2503 desumus
462 2457 531 2503 vm.
554 2438 631 2502 ldus
653 2438 773 2502 Iunias.

591 2630 694 2696 XXV.

267 2742 324 2799 scr.
343 2743 448 2798 nomae
467 2742 554 2796 xuu.
574 2701 635 2796 aar.
656 2742 808 2809 concaua
827 2758 853 2797 a.
871 2758 898 2796 u.
917 2759 940 2796 a.
961 2748 1019 2796 τη.

400 2867 437 2921 M.
457 2864 585 2922 CICERO
606 2865 632 2920 S.
651 2866 685 2922 D.
703 2865 736 2920 D.
755 2865 885 2921 BRUTO.

133 2981 147 3028 1
233 2965 444 3049 Exspectanti
470 2966 550 3031 mihi
583 2972 656 3031 tuas
685 2965 826 3049 quotidie
857 2966 982 3029 litteras
1010 2964 1121 3051 Lupus

166 3057 277 3118 noster
309 3053 416 3118 subito
449 3055 663 3137 denuntiavit,
694 3058 732 3117 ut
759 3053 798 3117 ad
826 3058 858 3118 te
882 3053 1067 3138 scriberem,
1094 3054 1123 3118 si

168 3142 243 3225 quid
266 3141 390 3206 vellem.
426 3142 497 3228 Ego
521 3147 638 3226 autem,
661 3143 730 3225 etsi,
753 3142 830 3226 quid
851 3142 1031 3225 scriberem,
1055 3163 1122 3206 non

237 3368 288 3441 Ep.
308 3375 349 3437 23,
365 3375 404 3449 2.⁴
424 3373 554 3450 'quotquot
578 3373 644 3423 suat
668 3366 770 3435 (Crat).
816 3374 881 3439 quot
905 3385 925 3424 s.
954 3368 1018 3423 ΜΒ.
1068 3367 1121 3437 Ep.

165 3446 208 3507 24,
224 3444 248 3492 2.
289 3440 361 3494 acad
381 3438 432 3492 taba
450 3438 486 3492 sit
501 3439 644 3508 antiquius
661 3438 736 3506 (W.).
777 3455 804 3492 a.
823 3456 844 3493 s.
864 3456 888 3494 a.
908 3439 953 3508 M,
972 3439 1066 3511 vulgo.
1087 3469 1121 3478 —-

152 3512 379 3581 amantc‘sst'mum
397 3511 443 3569 tui
459 3509 490 3568 S.
509 3509 618 3582 (Dresd.
637 3510 673 3565 ai.
710 3527 737 3565 o.
756 3507 785 3564 S.
799 3509 851 3577 m,
862 3509 959 3578 uulgo.

61 3682 171 3830 l
