2370 3878
117 192 182 255 334
398 191 435 243 M.
456 188 579 242 TULLII
597 187 786 242 CICERONIS

116 342 253 420 utraque
275 340 366 419 parte
389 333 542 418 pugnarn
565 333 625 397 etsi
643 333 802 396 dexterius
821 355 930 416 comu,
952 334 1069 416 inquo

117 446 178 510 ego
211 445 298 487 eram
330 444 403 485 cum
433 421 570 485 Martiae
600 422 739 506 legionis
772 422 957 485 cohortibus
988 425 1070 504 octo,

116 515 237 596 impetu
265 511 369 594 primo
400 509 571 594 fugaverat
601 511 762 594 legionem
790 525 896 569 xxxv.
925 509 1070 592 Antonii,

116 605 153 664 ut
176 598 313 682 amplius
335 599 486 682 passus*
505 598 591 661 ultra
613 599 724 679 aciem,
747 619 809 680 quo
832 598 903 661 loco
928 601 1070 680 steterat,

117 687 314 772 processerit.
358 684 486 770 Itaque,
519 708 617 770 quum
647 687 768 769 equites
796 690 942 749 nostrum
970 707 1069 749 cornu

117 775 282 840 circumire
304 775 433 858 vellent,
456 775 596 858 recipere
616 796 667 838 me
686 775 777 857 coepi
795 784 827 836 et
844 775 947 837 levem
967 796 1069 837 arma-

115 869 221 928 turam
254 884 417 947 opponere
443 861 631 927 Maurorum
663 863 836 946 equitibus,
868 883 909 926 ne
941 884 1069 926 aversos

115 955 245 1017 nostros
260 951 520 1036 aggrederentur.
556 950 690 1015 Interim
712 951 805 1014 video
829 972 879 1014 me
898 971 967 1014 esse
985 951 1070 1012 inter

116 1040 321 1106 Antonianos
345 1039 587 1122 Antoniumque
614 1043 690 1123 post
716 1061 766 1102 me
794 1060 862 1102 esse
890 1040 1068 1121 aliquanto:

115 1133 247 1213 repente
276 1149 392 1211 equum
419 1128 536 1191 immisi
564 1127 605 1191 ad
633 1149 703 1191 eam
730 1129 891 1212 legionem
918 1127 1069 1209 tironum,

116 1240 198 1301 quae
220 1217 370 1282 veniebat
392 1236 431 1279 ex
454 1217 580 1298 castris,
603 1220 694 1280 scuto
717 1216 844 1280 reiecto.
890 1214 1069 1278 Antoniani

115 1329 166 1371 me
197 1305 337 1388 insequi3
364 1304 467 1368 nostri
425 1304 560 1388 tpila
588 1304 744 1368 coniicere
766 1305 860 1368 velle·
892 1304 939 1367 ita
961 1305 1068 1366 nescio

116 1416 179 1477 quo
211 1394 279 1458 fato
308 1415 379 1457 sum
407 1396 565 1475 servatus,
597 1392 682 1476 quod
711 1414 780 1456 sum
808 1393 872 1456 cito
903 1414 922 1455 a
949 1393 1069 1456 nostris

81 1483 274 1567 ecognitus
327 1480 409 1544 In
400 1503 472 1564 rpsa
503 1480 654 1564 Aemilia,
689 1481 745 1545 ubi
777 1480 891 1545 cohors
924 1478 1069 1544 Caesaris

116 1571 277 1653 praetoria
296 1572 373 1651 erat,
391 1569 445 1632 diu
463 1574 644 1654 pugnatum
663 1573 720 1633 est.
752 1566 906 1633 Cornu
882 1569 975 1632 sinist
976 1569 1069 1652 erius,

116 1659 203 1741 quod
225 1661 294 1722 erat
315 1658 488 1739 infirmius,
516 1658 572 1721 ubi
594 1657 730 1721 Martiae
752 1658 890 1743 legionis
914 1658 994 1721 duae
1018 1680 1068 1722 co·

115 1746 225 1812 hortes
257 1750 351 1810 erant
382 1751 415 1809 et
446 1708 561 1811 cohors
596 1746 771 1830 praetoria,
805 1746 919 1830 pedem
950 1746 1068 1810 referre

117 1837 299 1919 coeperunt,
322 1834 408 1919 quod
431 1834 472 1898 ab
491 1834 636 1918 equitatu
655 1834 913 1918 circumibantur,
936 1857 999 1918 quo
1018 1837 1068 1899 vel

115 1924 290 2006 plurimum
320 1924 407 1987 valet
434 1920 606 1986 Antonius.
652 1921 757 1998 Quum
785 1945 895 1987 omnes
923 1945 957 1986 se
984 1945 1067 1989 rece·

115 2012 240 2094 pissent
257 2011 360 2075 nostri
379 2010 516 2095 ordines,
537 2011 678 2095 recipere
697 2033 747 2075 me
766 2011 959 2076 novissimus
979 2013 1069 2095 coepi

116 2099 157 2163 ad
180 2104 298 2182 castra3
320 2098 484 2164 Antonius
506 2102 671 2182 tamquam
690 2099 793 2164 victor
815 2104 920 2163 castra
942 2101 1069 2184 put-avit

80 2240 83 2245 .
115 2209 150 2251 se
181 2210 276 2272 posse
308 2209 432 2271 capere:
471 2209 533 2271 quo
571 2208 643 2251 cum
674 2188 776 2271 venit,
812 2190 991 2272 complures
1023 2189 1068 2252 ibi

116 2275 224 2340 amisit
245 2297 305 2340 nec
328 2276 396 2360 egit
418 2274 601 2358 quidquam.
645 2274 768 2340 Audita
789 2298 824 2340 re
846 2276 972 2341 Hirtius
996 2299 1068 2341 oum

116 2364 302 2430 cohortibus
329 2386 378 2428 xx.
405 2364 566 2427 veteranis
597 2364 744 2429 redeunti
766 2364 911 2430 Antonio
943 2367 978 2429 in
1011 2388 1068 2429 sua

116 2457 221 2517 cestra
244 2453 382 2518 occurrit
405 2452 576 2535 copiasque
600 2453 667 2516 eius
696 2474 807 2518 omnes
837 2453 955 2518 delevit
976 2454 1068 2538 fuga-

115 2540 163 2605 vit
185 2541 296 2606 eodem
319 2538 370 2603 dc'e
394 2540 568 2623 eodemque
591 2541 676 2624 loco
703 2541 759 2605 ubi
786 2545 856 2605 erat
877 2546 1068 2627 pugnatum,

115 2629 156 2692 ad
178 2628 298 2694 Forum
321 2627 500 2729 Gallorum3
522 2628 685 2693 Antonius
709 2651 782 2694 cum
805 2631 965 2714 equitibus
987 2631 1069 2695 hora

115 2718 219 2782 noctis
243 2721 358 2802 quarta
380 2739 414 2781 se
436 2717 472 2781 in
494 2720 600 2781 castra
618 2740 676 2782 sua
674 2711 734 2782 ad
753 2718 914 2782 Mutinam
935 2720 1069 2804 recepit3

80 2828 95 2873 a
82 2805 272 2870 Hirtius
263 2827 354 2870 mea
377 2808 483 2870 castra
501 2805 604 2889 rediit,
626 2806 711 2871 unde
731 2805 838 2871 Pansa
862 2808 990 2893 exierat,
1012 2808 1069 2871 uhi

116 2893 195 2958 duas
227 2895 371 2979 legiones
402 2893 587 2977 reliquerat,
619 2916 700 2978 quae
732 2895 773 2959 ab
800 2895 946 2960 Antonio
976 2899 1069 2959 erant

115 2986 330 3067 oppugnatae.
367 2980 419 3047 Sic
440 2986 565 3067 partem
583 2984 737 3048 maiorem
756 3005 886 3048 suarum
903 2985 1068 3068 copiarum

114 3069 278 3136 Antonius
306 3070 413 3136 amisit
439 3074 677 3155 veteranarum
707 3092 766 3137 nec
797 3072 830 3136 id
857 3075 966 3137 tamen
999 3073 1067 3137 sine

184 3245 236 3316 Ep
256 3251 338 3314 303
376 3247 472 3314 adem,
494 3247 722 3316 declamaret,
740 3247 872 3316 p..‚r(M
890 3247 995 3318 vulg.o)
1041 3265 1067 3301 a

114 3315 213 3386 [quot
233 3315 267 3387 s]
282 3332 328 3385 pr
347 3315 455 3386 Kleyn„
474 3315 557 3369 B.-
577 3318 687 3382 curtric,
704 3321 780 3371 acuto
799 3289 928 3387 (Greev).
970 3319 1068 3373 castris

112 3402 148 3440 sc
167 3386 197 3440 B.
234 3394 259 3441 4
283 3403 336 3456 quo
354 3403 438 3456 quum
455 3388 582 3526 acumeetf
582 3387 648 3454 (W)
654 3392 720 3441 t-
738 3386 836 3442 delevit
851 3388 962 3458 fugauit
979 3389 1068 3443 ecdem

98 3456 148 3507 die
164 3457 220 3510 eod
275 3474 310 3513 ue
327 3458 386 3514 loco
405 3456 545 3531 (W)
563 3390 772 3530 (sedetsedet.
791 3458 828 3513 M
864 3458 1068 3530 d.fu9auitque

84 3524 274 3582 cedema,
275 3529 354 3597 ,.W
378 3529 509 3603 olim,B

103 3754 206 3830 Ἀ
