2370 3878
357 170 614 227 EPISTOLARUM
631 170 666 226 V.
688 177 728 225 15.
749 177 789 226 16.
988 170 1052 234 145

95 341 195 405 quam
218 338 344 401 semper
365 317 400 380 in
423 338 477 380 ore
501 322 596 401 atque
623 316 659 381 in
681 316 789 381 animo
812 314 931 379 habere
959 316 1054 379 debe·

95 429 182 491 mua,
213 406 360 470 homines
387 426 448 469 nos
475 407 512 468 ut
539 427 607 469 esse
635 403 887 486 meminerimus,
917 426 955 468 ea
982 405 1053 489 lege

95 499 207 579 natos,
233 497 271 557 ut
293 492 442 558 omnibus
465 493 538 557 telis
560 494 710 558 fortunae
732 493 900 576 proposita
923 493 965 556 sit
986 493 1054 556 vita

96 586 219 666 nostra,
240 601 345 665 neque
368 603 437 646 esse
460 581 681 664 recusandum,
704 602 768 664 quo
791 582 898 644 minus
921 602 968 664 ea,
991 603 1054 663 qua

97 671 169 736 nati
192 691 311 752 sumus,
333 670 520 735 condicione
544 671 697 753 vivamus,
719 690 800 733 neve
822 673 891 733 tam
914 670 1055 753 graviter

98 781 154 824 eos
178 778 271 822 oasus
293 757 443 841 feramus
466 780 547 842 quos
569 760 658 822 nullo
677 758 812 822 oonsilio
833 757 934 821 vitare
953 758 1054 841 possi-

98 869 185 929 mus,
212 847 397 929 eventisque
421 847 557 911 aliorum
584 846 738 910 memoria
764 846 946 929 repetendis
973 846 1055 909 nihil

99 934 253 1000 accidisse
276 935 353 999 novi
375 935 469 999 nobis
493 935 685 1019 cogitemus,
708 933 762 997 sed
781 955 884 1016 neque
902 933 982 997 haee
1001 955 1055 997 no·
1075 940 1091 987 3

100 1044 163 1106 que
187 1025 310 1087 ceterae
334 1023 584 1104 consolationes
614 1043 695 1105 quae
719 1023 837 1085 sunta
860 1022 1056 1103 sapientissi-

100 1111 163 1174 mis
190 1111 266 1174 viris
293 1115 466 1195 usurpatae
494 1111 729 1192 memoriaeque
758 1109 874 1172 litteris
902 1109 1056 1193 proditae,

100 1202 230 1264 tantum
257 1198 407 1263 videntur
429 1199 583 1282 proficere
611 1197 738 1279 debere,
768 1200 925 1280 quantum
953 1201 1056 1261 status

101 1288 172 1371 ipse
193 1291 324 1351 nostrae
348 1287 486 1351 civitatis
510 1287 639 1351 ethaeo
657 1285 856 1370 perturbatio
875 1289 1055 1369 temporum

101 1374 314 1459 perditorum,
342 1397 441 1458 quum
467 1376 643 1439 beatissimi
667 1374 744 1456 sint,
773 1374 827 1457 qui
849 1374 967 1439 liberos
990 1396 1059 1439 non

76 1467 326 1546 susceperunt,
349 1465 455 1527 minus
479 1467 586 1528 autem
608 1463 730 1545 miseri,
757 1462 812 1545 qui
834 1462 885 1526 his
907 1463 1058 1546 tempori-

102 1551 164 1615 bus
188 1552 376 1634 amiserunt,
405 1573 501 1634 quam
529 1553 555 1616 si
579 1552 707 1616 eosdem
729 1550 816 1614 bona
843 1555 900 1614 aut
923 1551 1058 1634 denique

104 1638 212 1722 aliqua
238 1661 273 1703 re
304 1640 434 1722 publiea
460 1640 683 1724 perdidissent.
733 1637 825 1713 Quod
853 1639 881 1702 si
906 1644 999 1704 tuum
1026 1643 1094 1703 ter

104 1727 297 1791 desiderium
319 1731 428 1792 movet
450 1732 507 1793 aut
529 1729 556 1792 si
578 1733 708 1793 tuarum
732 1748 838 1790 rerum
862 1728 1059 1812 cogitatione

104 1836 237 1899 maeres,
254 1836 322 1881 non
335 1815 429 1879 facile
444 1818 604 1881 exhauriri
617 1818 677 1881 tibi
694 1817 794 1879 istum
808 1815 951 1879 dolorem
964 1836 1059 1898 posse

105 1903 290 1967 universum
312 1907 406 1987 pute,
428 1906 480 1968 sin
501 1906 558 1968 illa
580 1910 612 1969 te
631 1927 681 1969 res
700 1902 830 1984 cruciat,
853 1923 934 1984 quae
955 1903 1059 1985 magis

107 1991 226 2054 amoris
248 1995 310 2076 est,
332 1996 369 2057 ut
392 2014 515 2076 eorum,
543 1994 597 2076 qui
621 1993 818 2071 oeciderunt,
845 1990 990 2054 miserias
1013 1991 1060 2054 lu·

108 2099 199 2164 geas,
225 2082 263 2143 ut
285 2101 322 2143 ea
343 2102 411 2145 non
435 2082 551 2164 dicam,
575 2102 656 2165 quae
680 2079 864 2161 saepissime
887 2082 920 2142 et
941 2079 1006 2164 legi
1029 2082 1062 2143 et

108 2165 225 2249 audivi,
247 2166 328 2231 nihil
350 2169 428 2232 mali
451 2191 519 2233 esse
542 2170 577 2233 in
599 2172 712 2252 morte,
734 2169 769 2231 in
793 2189 856 2251 qua
879 2167 905 2230 si
923 2167 1062 2231 resideat

107 2276 230 2338 sensuS,
252 2255 477 2322 immortalitas
495 2258 552 2321 illa
569 2258 677 2342 potius
697 2279 793 2340 quam
811 2277 897 2320 mors
917 2255 1061 2319 ducenda

105 2345 163 2429 sit,
195 2343 246 2408 sin
278 2344 320 2408 sit
352 2345 501 2429 amissus,
532 2347 622 2409 nulla
653 2346 754 2410 videri
783 2345 911 2409 miseria
939 2344 1062 2427 debeat,

107 2454 189 2517 quae
212 2453 280 2498 uon
303 2433 473 2517 sentiatur,
500 2434 562 2500 hoo
584 2437 694 2501 tamen
723 2455 790 2498 non
813 2433 964 2497 dubitans
988 2453 1062 2496 oon·

107 2521 234 2585 firmare
257 2542 403 2605 possum,
430 2543 468 2586 ea
496 2523 635 2605 misceri,
661 2523 782 2606 parari,
809 2519 993 2603 impendere
1015 2520 1063 2582 rei

107 2609 264 2692 publicae,
288 2631 369 2693 quae
393 2611 447 2694 qui
470 2611 642 2694 reliquerit,
665 2610 755 2675 nullo
776 2609 871 2674 modo
895 2607 975 2670 mihi
995 2607 1062 2689 qui·

108 2697 181 2760 dem
204 2699 356 2782 deeeptus
375 2719 444 2762 esse
462 2700 621 2780 videatur3
645 2699 720 2781 quid
740 2701 789 2762 est
807 2697 892 2761 enim
910 2696 975 2758 iam
996 2717 1064 2758 non

107 2785 204 2850 modo
227 2786 353 2870 pudori,
374 2786 539 2870 probitati,
561 2787 682 2871 virtuti,
704 2787 800 2850 r'eotis
824 2783 947 2867 studiis,
968 2783 1063 2848 bonis

108 2873 245 2957 artibus,
278 2875 333 2939 sed
362 2875 494 2940 omnino
522 2875 664 2939 libertati
692 2896 729 2939 ao
757 2873 854 2938 saluti
880 2871 964 2936 loci?
996 2893 1064 2936 non

108 2960 289 3026 mehercule
304 2985 497 3046 quemquam
511 2961 620 3028 audivi
637 2962 699 3026 hoo
718 2961 907 3046 gravissimo
922 2963 955 3023 et
968 2961 1064 3042 pesti-

109 3047 287 3115 lentissimo
316 3072 402 3116 anno
431 3051 705 3116 adolescentulum
732 3053 789 3113 aut
819 3071 954 3132 puerum
980 3068 1064 3110 mor-

109 3139 212 3221 tuum,
234 3138 290 3220 qui
311 3139 390 3203 mihi
413 3161 481 3204 non
503 3162 523 3202 a
546 3139 594 3202 dis
617 3138 852 3202 immortalibus
875 3138 1003 3219 ereptus
1026 3155 1066 3197 ex

181 3363 232 3437 Ep.
255 3372 295 3433 16,
315 3373 339 3422 2.
376 3367 534 3437 copitemum
557 3368 603 3421 sed
625 3381 709 3434 neque
730 3365 795 3418 baec
819 3362 893 3428 (W).
931 3375 951 3413 o.
971 3358 1066 3426 Neque

108 3439 159 3493 hoe
176 3439 223 3506 M,
242 3437 336 3508 vulgo.
374 3444 398 3492 4.
417 3443 508 3504 morte,
526 3438 558 3491 ia
576 3454 631 3506 qua
650 3435 722 3498 (edd.
742 3435 832 3501 vett).
870 3448 904 3484 m.
919 3435 943 3483 et
957 3446 1011 3497 quo
1027 3429 1064 3482 ll.

108 3528 153 3577 ua,
171 3529 204 3568 ex
223 3528 278 3582 qua
298 3509 420 3581 Bergel,
438 3510 469 3564 B.

164 3600 275 3642 Ciceronis
287 3602 350 3650 aplst.
364 3602 379 3641 Ι
834 3599 873 3648 m
