2370 3878
332 187 592 244 EPISTOLARUM
610 189 683 251 XIV.
702 195 815 244 16-19.
985 189 1051 254 495

94 339 203 401 autem
226 335 325 420 regie,
348 335 383 398 in
406 355 469 417 qua
488 354 548 419 ego
568 355 648 415 sum,
671 337 857 398 nostrorum
880 337 929 397 est
952 356 1051 418 quum

96 424 301 509 oppidorum,
330 426 401 486 tum
424 422 521 486 etiam
543 421 760 506 praediorum,
791 424 828 486 ut
860 425 892 486 et
914 423 1052 486 multum

96 534 164 577 esse
186 533 313 576 mecum
336 515 377 594 et,
399 532 498 593 quum
517 510 668 593 abieritis,
690 509 856 575 commode
874 510 910 574 iu
932 511 1052 575 nostris

96 600 234 685 praediis
258 620 326 664 esse
349 599 489 682 possitis.
526 596 608 662 Mihi
626 599 722 681 plane
740 620 808 663 non
826 598 905 663 satis
924 601 1053 663 constat
1071 618 1090 666 a

97 688 210 772 adhuc,
232 692 341 753 utrum
364 687 407 750 sit
429 685 556 750 melius:
584 708 641 752 uos
664 686 779 770 videte,
801 686 878 770 quid
901 687 982 751 aliae
1005 687 1052 750 fa-

97 778 185 841 ciant
207 777 270 841 isto
293 776 364 840 loco
387 774 540 858 feminae,
568 777 601 839 et
623 796 677 858 nc,
705 797 802 858 quum
825 775 945 860 velitis,
968 776 1052 839 exire

96 887 164 930 non
186 864 295 946 liceat,
326 863 359 926 id
380 863 483 927 uelim
512 862 683 948 diligenter
711 863 808 927 etiam
836 866 932 946 atque
956 865 1053 928 etiam

97 952 264 1018 vobiscum
297 954 329 1016 et
360 973 433 1015 cum
465 951 575 1015 amicis
599 951 816 1017 consideretis.
861 950 984 1016 Domus
1016 955 1054 1015 ut

97 1040 342 1125 propugnacula
370 1043 402 1103 et
429 1039 623 1124 praesidium
645 1038 777 1123 habeat,
805 1037 980 1104 Philotimo
1009 1040 1054 1103 di-

98 1129 190 1211 cetis3
214 1132 246 1192 et
270 1128 364 1192 velim
382 1127 568 1193 tabellarios
586 1127 763 1192 instituatis
783 1130 895 1211 certos,
918 1132 955 1191 ut
977 1149 1053 1211 quo-

98 1217 176 1281 tidie
214 1216 338 1299 aliquas
370 1237 389 1279 a
426 1215 517 1280 vobis
553 1216 677 1280 litteras
714 1215 882 1300 accipiam3
917 1216 1054 1279 maxime

99 1309 207 1368 autem
226 1304 300 1367 date
319 1325 458 1388 operam,
480 1307 517 1367 ut
534 1304 677 1388 valeatis,
700 1305 806 1369 sinos
825 1303 922 1369 vultis
940 1304 1055 1369 valere.

99 1410 183 1457 vnn.
206 1391 278 1456 Kal.
300 1390 446 1456 Formiis.

534 1638 622 1704 XIX.

200 1759 257 1814 Ser.
276 1760 418 1815 Brundisii
435 1760 480 1813 IV.
501 1759 561 1814 Kal.
581 1759 747 1814 Decembres
765 1775 790 1813 a.
809 1777 837 1814 u.
855 1777 878 1814 c.
900 1766 958 1814 706.

280 1899 434 1955 TULLIUS
454 1899 664 1953 TERENTIAE
684 1899 776 1954 SUAE
797 1898 823 1952 S.
842 1898 874 1953 D.

170 2007 210 2073 In
238 2009 384 2073 maximis
413 2007 492 2071 meis
521 2007 684 2073 doloribus
712 2006 872 2071 excruciat
899 2028 949 2070 mc
973 2008 1057 2071 vale-

102 2097 180 2162 tudo
205 2096 329 2161 Tulliae
352 2099 496 2179 nostrae,
524 2095 563 2159 de
586 2117 650 2179 qua
671 2095 754 2160 nihil
777 2094 934 2179 estquod
962 2095 1002 2159 ad
1024 2099 1061 2159 te

102 2186 197 2269 plura
220 2184 369 2267 scribam3
395 2183 456 2248 tibi
479 2183 565 2247 enim
588 2205 688 2267 aeque
710 2202 848 2268 magnae
871 2204 965 2248 curae
988 2204 1057 2248 esse

103 2277 190 2336 certo
215 2273 289 2337 scio.
326 2271 418 2346 Quod
440 2293 491 2336 me
514 2272 646 2356 propius
669 2271 766 2335 vultis
785 2271 942 2355 accedere,
964 2271 1061 2337 video

103 2362 150 2424 ita
178 2380 247 2424 esse
273 2359 470 2423 faciendum:
503 2360 600 2423 etiam
633 2364 708 2424 ante
734 2359 894 2443 fecissem,
924 2360 979 2425 sed
1006 2381 1057 2424 me

102 2448 205 2511 multa
232 2446 480 2530 impediverunt,
512 2468 593 2530 quae
624 2469 665 2512 ne
697 2468 784 2513 nunc
811 2448 938 2532 quidem
966 2469 1058 2531 expe·

103 2535 172 2599 dita
195 2538 279 2599 sunt.
322 2533 383 2599 Sed
407 2557 426 2600 a
448 2533 626 2621 Pomponio
650 2540 799 2620 exspecto
822 2537 955 2619 litteras,
979 2557 1062 2618 quas

103 2623 144 2687 ad
167 2644 218 2687 me
242 2644 338 2706 quam
361 2623 500 2707 primum
517 2624 729 2709 ‚perferendas
753 2646 843 2689 cures
867 2624 970 2688 velim.
1007 2621 1058 2687 Da

104 2733 243 2796 operam,
265 2715 303 2776 ut
325 2713 441 2778 valeas.

174 2939 225 3008 Ep.
243 2945 284 3006 18,
301 2945 324 2992 1.
353 2939 486 2994 commode
503 2939 535 2994 ia
552 2939 654 2994 nostris
665 2939 789 3008 praedita
802 2953 856 2994 cccc
870 2938 944 3006 (W.).
977 2953 1065 3005 prce·¹

104 3010 159 3063 diis
179 3010 242 3063 add.
262 3010 319 3064 iam
338 3010 380 3063 cd.
399 3008 484 3064 Basil.
521 3025 543 3064 c.
562 3014 587 3064 et
605 3010 636 3064 tn
649 3025 676 3064 a.
691 3025 712 3064 e.
726 3009 773 3074 M,
787 3009 880 3079 vulgo.
918 3015 942 3062 2.
967 3008 1066 3074 licente

103 3081 134 3135 id
153 3079 227 3147 (W.).
269 3082 286 3134 l.
315 3081 354 3135 Id
376 3081 470 3150 vulgo.
496 3108 529 3118 -
552 3081 661 3146 diretta
683 3085 708 3134 et
731 3079 805 3147 (W.).
847 3079 873 3134 d.
901 3077 943 3134 Et
964 3077 1059 3149 vulgo.

54 3178 56 3182 ·
103 3149 217 3219 Ep.19.
255 3150 426 3218 faciendam:
444 3150 525 3205 ettam
544 3151 619 3221 (W.).
654 3148 737 3220 fiE.
756 3149 850 3222 vulgo.
