<?xml version="1.0" encoding="UTF-8"?>
<!DOCTYPE html PUBLIC "-//W3C//DTD XHTML 1.0 Transitional//EN"
    "http://www.w3.org/TR/xhtml1/DTD/xhtml1-transitional.dtd">
<html xmlns="http://www.w3.org/1999/xhtml" xml:lang="en" lang="en">
 <head>
  <title>
</title>
<meta http-equiv="Content-Type" content="text/html;charset=utf-8" />
  <meta name='ocr-system' content='tesseract 3.04.00' />
  <meta name='ocr-capabilities' content='ocr_page ocr_carea ocr_par ocr_line ocrx_word'/>
</head>
<body>
  <div class='ocr_page' id='page_1' title='image "./epistolae00cicegoog_0272.png"; bbox 0 0 2370 3878; ppageno 0'>
   <div class='ocr_carea' id='block_1_1' title="bbox 371 190 1051 255">
    <p class='ocr_par' dir='ltr' id='par_1_1' title="bbox 371 190 1051 255">
     <span class='ocr_line' id='line_1_1' title="bbox 371 190 1051 255; baseline -0.001 -1"><span class='ocrx_word' id='word_1_1' title='bbox 371 198 629 255; x_wconf 77' lang='lat' dir='ltr'><strong>EPISTOLARUM</strong></span> <span class='ocrx_word' id='word_1_2' title='bbox 648 194 694 250; x_wconf 82' lang='lat' dir='ltr'>lx.</span> <span class='ocrx_word' id='word_1_3' title='bbox 714 202 738 247; x_wconf 82' lang='lat' dir='ltr'>a.</span> <span class='ocrx_word' id='word_1_4' title='bbox 758 201 782 249; x_wconf 83' lang='lat' dir='ltr'>a.</span> <span class='ocrx_word' id='word_1_5' title='bbox 988 190 1051 255; x_wconf 76' lang='lat'>261</span> 
     </span>
    </p>
   </div>
   <div class='ocr_carea' id='block_1_2' title="bbox 94 339 1057 961">
    <p class='ocr_par' dir='ltr' id='par_1_2' title="bbox 94 339 1057 961">
     <span class='ocr_line' id='line_1_2' title="bbox 94 339 1055 429; baseline -0.015 -16"><span class='ocrx_word' id='word_1_6' title='bbox 94 350 236 413; x_wconf 78' lang='lat' dir='ltr'>libenter</span> <span class='ocrx_word' id='word_1_7' title='bbox 258 366 436 429; x_wconf 78' lang='lat' dir='ltr'>accurrere3</span> <span class='ocrx_word' id='word_1_8' title='bbox 459 346 485 409; x_wconf 90' lang='lat' dir='ltr'>si</span> <span class='ocrx_word' id='word_1_9' title='bbox 508 365 604 408; x_wconf 87' lang='lat' dir='ltr'>nemo</span> <span class='ocrx_word' id='word_1_10' title='bbox 626 344 737 405; x_wconf 86' lang='lat' dir='ltr'>utetur</span> <span class='ocrx_word' id='word_1_11' title='bbox 760 341 999 423; x_wconf 69' lang='lat' dir='ltr'>operabamur</span> <span class='ocrx_word' id='word_1_12' title='bbox 1021 339 1055 400; x_wconf 82' lang='lat' dir='ltr'>et</span> 
     </span>
     <span class='ocr_line' id='line_1_3' title="bbox 95 425 1055 519; baseline -0.016 -16"><span class='ocrx_word' id='word_1_13' title='bbox 95 436 237 503; x_wconf 85' lang='lat' dir='ltr'>scribere</span> <span class='ocrx_word' id='word_1_14' title='bbox 264 439 298 501; x_wconf 91' lang='lat' dir='ltr'>et</span> <span class='ocrx_word' id='word_1_15' title='bbox 322 434 429 519; x_wconf 86' lang='lat' dir='ltr'>legere</span> <span class='ocrx_word' id='word_1_16' title='bbox 452 431 620 503; x_wconf 78' lang='grc' dir='ltr'><strong><em>πολιτείας</em></strong></span> <span class='ocrx_word' id='word_1_17' title='bbox 642 432 687 513; x_wconf 87' lang='lat' dir='ltr'>et,</span> <span class='ocrx_word' id='word_1_18' title='bbox 719 428 746 491; x_wconf 87' lang='lat' dir='ltr'>si</span> <span class='ocrx_word' id='word_1_19' title='bbox 772 427 880 491; x_wconf 83' lang='lat' dir='ltr'>minus</span> <span class='ocrx_word' id='word_1_20' title='bbox 908 425 944 488; x_wconf 90' lang='lat' dir='ltr'>in</span> <span class='ocrx_word' id='word_1_21' title='bbox 965 425 1055 489; x_wconf 87' lang='lat' dir='ltr'>curia</span> 
     </span>
     <span class='ocr_line' id='line_1_4' title="bbox 96 512 1055 609; baseline -0.016 -19"><span class='ocrx_word' id='word_1_22' title='bbox 96 530 195 609; x_wconf 85' lang='lat' dir='ltr'>atque</span> <span class='ocrx_word' id='word_1_23' title='bbox 218 524 253 587; x_wconf 88' lang='lat' dir='ltr'>in</span> <span class='ocrx_word' id='word_1_24' title='bbox 275 522 362 605; x_wconf 83' lang='lat' dir='ltr'>foro,</span> <span class='ocrx_word' id='word_1_25' title='bbox 384 525 419 586; x_wconf 90' lang='lat' dir='ltr'>at</span> <span class='ocrx_word' id='word_1_26' title='bbox 441 521 476 584; x_wconf 87' lang='lat' dir='ltr'>in</span> <span class='ocrx_word' id='word_1_27' title='bbox 498 517 615 582; x_wconf 87' lang='lat' dir='ltr'>litteris</span> <span class='ocrx_word' id='word_1_28' title='bbox 638 520 671 581; x_wconf 83' lang='lat' dir='ltr'>et</span> <span class='ocrx_word' id='word_1_29' title='bbox 692 516 797 599; x_wconf 91' lang='lat' dir='ltr'>libris,</span> <span class='ocrx_word' id='word_1_30' title='bbox 817 518 856 578; x_wconf 91' lang='lat' dir='ltr'>ut</span> <span class='ocrx_word' id='word_1_31' title='bbox 878 512 1055 578; x_wconf 76' lang='lat' dir='ltr'><strong>doctissimi</strong></span> 
     </span>
     <span class='ocr_line' id='line_1_5' title="bbox 94 601 1055 694; baseline -0.014 -17"><span class='ocrx_word' id='word_1_32' title='bbox 94 616 222 677; x_wconf 87' lang='lat' dir='ltr'>veteres</span> <span class='ocrx_word' id='word_1_33' title='bbox 253 611 414 694; x_wconf 85' lang='lat' dir='ltr'>fecerunt,</span> <span class='ocrx_word' id='word_1_34' title='bbox 447 607 626 694; x_wconf 82' lang='lat' dir='ltr'>gubernare</span> <span class='ocrx_word' id='word_1_35' title='bbox 658 626 726 669; x_wconf 88' lang='lat' dir='ltr'>rem</span> <span class='ocrx_word' id='word_1_36' title='bbox 757 603 920 687; x_wconf 80' lang='lat' dir='ltr'><strong>publicam</strong></span> <span class='ocrx_word' id='word_1_37' title='bbox 952 606 985 665; x_wconf 92' lang='lat' dir='ltr'>et</span> <span class='ocrx_word' id='word_1_38' title='bbox 1016 601 1055 664; x_wconf 88' lang='lat' dir='ltr'>de</span> 
     </span>
     <span class='ocr_line' id='line_1_6' title="bbox 95 690 1055 783; baseline -0.015 -17"><span class='ocrx_word' id='word_1_39' title='bbox 95 701 242 767; x_wconf 88' lang='lat' dir='ltr'>moribus</span> <span class='ocrx_word' id='word_1_40' title='bbox 266 720 303 763; x_wconf 90' lang='lat' dir='ltr'>ac</span> <span class='ocrx_word' id='word_1_41' title='bbox 325 698 452 783; x_wconf 82' lang='lat' dir='ltr'>legibus</span> <span class='ocrx_word' id='word_1_42' title='bbox 475 714 636 780; x_wconf 82' lang='lat' dir='ltr'>quaerere.</span> <span class='ocrx_word' id='word_1_43' title='bbox 685 691 768 756; x_wconf 89' lang='lat' dir='ltr'><strong>Mihi</strong></span> <span class='ocrx_word' id='word_1_44' title='bbox 790 692 870 757; x_wconf 91' lang='lat' dir='ltr'>haec</span> <span class='ocrx_word' id='word_1_45' title='bbox 892 690 1055 755; x_wconf 85' lang='lat' dir='ltr'>videntur:</span> 
     </span>
     <span class='ocr_line' id='line_1_7' title="bbox 95 781 1057 873; baseline -0.014 -19"><span class='ocrx_word' id='word_1_46' title='bbox 95 795 134 855; x_wconf 89' lang='lat' dir='ltr'>tu</span> <span class='ocrx_word' id='word_1_47' title='bbox 158 788 237 873; x_wconf 91' lang='lat' dir='ltr'>quid</span> <span class='ocrx_word' id='word_1_48' title='bbox 258 787 304 851; x_wconf 89' lang='lat' dir='ltr'>sis</span> <span class='ocrx_word' id='word_1_49' title='bbox 326 791 456 851; x_wconf 87' lang='lat' dir='ltr'>acturus</span> <span class='ocrx_word' id='word_1_50' title='bbox 480 788 512 848; x_wconf 91' lang='lat' dir='ltr'>et</span> <span class='ocrx_word' id='word_1_51' title='bbox 535 783 611 867; x_wconf 88' lang='lat' dir='ltr'>quid</span> <span class='ocrx_word' id='word_1_52' title='bbox 633 781 694 846; x_wconf 88' lang='lat' dir='ltr'>tibi</span> <span class='ocrx_word' id='word_1_53' title='bbox 711 781 847 865; x_wconf 69' lang='lat' dir='ltr'>placeat</span> <span class='ocrx_word' id='word_1_54' title='bbox 869 782 1057 866; x_wconf 79' lang='lat' dir='ltr'>pergratum</span> 
     </span>
     <span class='ocr_line' id='line_1_8' title="bbox 97 872 555 961; baseline -0.015 -20"><span class='ocrx_word' id='word_1_55' title='bbox 97 877 170 961; x_wconf 91' lang='lat' dir='ltr'>erit,</span> <span class='ocrx_word' id='word_1_56' title='bbox 192 877 220 940; x_wconf 91' lang='lat' dir='ltr'>si</span> <span class='ocrx_word' id='word_1_57' title='bbox 244 874 284 939; x_wconf 91' lang='lat' dir='ltr'>ad</span> <span class='ocrx_word' id='word_1_58' title='bbox 307 897 358 939; x_wconf 88' lang='lat' dir='ltr'>ma</span> <span class='ocrx_word' id='word_1_59' title='bbox 383 872 555 958; x_wconf 80' lang='lat' dir='ltr'>scripseris</span> 
     </span>
    </p>
   </div>
   <div class='ocr_carea' id='block_1_3' title="bbox 548 1078 608 1147">
    <p class='ocr_par' dir='ltr' id='par_1_3' title="bbox 548 1078 608 1147">
     <span class='ocr_line' id='line_1_9' title="bbox 548 1078 608 1147; baseline -0.033 0"><span class='ocrx_word' id='word_1_60' title='bbox 548 1078 608 1147; x_wconf 94' lang='grc' dir='ltr'>ΠΙ.</span> 
     </span>
    </p>
   </div>
   <div class='ocr_carea' id='block_1_4' title="bbox 143 1201 945 1271">
    <p class='ocr_par' dir='ltr' id='par_1_4' title="bbox 143 1201 945 1271">
     <span class='ocr_line' id='line_1_10' title="bbox 143 1201 945 1271; baseline -0.009 -6"><span class='ocrx_word' id='word_1_61' title='bbox 143 1258 147 1265; x_wconf 94' lang='grc'><strong><em>,</em></strong></span> <span class='ocrx_word' id='word_1_62' title='bbox 213 1205 269 1259; x_wconf 86' lang='lat' dir='ltr'>Sor.</span> <span class='ocrx_word' id='word_1_63' title='bbox 290 1205 396 1259; x_wconf 81' lang='lat' dir='ltr'>Romae</span> <span class='ocrx_word' id='word_1_64' title='bbox 414 1203 506 1259; x_wconf 86' lang='lat' dir='ltr'>medio</span> <span class='ocrx_word' id='word_1_65' title='bbox 524 1218 619 1258; x_wconf 84' lang='lat' dir='ltr'>mense</span> <span class='ocrx_word' id='word_1_66' title='bbox 636 1201 731 1271; x_wconf 82' lang='lat' dir='ltr'><strong>Aprili</strong></span> <span class='ocrx_word' id='word_1_67' title='bbox 749 1217 774 1254; x_wconf 88' lang='lat' dir='ltr'>a.</span> <span class='ocrx_word' id='word_1_68' title='bbox 794 1219 820 1255; x_wconf 90' lang='lat' dir='ltr'>u.</span> <span class='ocrx_word' id='word_1_69' title='bbox 840 1216 863 1255; x_wconf 90' lang='lat' dir='ltr'>c.</span> <span class='ocrx_word' id='word_1_70' title='bbox 884 1205 945 1258; x_wconf 65' lang='lat'><strong>708.</strong></span> 
     </span>
    </p>
   </div>
   <div class='ocr_carea' id='block_1_5' title="bbox 416 1332 739 1389">
    <p class='ocr_par' dir='ltr' id='par_1_5' title="bbox 416 1332 739 1389">
     <span class='ocr_line' id='line_1_11' title="bbox 416 1332 739 1389; baseline -0.006 0"><span class='ocrx_word' id='word_1_71' title='bbox 416 1332 544 1389; x_wconf 80' lang='lat' dir='ltr'>CICERO</span> <span class='ocrx_word' id='word_1_72' title='bbox 563 1332 739 1389; x_wconf 82' lang='lat' dir='ltr'><strong>VARRONI.</strong></span> 
     </span>
    </p>
   </div>
   <div class='ocr_carea' id='block_1_6' title="bbox 45 1430 1094 3109">
    <p class='ocr_par' dir='ltr' id='par_1_6' title="bbox 45 1430 1094 3109">
     <span class='ocr_line' id='line_1_12' title="bbox 101 1430 1090 1519; baseline -0.002 -18"><span class='ocrx_word' id='word_1_73' title='bbox 101 1506 104 1511; x_wconf 66' lang='grc'><strong>,</strong></span> <span class='ocrx_word' id='word_1_74' title='bbox 166 1432 251 1519; x_wconf 80' lang='lat' dir='ltr'>Etsi,</span> <span class='ocrx_word' id='word_1_75' title='bbox 273 1435 350 1519; x_wconf 85' lang='lat' dir='ltr'>quid</span> <span class='ocrx_word' id='word_1_76' title='bbox 373 1435 554 1518; x_wconf 85' lang='lat' dir='ltr'>scriberem,</span> <span class='ocrx_word' id='word_1_77' title='bbox 581 1456 649 1499; x_wconf 89' lang='lat' dir='ltr'>non</span> <span class='ocrx_word' id='word_1_78' title='bbox 671 1434 844 1518; x_wconf 82' lang='lat' dir='ltr'>habebam,</span> <span class='ocrx_word' id='word_1_79' title='bbox 866 1438 976 1501; x_wconf 85' lang='lat' dir='ltr'>tamen</span> <span class='ocrx_word' id='word_1_80' title='bbox 1000 1430 1090 1499; x_wconf 68' lang='lat' dir='ltr'>(ta-1</span> 
     </span>
     <span class='ocr_line' id='line_1_13' title="bbox 99 1520 1058 1609; baseline -0.002 -20"><span class='ocrx_word' id='word_1_81' title='bbox 99 1522 193 1607; x_wconf 68' lang='lat' dir='ltr'>pinio</span> <span class='ocrx_word' id='word_1_82' title='bbox 216 1522 257 1587; x_wconf 88' lang='lat' dir='ltr'>ad</span> <span class='ocrx_word' id='word_1_83' title='bbox 279 1526 313 1589; x_wconf 87' lang='lat' dir='ltr'>tc</span> <span class='ocrx_word' id='word_1_84' title='bbox 336 1524 426 1588; x_wconf 88' lang='lat' dir='ltr'>eunti</span> <span class='ocrx_word' id='word_1_85' title='bbox 448 1545 516 1589; x_wconf 84' lang='lat' dir='ltr'>non</span> <span class='ocrx_word' id='word_1_86' title='bbox 537 1522 630 1607; x_wconf 86' lang='lat' dir='ltr'>potui</span> <span class='ocrx_word' id='word_1_87' title='bbox 653 1522 735 1587; x_wconf 87' lang='lat' dir='ltr'>nihil</span> <span class='ocrx_word' id='word_1_88' title='bbox 753 1522 839 1589; x_wconf 82' lang='lat' dir='ltr'>dare.</span> <span class='ocrx_word' id='word_1_89' title='bbox 875 1520 959 1599; x_wconf 81' lang='lat' dir='ltr'>Quid</span> <span class='ocrx_word' id='word_1_90' title='bbox 981 1544 1058 1609; x_wconf 82' lang='lat' dir='ltr'>ergo</span> 
     </span>
     <span class='ocr_line' id='line_1_14' title="bbox 100 1610 1059 1699; baseline -0.003 -21"><span class='ocrx_word' id='word_1_91' title='bbox 100 1610 307 1699; x_wconf 82' lang='lat' dir='ltr'>potissimum</span> <span class='ocrx_word' id='word_1_92' title='bbox 329 1610 490 1681; x_wconf 74' lang='lat' dir='ltr'>scribam?</span> <span class='ocrx_word' id='word_1_93' title='bbox 522 1610 607 1696; x_wconf 89' lang='lat' dir='ltr'>quod</span> <span class='ocrx_word' id='word_1_94' title='bbox 630 1612 711 1677; x_wconf 88' lang='lat' dir='ltr'>velle</span> <span class='ocrx_word' id='word_1_95' title='bbox 738 1614 771 1677; x_wconf 91' lang='lat' dir='ltr'>te</span> <span class='ocrx_word' id='word_1_96' title='bbox 800 1616 894 1697; x_wconf 89' lang='lat' dir='ltr'>puto,</span> <span class='ocrx_word' id='word_1_97' title='bbox 920 1612 985 1678; x_wconf 89' lang='lat' dir='ltr'>cito</span> <span class='ocrx_word' id='word_1_98' title='bbox 1007 1634 1059 1675; x_wconf 91' lang='lat' dir='ltr'>me</span> 
     </span>
     <span class='ocr_line' id='line_1_15' title="bbox 100 1698 1059 1785; baseline -0.002 -20.01"><span class='ocrx_word' id='word_1_99' title='bbox 100 1700 144 1767; x_wconf 86' lang='lat' dir='ltr'>ad</span> <span class='ocrx_word' id='word_1_100' title='bbox 174 1702 208 1777; x_wconf 86' lang='lat' dir='ltr'>te</span> <span class='ocrx_word' id='word_1_101' title='bbox 240 1721 309 1765; x_wconf 89' lang='lat' dir='ltr'>esse</span> <span class='ocrx_word' id='word_1_102' title='bbox 342 1704 527 1783; x_wconf 81' lang='lat' dir='ltr'>venturum3</span> <span class='ocrx_word' id='word_1_103' title='bbox 563 1700 624 1765; x_wconf 90' lang='lat' dir='ltr'>etsi</span> <span class='ocrx_word' id='word_1_104' title='bbox 650 1698 736 1783; x_wconf 83' lang='lat' dir='ltr'>vide,</span> <span class='ocrx_word' id='word_1_105' title='bbox 773 1722 907 1785; x_wconf 87' lang='lat' dir='ltr'>quaeso,</span> <span class='ocrx_word' id='word_1_106' title='bbox 938 1700 1059 1765; x_wconf 86' lang='lat' dir='ltr'>satisne</span> 
     </span>
     <span class='ocr_line' id='line_1_16' title="bbox 100 1788 1058 1873; baseline -0.007 -15"><span class='ocrx_word' id='word_1_107' title='bbox 100 1792 226 1871; x_wconf 80' lang='lat' dir='ltr'>rectum</span> <span class='ocrx_word' id='word_1_108' title='bbox 249 1788 293 1853; x_wconf 91' lang='lat' dir='ltr'>sit</span> <span class='ocrx_word' id='word_1_109' title='bbox 314 1810 374 1853; x_wconf 89' lang='lat' dir='ltr'>nos</span> <span class='ocrx_word' id='word_1_110' title='bbox 396 1789 459 1853; x_wconf 91' lang='lat' dir='ltr'>hoc</span> <span class='ocrx_word' id='word_1_111' title='bbox 481 1790 574 1853; x_wconf 85' lang='lat' dir='ltr'>tanto</span> <span class='ocrx_word' id='word_1_112' title='bbox 597 1788 746 1853; x_wconf 90' lang='lat' dir='ltr'>incendio</span> <span class='ocrx_word' id='word_1_113' title='bbox 769 1788 908 1853; x_wconf 86' lang='lat' dir='ltr'>civitatis</span> <span class='ocrx_word' id='word_1_114' title='bbox 931 1788 967 1873; x_wconf 74' lang='lat' dir='ltr'>iu</span> <span class='ocrx_word' id='word_1_115' title='bbox 988 1788 1058 1852; x_wconf 89' lang='lat' dir='ltr'>istis</span> 
     </span>
     <span class='ocr_line' id='line_1_17' title="bbox 100 1874 1058 1959; baseline 0 -18"><span class='ocrx_word' id='word_1_116' title='bbox 100 1877 182 1943; x_wconf 87' lang='lat' dir='ltr'>locis</span> <span class='ocrx_word' id='word_1_117' title='bbox 205 1897 287 1942; x_wconf 90' lang='lat' dir='ltr'>esse:</span> <span class='ocrx_word' id='word_1_118' title='bbox 312 1875 459 1940; x_wconf 79' lang='lat' dir='ltr'><strong>dabimus</strong></span> <span class='ocrx_word' id='word_1_119' title='bbox 483 1897 664 1940; x_wconf 87' lang='lat' dir='ltr'>sermonem</span> <span class='ocrx_word' id='word_1_120' title='bbox 686 1874 735 1959; x_wconf 89' lang='lat' dir='ltr'>iis,</span> <span class='ocrx_word' id='word_1_121' title='bbox 758 1876 812 1958; x_wconf 90' lang='lat' dir='ltr'>qui</span> <span class='ocrx_word' id='word_1_122' title='bbox 830 1876 979 1939; x_wconf 86' lang='lat' dir='ltr'>nesciunt</span> <span class='ocrx_word' id='word_1_123' title='bbox 1001 1898 1058 1941; x_wconf 91' lang='lat' dir='ltr'>no·</span> 
     </span>
     <span class='ocr_line' id='line_1_18' title="bbox 101 1962 1059 2049; baseline -0.003 -19"><span class='ocrx_word' id='word_1_124' title='bbox 101 1966 167 2049; x_wconf 84' lang='lat' dir='ltr'>bis,</span> <span class='ocrx_word' id='word_1_125' title='bbox 203 1985 402 2048; x_wconf 87' lang='lat' dir='ltr'>quocumque</span> <span class='ocrx_word' id='word_1_126' title='bbox 438 1964 473 2027; x_wconf 90' lang='lat' dir='ltr'>in</span> <span class='ocrx_word' id='word_1_127' title='bbox 505 1965 575 2028; x_wconf 91' lang='lat' dir='ltr'>loco</span> <span class='ocrx_word' id='word_1_128' title='bbox 609 1963 723 2046; x_wconf 87' lang='lat' dir='ltr'>simus,</span> <span class='ocrx_word' id='word_1_129' title='bbox 759 1962 896 2027; x_wconf 86' lang='lat' dir='ltr'>eundem</span> <span class='ocrx_word' id='word_1_130' title='bbox 928 1964 1059 2048; x_wconf 89' lang='lat' dir='ltr'>cultum,</span> 
     </span>
     <span class='ocr_line' id='line_1_19' title="bbox 101 2049 1058 2135; baseline -0.001 -18"><span class='ocrx_word' id='word_1_131' title='bbox 101 2052 241 2118; x_wconf 90' lang='lat' dir='ltr'>eundem</span> <span class='ocrx_word' id='word_1_132' title='bbox 263 2053 383 2117; x_wconf 87' lang='lat' dir='ltr'>victum</span> <span class='ocrx_word' id='word_1_133' title='bbox 407 2073 484 2116; x_wconf 88' lang='lat' dir='ltr'>esse.</span> <span class='ocrx_word' id='word_1_134' title='bbox 528 2049 631 2135; x_wconf 80' lang='lat' dir='ltr'>„Quid</span> <span class='ocrx_word' id='word_1_135' title='bbox 653 2049 773 2115; x_wconf 79' lang='lat' dir='ltr'>refert?</span> <span class='ocrx_word' id='word_1_136' title='bbox 800 2055 911 2115; x_wconf 87' lang='lat' dir='ltr'>tamen</span> <span class='ocrx_word' id='word_1_137' title='bbox 937 2052 972 2116; x_wconf 91' lang='lat' dir='ltr'>in</span> <span class='ocrx_word' id='word_1_138' title='bbox 995 2074 1058 2116; x_wconf 91' lang='lat' dir='ltr'>ser·</span> 
     </span>
     <span class='ocr_line' id='line_1_20' title="bbox 101 2138 1059 2223; baseline -0.001 -18"><span class='ocrx_word' id='word_1_139' title='bbox 101 2162 232 2207; x_wconf 90' lang='lat' dir='ltr'>monem</span> <span class='ocrx_word' id='word_1_140' title='bbox 259 2138 464 2204; x_wconf 84' lang='lat' dir='ltr'>incidemus“.</span> <span class='ocrx_word' id='word_1_141' title='bbox 508 2138 612 2203; x_wconf 83' lang='lat' dir='ltr'>Valde</span> <span class='ocrx_word' id='word_1_142' title='bbox 634 2139 681 2222; x_wconf 88' lang='lat' dir='ltr'>id,</span> <span class='ocrx_word' id='word_1_143' title='bbox 711 2138 819 2223; x_wconf 87' lang='lat' dir='ltr'>credo,</span> <span class='ocrx_word' id='word_1_144' title='bbox 845 2139 1059 2206; x_wconf 89' lang='lat' dir='ltr'>laborandum</span> 
     </span>
     <span class='ocr_line' id='line_1_21' title="bbox 102 2227 1059 2314; baseline 0 -20"><span class='ocrx_word' id='word_1_145' title='bbox 102 2233 166 2313; x_wconf 90' lang='lat' dir='ltr'>est,</span> <span class='ocrx_word' id='word_1_146' title='bbox 188 2250 243 2313; x_wconf 90' lang='lat' dir='ltr'>ne,</span> <span class='ocrx_word' id='word_1_147' title='bbox 273 2251 372 2313; x_wconf 91' lang='lat' dir='ltr'>quum</span> <span class='ocrx_word' id='word_1_148' title='bbox 395 2249 506 2293; x_wconf 89' lang='lat' dir='ltr'>omnes</span> <span class='ocrx_word' id='word_1_149' title='bbox 528 2227 564 2291; x_wconf 89' lang='lat' dir='ltr'>in</span> <span class='ocrx_word' id='word_1_150' title='bbox 587 2228 676 2293; x_wconf 88' lang='lat' dir='ltr'>omni</span> <span class='ocrx_word' id='word_1_151' title='bbox 703 2248 820 2314; x_wconf 81' lang='lat' dir='ltr'>genere</span> <span class='ocrx_word' id='word_1_152' title='bbox 848 2231 881 2292; x_wconf 90' lang='lat' dir='ltr'>et</span> <span class='ocrx_word' id='word_1_153' title='bbox 904 2230 1059 2294; x_wconf 88' lang='lat' dir='ltr'>scelerum</span> 
     </span>
     <span class='ocr_line' id='line_1_22' title="bbox 102 2316 1060 2403; baseline -0.002 -20"><span class='ocrx_word' id='word_1_154' title='bbox 102 2321 136 2383; x_wconf 84' lang='lat' dir='ltr'>st</span> <span class='ocrx_word' id='word_1_155' title='bbox 153 2316 352 2403; x_wconf 81' lang='lat' dir='ltr'>flagitiorum</span> <span class='ocrx_word' id='word_1_156' title='bbox 369 2318 564 2400; x_wconf 73' lang='lat' dir='ltr'>volutentur,</span> <span class='ocrx_word' id='word_1_157' title='bbox 583 2319 696 2381; x_wconf 85' lang='lat' dir='ltr'>nostra</span> <span class='ocrx_word' id='word_1_158' title='bbox 713 2317 883 2383; x_wconf 89' lang='lat' dir='ltr'>nobiscum</span> <span class='ocrx_word' id='word_1_159' title='bbox 900 2322 957 2383; x_wconf 85' lang='lat' dir='ltr'>aut</span> <span class='ocrx_word' id='word_1_160' title='bbox 974 2319 1060 2381; x_wconf 82' lang='lat' dir='ltr'>inter</span> 
     </span>
     <span class='ocr_line' id='line_1_23' title="bbox 101 2405 1094 2491; baseline 0.002 -18"><span class='ocrx_word' id='word_1_161' title='bbox 101 2426 164 2473; x_wconf 81' lang='lat' dir='ltr'>nos</span> <span class='ocrx_word' id='word_1_162' title='bbox 191 2405 328 2491; x_wconf 87' lang='lat' dir='ltr'>cessatio</span> <span class='ocrx_word' id='word_1_163' title='bbox 355 2405 563 2491; x_wconf 79' lang='lat' dir='ltr'>vituperetur.</span> <span class='ocrx_word' id='word_1_164' title='bbox 611 2410 681 2490; x_wconf 80' lang='lat' dir='ltr'>Ego</span> <span class='ocrx_word' id='word_1_165' title='bbox 708 2427 784 2471; x_wconf 87' lang='lat' dir='ltr'>vero</span> <span class='ocrx_word' id='word_1_166' title='bbox 811 2407 959 2490; x_wconf 86' lang='lat' dir='ltr'>neglecta</span> <span class='ocrx_word' id='word_1_167' title='bbox 986 2407 1094 2475; x_wconf 78' lang='lat' dir='ltr'>bar-a</span> 
     </span>
     <span class='ocr_line' id='line_1_24' title="bbox 102 2492 1059 2579; baseline 0 -20"><span class='ocrx_word' id='word_1_168' title='bbox 102 2492 255 2559; x_wconf 78' lang='lat' dir='ltr'>batorum</span> <span class='ocrx_word' id='word_1_169' title='bbox 273 2493 402 2559; x_wconf 80' lang='lat' dir='ltr'>inscitia</span> <span class='ocrx_word' id='word_1_170' title='bbox 417 2515 606 2579; x_wconf 78' lang='lat' dir='ltr'>persequar3</span> <span class='ocrx_word' id='word_1_171' title='bbox 627 2494 773 2578; x_wconf 83' lang='lat' dir='ltr'>quamvis</span> <span class='ocrx_word' id='word_1_172' title='bbox 791 2495 878 2561; x_wconf 86' lang='lat' dir='ltr'>enim</span> <span class='ocrx_word' id='word_1_173' title='bbox 896 2495 963 2558; x_wconf 87' lang='lat' dir='ltr'>sint</span> <span class='ocrx_word' id='word_1_174' title='bbox 979 2494 1059 2559; x_wconf 82' lang='lat' dir='ltr'>haec</span> 
     </span>
     <span class='ocr_line' id='line_1_25' title="bbox 45 2582 1059 2667; baseline 0.006 -26"><span class='ocrx_word' id='word_1_175' title='bbox 45 2634 49 2641; x_wconf 95' lang='lat'>.</span> <span class='ocrx_word' id='word_1_176' title='bbox 102 2582 238 2666; x_wconf 82' lang='lat' dir='ltr'>misera„</span> <span class='ocrx_word' id='word_1_177' title='bbox 260 2604 343 2666; x_wconf 88' lang='lat' dir='ltr'>quae</span> <span class='ocrx_word' id='word_1_178' title='bbox 366 2586 443 2646; x_wconf 88' lang='lat' dir='ltr'>sunt</span> <span class='ocrx_word' id='word_1_179' title='bbox 463 2583 656 2667; x_wconf 90' lang='lat' dir='ltr'>miserrima,</span> <span class='ocrx_word' id='word_1_180' title='bbox 681 2586 791 2647; x_wconf 88' lang='lat' dir='ltr'>tamen</span> <span class='ocrx_word' id='word_1_181' title='bbox 820 2585 909 2647; x_wconf 83' lang='lat' dir='ltr'>artes</span> <span class='ocrx_word' id='word_1_182' title='bbox 928 2585 1059 2647; x_wconf 84' lang='lat' dir='ltr'>nostrae</span> 
     </span>
     <span class='ocr_line' id='line_1_26' title="bbox 99 2670 1059 2755; baseline -0.002 -17"><span class='ocrx_word' id='word_1_183' title='bbox 99 2670 212 2755; x_wconf 76' lang='lat' dir='ltr'>,acacio</span> <span class='ocrx_word' id='word_1_184' title='bbox 241 2692 305 2755; x_wconf 89' lang='lat' dir='ltr'>quo</span> <span class='ocrx_word' id='word_1_185' title='bbox 331 2670 428 2735; x_wconf 87' lang='lat' dir='ltr'>modo</span> <span class='ocrx_word' id='word_1_186' title='bbox 455 2693 542 2736; x_wconf 89' lang='lat' dir='ltr'>nunc</span> <span class='ocrx_word' id='word_1_187' title='bbox 568 2670 734 2737; x_wconf 87' lang='lat' dir='ltr'>uberiores</span> <span class='ocrx_word' id='word_1_188' title='bbox 755 2670 880 2735; x_wconf 88' lang='lat' dir='ltr'>fructus</span> <span class='ocrx_word' id='word_1_189' title='bbox 906 2670 991 2735; x_wconf 79' lang='lat' dir='ltr'>ferre</span> <span class='ocrx_word' id='word_1_190' title='bbox 1014 2671 1059 2736; x_wconf 87' lang='lat' dir='ltr'>vi·</span> 
     </span>
     <span class='ocr_line' id='line_1_27' title="bbox 103 2758 1060 2845; baseline 0.001 -22"><span class='ocrx_word' id='word_1_191' title='bbox 103 2758 235 2845; x_wconf 84' lang='lat' dir='ltr'>deutur,</span> <span class='ocrx_word' id='word_1_192' title='bbox 261 2780 359 2843; x_wconf 87' lang='lat' dir='ltr'>quam</span> <span class='ocrx_word' id='word_1_193' title='bbox 381 2759 458 2825; x_wconf 91' lang='lat' dir='ltr'>olim</span> <span class='ocrx_word' id='word_1_194' title='bbox 479 2759 641 2843; x_wconf 86' lang='lat' dir='ltr'>ferebant,</span> <span class='ocrx_word' id='word_1_195' title='bbox 673 2760 739 2825; x_wconf 83' lang='lat' dir='ltr'>sive</span> <span class='ocrx_word' id='word_1_196' title='bbox 763 2759 839 2843; x_wconf 91' lang='lat' dir='ltr'>quia</span> <span class='ocrx_word' id='word_1_197' title='bbox 860 2759 951 2825; x_wconf 86' lang='lat' dir='ltr'>nulla</span> <span class='ocrx_word' id='word_1_198' title='bbox 972 2781 1060 2824; x_wconf 86' lang='lat' dir='ltr'>nuno</span> 
     </span>
     <span class='ocr_line' id='line_1_28' title="bbox 101 2845 1059 2932; baseline 0 -21"><span class='ocrx_word' id='word_1_199' title='bbox 101 2845 139 2911; x_wconf 82' lang='lat' dir='ltr'>iu</span> <span class='ocrx_word' id='word_1_200' title='bbox 160 2869 195 2912; x_wconf 89' lang='lat' dir='ltr'>re</span> <span class='ocrx_word' id='word_1_201' title='bbox 220 2847 284 2911; x_wconf 87' lang='lat' dir='ltr'>alia</span> <span class='ocrx_word' id='word_1_202' title='bbox 297 2847 550 2931; x_wconf 88' lang='lat' dir='ltr'>acquiescimus,</span> <span class='ocrx_word' id='word_1_203' title='bbox 577 2847 644 2913; x_wconf 83' lang='lat' dir='ltr'>sive</span> <span class='ocrx_word' id='word_1_204' title='bbox 671 2847 757 2931; x_wconf 90' lang='lat' dir='ltr'>quod</span> <span class='ocrx_word' id='word_1_205' title='bbox 785 2847 928 2932; x_wconf 85' lang='lat' dir='ltr'>gravitas</span> <span class='ocrx_word' id='word_1_206' title='bbox 954 2849 1059 2914; x_wconf 85' lang='lat' dir='ltr'>morbi</span> 
     </span>
     <span class='ocr_line' id='line_1_29' title="bbox 102 2934 1060 3022; baseline -0.001 -21"><span class='ocrx_word' id='word_1_207' title='bbox 102 2934 195 3021; x_wconf 81' lang='lat' dir='ltr'>facit,</span> <span class='ocrx_word' id='word_1_208' title='bbox 222 2940 261 3001; x_wconf 89' lang='lat' dir='ltr'>ut</span> <span class='ocrx_word' id='word_1_209' title='bbox 282 2935 459 3001; x_wconf 82' lang='lat' dir='ltr'>medicinae</span> <span class='ocrx_word' id='word_1_210' title='bbox 483 2955 633 3018; x_wconf 83' lang='lat' dir='ltr'>egeamus</span> <span class='ocrx_word' id='word_1_211' title='bbox 657 2956 757 3019; x_wconf 87' lang='lat' dir='ltr'>eaque</span> <span class='ocrx_word' id='word_1_212' title='bbox 786 2957 874 3005; x_wconf 88' lang='lat' dir='ltr'>nuuc</span> <span class='ocrx_word' id='word_1_213' title='bbox 895 2940 1060 3022; x_wconf 86' lang='lat' dir='ltr'>appareat,</span> 
     </span>
     <span class='ocr_line' id='line_1_30' title="bbox 103 3021 1059 3109; baseline -0.001 -22"><span class='ocrx_word' id='word_1_214' title='bbox 103 3023 195 3089; x_wconf 89' lang='lat' dir='ltr'>cuius</span> <span class='ocrx_word' id='word_1_215' title='bbox 217 3024 284 3089; x_wconf 81' lang='lat' dir='ltr'>rim</span> <span class='ocrx_word' id='word_1_216' title='bbox 305 3044 374 3088; x_wconf 84' lang='lat' dir='ltr'>non</span> <span class='ocrx_word' id='word_1_217' title='bbox 397 3021 625 3107; x_wconf 87' lang='lat' dir='ltr'>sentiebamus,</span> <span class='ocrx_word' id='word_1_218' title='bbox 646 3044 746 3109; x_wconf 89' lang='lat' dir='ltr'>quum</span> <span class='ocrx_word' id='word_1_219' title='bbox 768 3024 963 3091; x_wconf 83' lang='lat' dir='ltr'>valebamus.</span> <span class='ocrx_word' id='word_1_220' title='bbox 996 3022 1059 3087; x_wconf 83' lang='lat' dir='ltr'>Sed</span> 
     </span>
    </p>
   </div>
   <div class='ocr_carea' id='block_1_7' title="bbox 96 3247 1059 3598">
    <p class='ocr_par' dir='ltr' id='par_1_7' title="bbox 96 3247 1059 3598">
     <span class='ocr_line' id='line_1_31' title="bbox 131 3247 1059 3320; baseline -0.001 -17"><span class='ocrx_word' id='word_1_221' title='bbox 131 3260 134 3265; x_wconf 85' lang='lat'>&#39;</span> <span class='ocrx_word' id='word_1_222' title='bbox 172 3248 314 3316; x_wconf 76' lang='lat' dir='ltr'>E‚3,1.</span> <span class='ocrx_word' id='word_1_223' title='bbox 356 3247 601 3318; x_wconf 74' lang='lat' dir='ltr'>Etsi,quodscr.</span> <span class='ocrx_word' id='word_1_224' title='bbox 625 3248 729 3320; x_wconf 47' lang='lat' dir='ltr'>(Emit</span> <span class='ocrx_word' id='word_1_225' title='bbox 771 3251 817 3304; x_wconf 83' lang='lat' dir='ltr'>An</span> <span class='ocrx_word' id='word_1_226' title='bbox 835 3250 1059 3317; x_wconf 76' lang='lat' dir='ltr'>E.,aooipaod</span> 
     </span>
     <span class='ocr_line' id='line_1_32' title="bbox 101 3319 1059 3390; baseline -0.001 -16"><span class='ocrx_word' id='word_1_227' title='bbox 101 3334 152 3374; x_wconf 79' lang='lat' dir='ltr'>scr.</span> <span class='ocrx_word' id='word_1_228' title='bbox 229 3321 264 3387; x_wconf 83' lang='lat'>.)?</span> <span class='ocrx_word' id='word_1_229' title='bbox 309 3319 346 3372; x_wconf 83' lang='lat' dir='ltr'>E.</span> <span class='ocrx_word' id='word_1_230' title='bbox 352 3361 361 3387; x_wconf 91' lang='lat'>,</span> <span class='ocrx_word' id='word_1_231' title='bbox 388 3319 455 3389; x_wconf 75' lang='lat' dir='ltr'>quid</span> <span class='ocrx_word' id='word_1_232' title='bbox 477 3336 528 3375; x_wconf 80' lang='lat' dir='ltr'>scr.</span> <span class='ocrx_word' id='word_1_233' title='bbox 551 3320 618 3375; x_wconf 85' lang='grc' dir='ltr'>ΜΒ.</span> <span class='ocrx_word' id='word_1_234' title='bbox 647 3350 680 3360; x_wconf 86' lang='grc'>-</span> <span class='ocrx_word' id='word_1_235' title='bbox 708 3321 803 3390; x_wconf 76' lang='lat' dir='ltr'>„Quid</span> <span class='ocrx_word' id='word_1_236' title='bbox 890 3320 1059 3374; x_wconf 70' lang='lat' dir='ltr'>incidemud‘</span> 
     </span>
     <span class='ocr_line' id='line_1_33' title="bbox 101 3388 1059 3461; baseline 0.001 -18"><span class='ocrx_word' id='word_1_237' title='bbox 101 3388 186 3457; x_wconf 48' lang='lat' dir='ltr'>(wis</span> <span class='ocrx_word' id='word_1_238' title='bbox 229 3390 303 3460; x_wconf 77' lang='lat' dir='ltr'>Quid</span> <span class='ocrx_word' id='word_1_239' title='bbox 322 3433 327 3444; x_wconf 93' lang='lat'><em>.</em></span> <span class='ocrx_word' id='word_1_240' title='bbox 344 3433 350 3444; x_wconf 89' lang='lat'><strong>.</strong></span> <span class='ocrx_word' id='word_1_241' title='bbox 367 3431 372 3443; x_wconf 94' lang='lat'><em>.</em></span> <span class='ocrx_word' id='word_1_242' title='bbox 391 3392 445 3445; x_wconf 79' lang='lat' dir='ltr'>iac.</span> <span class='ocrx_word' id='word_1_243' title='bbox 473 3391 567 3461; x_wconf 81' lang='lat' dir='ltr'>vulgo.</span> <span class='ocrx_word' id='word_1_244' title='bbox 619 3397 822 3460; x_wconf 58' lang='lat' dir='ltr'>marcescer</span> <span class='ocrx_word' id='word_1_245' title='bbox 848 3390 922 3458; x_wconf 62' lang='lat' dir='ltr'>(W).</span> <span class='ocrx_word' id='word_1_246' title='bbox 968 3406 1059 3458; x_wconf 83' lang='lat' dir='ltr'>perce·</span> 
     </span>
     <span class='ocr_line' id='line_1_34' title="bbox 96 3458 1054 3585; baseline 0 -70"><span class='ocrx_word' id='word_1_247' title='bbox 96 3460 265 3585; x_wconf 20' lang='lat' dir='ltr'>meli—Mb</span> <span class='ocrx_word' id='word_1_248' title='bbox 293 3468 322 3529; x_wconf 78' lang='lat' dir='ltr'>p.</span> <span class='ocrx_word' id='word_1_249' title='bbox 345 3466 371 3514; x_wconf 82' lang='lat' dir='ltr'>te</span> <span class='ocrx_word' id='word_1_250' title='bbox 393 3458 522 3530; x_wconf 65' lang='lat' dir='ltr'>cauea,</span> <span class='ocrx_word' id='word_1_251' title='bbox 541 3462 602 3528; x_wconf 77' lang='lat' dir='ltr'>B.)?</span> <span class='ocrx_word' id='word_1_252' title='bbox 627 3492 663 3501; x_wconf 91' lang='lat'>—</span> <span class='ocrx_word' id='word_1_253' title='bbox 689 3461 839 3515; x_wconf 69' lang='lat' dir='ltr'>medianas</span> <span class='ocrx_word' id='word_1_254' title='bbox 865 3460 930 3531; x_wconf 54' lang='lat' dir='ltr'>(M).</span> <span class='ocrx_word' id='word_1_255' title='bbox 975 3461 1054 3515; x_wconf 76' lang='lat' dir='ltr'>medi·</span> 
     </span>
     <span class='ocr_line' id='line_1_35' title="bbox 101 3546 223 3598; baseline 0 -14"><span class='ocrx_word' id='word_1_256' title='bbox 101 3546 166 3585; x_wconf 75' lang='lat' dir='ltr'>cana</span> <span class='ocrx_word' id='word_1_257' title='bbox 207 3570 223 3598; x_wconf 80' lang='lat'>„</span> 
     </span>
    </p>
   </div>
   <div class='ocr_carea' id='block_1_8' title="bbox 0 0 1196 3878">
    <p class='ocr_par' dir='ltr' id='par_1_8' title="bbox 0 0 1196 3878">
     <span class='ocr_line' id='line_1_36' title="bbox 0 0 1196 3878; baseline 0 0"><span class='ocrx_word' id='word_1_258' title='bbox 0 0 1196 3878; x_wconf 95' lang='lat' dir='ltr'> </span> 
     </span>
    </p>
   </div>
  </div>
 </body>
</html>
