2370 3878
181 159 243 221 194
463 158 500 212 Μ.
521 157 643 213 TULLII
661 157 851 215 CICERONIS

175 304 266 388 vulgi
294 305 390 385 atque
417 302 546 386 turbae,
575 303 743 368 delectatio
771 304 862 368 nulla
888 306 1024 389 exstitit3
1056 308 1139 390 quin

177 392 275 455 etiam
307 390 526 455 misericordia
557 390 715 475 quaedam
751 396 925 456 consecuta
961 396 1011 458 cet
1040 398 1137 479 atque

177 480 287 562 opinio
311 478 477 562 eiusmodi,
500 499 570 543 esse
593 479 755 562 quandam
778 480 826 544 illi
848 481 961 546 beluae
985 504 1059 547 cum
1084 505 1137 568 ge·

140 579 252 631 encre
280 568 423 632 humano
453 567 648 632 societatem.
696 567 758 631 His
786 589 847 653 ego
874 572 985 634 tamen
1014 570 1137 656 diebus,

176 677 218 720 ne
245 656 329 720 forte
357 655 467 719 videar
493 655 553 720 tibi
581 676 649 721 non
676 655 772 721 modo
804 656 933 742 beatus,
966 659 1023 723 sed
1054 659 1138 724 liber

178 744 309 808 omnino
337 743 451 827 fuisse,
484 743 590 826 dirupi
621 764 672 807 me
704 765 807 827 paene
834 745 869 808 in
900 745 1019 811 iudicio
1052 745 1137 812 Galli

178 829 315 914 Caninii,
337 831 504 896 familiaris
528 831 585 896 tui.
626 830 719 907 Quod
742 832 770 896 si
792 836 860 897 tam
882 832 1011 898 facilem
1034 857 1136 920 popu-

177 920 244 984 lum
258 920 421 1004 haberem,
439 942 536 1004 quam
550 919 698 1003 Aesopus
717 919 841 1005 habuit,
861 921 999 987 libenter
1012 923 1136 988 meher-

178 1009 248 1072 cule
274 1005 400 1094 [artem]
426 1008 604 1074 desinerem
631 1011 800 1092 tecumque
824 1012 857 1073 et
880 1031 953 1074 cum
976 1011 1136 1076 similibus

176 1097 281 1161 nostri
295 1097 447 1180 viverem3
470 1118 547 1161 narn
559 1117 611 1161 me
625 1119 725 1180 quum
739 1099 835 1161 antea
852 1097 1014 1182 taedebat,
1036 1121 1136 1182 quum

178 1189 210 1248 et
233 1189 321 1248 aetas
345 1188 378 1248 et
401 1185 534 1249 ambitio
557 1206 609 1248 me
631 1184 823 1249 hortabatur
846 1188 879 1249 et
904 1185 1024 1250 licebat
1047 1187 1135 1251 deni-

178 1294 253 1356 que,
276 1294 371 1355 quem
393 1273 559 1355 nolebam,
580 1293 648 1337 non
672 1271 855 1357 defendere,
881 1277 952 1338 tum
974 1295 1050 1339 vero
1074 1274 1137 1341 hoc

177 1365 322 1442 tempore
344 1360 413 1423 vita
435 1359 526 1423 nulla
548 1363 610 1442 est,
633 1381 737 1443 neque
761 1361 847 1425 enim
869 1362 1010 1425 fructum
1033 1362 1137 1426 ullum

178 1448 298 1512 laboris
331 1451 479 1531 exspecto
512 1451 545 1511 et
576 1467 675 1531 cogor
710 1469 955 1532 nonnumquam
986 1449 1137 1515 homines

178 1557 246 1600 non
269 1535 389 1618 optime
413 1535 451 1599 de
475 1556 525 1599 me
548 1536 680 1600 meritos
699 1540 816 1620 rogatu
836 1558 955 1620 eorum,
978 1537 1034 1619 qui
1052 1537 1136 1603 bene

144 1623 286 1688 emeriti
309 1626 399 1706 sunt,
428 1622 606 1687 defendere.
651 1623 764 1706 Itaque
788 1645 907 1707 quaero
930 1644 1044 1690 causas
1068 1647 1135 1691 om-

178 1733 236 1776 nes
260 1711 431 1795 aliquando
454 1711 583 1775 vivendi
601 1711 758 1775 arbitratu
782 1732 853 1776 meo
873 1715 967 1796 teque
986 1715 1020 1777 et
1037 1714 1135 1779 istam
1170 1732 1174 1739 ·

177 1800 336 1865 rationem
368 1799 426 1864 otii
457 1799 505 1863 tui
538 1803 571 1863 et
601 1798 697 1863 laudo
730 1800 935 1864 vehementer
962 1803 996 1864 et
1022 1803 1135 1887 probe,

178 1891 325 1972 quodque
348 1910 408 1954 nos
431 1889 538 1952 minus
565 1887 742 1971 intervisis,
769 1888 831 1952 hoc
857 1888 927 1953 fero
951 1889 1059 1955 animo
1084 1912 1134 1955 ae-

178 1979 301 2062 quiore,
334 1979 432 2061 quod,
464 1978 491 2041 si
517 1976 641 2042 Romae
674 1997 773 2060 esses,
804 1979 914 2041 tamen
941 1997 1045 2060 neque
1072 2000 1136 2044 nos

177 2068 285 2149 lepore
313 2070 370 2130 tuo
397 2086 501 2149 neque
528 2069 561 2130 te
584 2101 628 2111 -
651 2064 678 2128 si
701 2065 756 2147 qui
783 2068 833 2128 est
859 2065 894 2128 in
920 2086 972 2129 me
994 2102 1039 2112 —
1061 2087 1134 2133 meo

177 2154 242 2217 frui
255 2154 366 2217 liceret
382 2156 514 2238 propter
527 2152 771 2217 molestissimas
791 2153 1018 2236 occupationes
1032 2176 1135 2239 meas3

179 2241 295 2324 quibus
319 2241 419 2304 sime
442 2242 586 2304 relaxaro
610 2276 654 2286 —
676 2262 761 2324 nam,
783 2244 821 2304 ut
843 2241 938 2324 plane
961 2243 1136 2327 exsolvam,

178 2350 245 2393 non
268 2329 397 2412 postulo
420 2365 477 2412 —,
498 2332 531 2392 te
553 2328 673 2412 ipsum,
701 2328 756 2411 qui
778 2330 897 2395 multos
925 2350 1029 2395 annos
1052 2330 1136 2396 nihil

179 2416 266 2482 aliud
290 2416 526 2500 commentaris,
549 2417 669 2481 docebo
687 2408 942 2502 profecto,'quid
961 2419 1004 2482 sit
1021 2418 1135 2484 huma·

178 2507 264 2570 niter
286 2507 400 2570 vivere.
446 2504 495 2568 Tu
523 2505 618 2569 modo
645 2505 743 2569 istam
768 2505 1022 2572 imbecillitatem
1049 2509 1136 2572 vale·

178 2595 300 2659 tudinis
323 2598 398 2659 tuae
422 2596 568 2658 sustenta
591 2597 623 2657 et
645 2597 748 2677 tuere,
770 2597 808 2658 ut
828 2594 923 2678 facis,
945 2598 983 2660 ut
1004 2598 1137 2661 nostrae

179 2684 272 2747 villas
304 2683 393 2748 obire
425 2685 458 2746 et
488 2702 613 2745 mecum
646 2682 741 2746 simul
768 2682 916 2747 lecticula
943 2703 1137 2749 concursare

145 2772 293 2854 cpossis.
337 2769 427 2835 Haec
455 2769 495 2834 ad
517 2773 550 2833 te
577 2770 723 2852 pluribus
749 2770 856 2834 verbis
884 2771 1010 2854 scripsi,
1038 2793 1137 2855 quam

181 2859 278 2943 soleo,
295 2880 363 2923 non
382 2858 439 2924 otii
459 2857 666 2942 abundantia,
685 2857 740 2922 sed
759 2859 876 2923 amoris
897 2879 975 2944 erga
987 2861 1030 2943 te,
1048 2859 1137 2943 quod

179 2968 230 3011 me
254 2947 392 3031 quadam
411 2947 548 3030 epistola
566 2946 792 3029 subinvitaras,
815 2947 843 3010 si
861 2947 1016 3012 memoria
1034 2950 1138 3031 tenes,

179 3039 217 3099 ut
240 3035 280 3099 ad
302 3039 335 3099 te
358 3035 479 3119 aliquid
502 3034 658 3099 eiusmodi
681 3034 862 3120 scriberem,
885 3057 948 3119 quo
971 3034 1081 3099 minus
1104 3039 1137 3101 te

177 3123 432 3209 praetermisisse
458 3122 552 3188 ludos
578 3123 769 3205 poeniteret:
802 3123 887 3206 quod
915 3123 942 3187 si
970 3126 1138 3189 assecutus

250 3350 302 3420 Ep.
324 3357 347 3419 1,
362 3358 387 3404 4.
415 3351 518 3418 dietae,
535 3365 570 3404 ac
584 3349 646 3418 (V.).
684 3349 720 3415 d,
735 3349 821 3419 [ludis
834 3348 986 3419 scoenicis]
1000 3348 1097 3418 call„
1107 3349 1138 3404 B.
1179 3372 1181 3376 ·

180 3422 379 3560 v—usseotercule
397 3420 506 3492 [artem]
530 3421 613 3476 deria
638 3417 829 3490 (begonem).
876 3437 910 3475 aa.
931 3424 1017 3475 artem
1039 3420 1067 3475 d.
1090 3420 1142 3489 M„
