2370 3878
143 113 210 177 460
426 114 463 169 Μ.
484 113 607 168 TULLII
624 112 817 168 CICERONIS

143 257 385 321 familiaritatis:
408 257 488 321 haee
506 279 605 340 quum
615 258 669 321 *ita
687 257 763 341 sint,
785 279 856 321 non
878 258 1010 343 dubito,
1032 259 1098 343 quin
1164 304 1176 314 ·

143 346 203 408 tibi
214 346 291 407 satis
302 345 543 409 commendatus
558 346 613 427 sit3
626 344 745 409 etenim
760 366 799 409 cx
812 346 931 410 multis
947 368 1097 432 cognosco
1159 338 1182 432 ll]

143 454 247 495 meam
271 433 583 497 commendationem
609 433 783 517 plurimum
810 434 901 517 apud
931 438 966 498 te
994 436 1095 500 valere
1156 440 1183 484 n

144 520 239 582 Hunc
263 541 322 603 ego
347 542 365 583 a
384 518 520 585 Caesare
543 521 689 604 liberavi3
711 520 865 604 frequens
886 523 980 586 enim
1002 523 1098 587 fuerat
1152 530 1185 582 e:

143 608 324 690 nobiscum,
352 611 448 691 atque
476 610 573 672 etiam
601 608 720 673 diutius
747 609 782 671 in
805 630 907 673 causa
932 614 983 674 est
1010 630 1092 695 quam
1152 616 1181 691 Β,

143 716 203 758 nos
226 699 456 779 commoratus,
482 718 546 779 quo
574 697 687 761 melius
712 699 746 759 te
774 697 812 760 de
841 718 880 762 eo
906 699 1091 763 existimatu-
1151 683 1183 745 h

143 806 214 846 rum
238 784 389 865 arbitr0r3
415 784 466 848 fac
489 786 602 869 igitur,
624 785 669 847 mi
690 783 772 868 Rex,
794 788 833 849 ut
855 785 1024 872 intelligat
1042 786 1090 851 has
1152 775 1185 831 f

144 872 205 934 sibi
228 872 352 935 litteras
374 872 548 956 plurimum
571 871 740 956 profuisse.
1171 860 1185 911 ²

1157 960 1179 1049 ἵ.

574 1046 662 1112 um.

400 1150 456 1206 Ser.
475 1151 506 1205 in
525 1149 624 1205 Cilicia
641 1168 666 1206 a.
685 1170 712 1207 u.
730 1166 754 1206 c.
775 1155 835 1206 ¹10³.

346 1273 475 1330 CICERO
496 1274 648 1329 THERMO
666 1274 795 1331 PROPR.
816 1274 893 1329 SAL.

109 1376 123 1424 1
209 1364 245 1429 L.
272 1364 437 1431 Genucilio
465 1363 571 1432 Curvo
599 1366 788 1450 iampridem
814 1369 891 1430 utor
918 1364 1088 1429 famniliaris·

144 1454 231 1535 sime,
254 1454 376 1537 optimo
399 1455 468 1518 viro
492 1457 524 1518 et
546 1453 677 1519 homine
699 1454 893 1539 gratissimo.
907 1471 914 1483 ·
930 1452 1016 1519 Eum
1035 1450 1084 1515 tibi

143 1542 271 1624 penitus
295 1543 482 1606 commendo
506 1545 602 1625 atque
624 1543 730 1607 uado:
759 1544 914 1626 primum,
937 1545 974 1607 ut
997 1539 1085 1606 omni·

143 1629 202 1692 bus
225 1630 260 1692 in
282 1630 378 1692 rebus
406 1630 435 1693 ei
463 1630 659 1714 commodes,
684 1631 790 1714 quoad
811 1630 891 1695 fides
913 1633 973 1693 tua
995 1626 1086 1713 digni·
1126 1678 1130 1685 .

142 1721 255 1800 tesque
282 1718 435 1801 patietur3
461 1719 602 1802 patietur
628 1722 736 1784 autem
762 1719 798 1782 in
825 1717 991 1800 omnibus,
1015 1714 1087 1781 nihil

143 1807 229 1870 enim
256 1808 314 1872 abs
341 1810 374 1870 te
401 1829 567 1890 umquam,
597 1807 682 1890 quod
711 1807 753 1871 sit
779 1806 921 1871 alienum
947 1805 1015 1870 tuis
1040 1804 1087 1869 aut

108 1897 240 1959 setiam
272 1896 338 1960 suis
369 1896 525 1977 moribus,
560 1895 751 1978 postulabit3
786 1894 958 1978 praecipue
990 1895 1089 1957 autern
1123 1938 1126 1943 -

142 1985 203 2047 tibi
230 1984 418 2048 commendo
446 1983 577 2068 negotia
604 1983 685 2067 eius,
716 2004 798 2067 quae
825 1984 902 2047 sunt
927 1982 964 2045 in
990 1979 1090 2045 Helle

144 2075 271 2154 sponte,
293 2073 441 2156 primum,
463 2076 500 2135 ut
523 2071 669 2135 obtineat
689 2072 723 2135 id
745 2071 824 2135 iuris
841 2071 877 2134 in
895 2070 994 2155 agris,
1012 2066 1092 2153 quod
1141 2113 1142 2116 κ

144 2161 173 2221 ei
195 2158 334 2224 Pariana
357 2160 469 2224 civitas
493 2160 632 2223 decrevit
653 2162 686 2224 et
708 2159 796 2224 dedit
817 2163 850 2223 et
867 2157 955 2242 quod
973 2176 1099 2240 semper
1135 2154 1140 2159 ’

145 2247 285 2310 obtinuit
303 2249 372 2311 siue
389 2248 456 2311 ulla
475 2248 701 2331 controversia,
720 2247 843 2330 deinde,
862 2246 891 2310 si
909 2246 987 2330 quid
1001 2244 1094 2309 habe

143 2335 193 2398 bit
224 2356 296 2398 cum
328 2335 435 2418 aliquo
466 2335 690 2419 Hellespontio
713 2334 965 2417 controversiae,
995 2337 1035 2399 ut
1063 2332 1101 2397 in.

144 2423 233 2486 illam
252 2423 419 2506 διοίκησιν
436 2424 570 2487 reiicias
606 2422 668 2488 Sed
682 2445 750 2489 non
767 2422 847 2487 mihi
860 2421 982 2505 videor,
999 2442 1102 2505 quum

144 2512 204 2575 tibi
230 2515 337 2576 totum
367 2511 531 2575 hominem
564 2512 806 2596 diligentissime
837 2509 1098 2591 commendarim

145 2602 289 2685 singulas
304 2600 344 2664 ad
358 2603 390 2662 te
400 2599 468 2662 eius
483 2621 595 2663 causas
605 2600 800 2683 perscribere
814 2599 938 2663 debere.
966 2596 1099 2664 Summa

144 2689 201 2751 illa
223 2692 284 2751 est:
308 2687 462 2771 quidquid
486 2687 593 2771 officii,
615 2687 770 2771 beneficii,
791 2687 925 2751 honoris
942 2686 980 2751 in
993 2684 1100 2751 Genu·

146 2776 254 2839 cilium
276 2776 459 2858 contuleris
480 2776 513 2839 id
535 2780 568 2839 te
591 2776 779 2841 existimabo
802 2776 838 2841 in
855 2795 907 2840 me
925 2774 1037 2859 ipsum
1053 2777 1093 2839 at·

146 2885 207 2946 que
229 2864 265 2926 iu
286 2885 355 2927 rem
377 2886 482 2928 meam
505 2865 688 2929 contulisse.

576 3040 661 3106 LIV.

280 3141 340 3199 δεῖ.
359 3143 514 3197 Laodiceae
531 3160 626 3198 mense
644 3143 748 3198 Martio
766 3159 791 3198 a.
810 3161 837 3197 u.
856 3159 880 3197 c.
900 3147 960 3197 704.

349 3246 479 3303 CICERO
500 3248 653 3303 THERMO
672 3247 802 3303 PROPR.
822 3247 896 3304 SAL.

210 3340 317 3416 Quum
339 3341 442 3404 multa
460 3339 538 3403 mihi
559 3343 653 3423 grata
672 3344 756 3423 sunt,
778 3362 860 3423 quae
883 3342 919 3403 tu
942 3339 1103 3405 adductus

141 3448 215 3492 mea
243 3428 521 3495 commendatione
548 3427 668 3511 fecisti,
697 3431 770 3491 tum
789 3428 828 3490 in
855 3428 984 3511 primis²
1014 3427 1112 3515 quod·
