2370 3878
381 198 639 254 arrsronuauu
658 200 678 252 1.
700 206 713 251 τ
993 201 1034 265 13

76 345 197 411 stantia
223 346 315 409 inre
337 344 466 429 publiea
494 347 607 408 nostra
630 343 778 428 delectet,
807 365 905 428 quam
928 360 1033 428 splen·

76 434 136 500 dor
158 432 310 498 offendat.
354 431 448 507 Quod
471 453 509 496 eo
532 431 663 495 liberius
691 433 732 496 ad
754 436 787 496 te
811 433 929 515 scribo,
957 434 1069 518 quiae

75 544 144 588 non
162 522 268 586 solum
285 520 485 605 temporibus
502 519 563 598 his,
582 542 663 604 quae
682 542 739 605 per
751 524 784 586 te
803 543 875 585 sum
889 522 1034 606 adeptus,

77 611 132 675 sed
159 610 224 675 iam
251 609 329 674 olim
355 609 502 674 nascenti
528 631 630 692 prope
657 613 787 674 nostrae
814 609 902 673 laudi
930 610 1033 694 digni-

75 699 137 763 tati
159 720 200 763 ue
217 697 336 780 favisti,
354 698 511 781 simulque
531 698 616 780 quod
635 697 727 763 video
746 719 822 781 non,
840 701 878 762 ut
897 698 1034 763 antehac

76 789 156 871 puta
179 808 245 870 am,
270 785 410 850 novitati
437 806 506 850 esse
533 786 674 850 invisum
696 807 799 869 meae,
825 786 916 850 inte
939 788 1034 872 enim,

76 874 207 938 homine
226 873 370 939 omnium
387 874 598 954 nobilissimo,
621 874 738 938 similia
755 875 937 940 invidorum
955 876 1035 940 vitia

76 962 233 1047 perspexi,
256 984 351 1045 quem
373 965 484 1026 tamen
504 963 552 1026 illi
575 984 644 1026 esse
666 962 702 1027 in
720 963 919 1047 principibus
940 964 1034 1028 facile

78 1055 154 1115 sunt
176 1050 273 1134 passi,
296 1051 423 1115 evolare
446 1050 543 1114 altius
566 1054 652 1114 certe
674 1052 858 1115 noluerunt.
902 1050 1033 1117 Gaudeo

76 1142 168 1203 tuam
190 1138 378 1202 dissimilem
400 1137 500 1202 fuisse
520 1137 695 1221 fortunam,
718 1140 855 1203 multum
878 1140 964 1203 enim
985 1141 1034 1206 in·

76 1230 189 1309 terest,
211 1228 322 1291 utrum
343 1226 414 1289 laus
437 1225 656 1310 imminuatur,
681 1248 724 1290 an
747 1228 833 1291 salus
857 1226 1034 1311 deseratur,

76 1336 128 1379 me
155 1335 246 1378 meae
272 1317 383 1378 tamen
410 1335 451 1378 ne
483 1314 580 1378 nimis
608 1315 800 1398 poeniteret,
831 1319 889 1379 tua
915 1316 1056 1382 virtute·

76 1401 258 1488 perfeetum
286 1404 347 1484 est,
378 1401 498 1466 curasti
525 1402 624 1486 enim,
656 1406 693 1467 ut
719 1405 792 1487 plus
821 1404 966 1468 additum
993 1406 1035 1470 ad

77 1490 266 1555 memoriam
288 1490 428 1555 nominis
454 1491 559 1555 nostri
586 1513 683 1574 quam
711 1492 875 1575 demptum
903 1493 942 1556 de
969 1493 1035 1558 for·

76 1582 159 1644 tuna
180 1579 349 1643 videretur.
394 1578 440 1642 Te
463 1601 538 1643 vero
561 1579 724 1656 temoneo
750 1601 849 1662 quum
871 1581 1069 1659 beneficiiso

77 1668 152 1751 tuis,
173 1670 245 1730 tum
267 1688 375 1732 amore
398 1667 551 1731 incitatus
574 1689 657 1751 meo,
678 1672 716 1732 ut
738 1689 866 1732 omnem
889 1670 1035 1754 gloriam,

79 1755 120 1820 ad
143 1777 241 1839 quam
263 1776 283 1818 a
305 1754 443 1838 pueritia
469 1755 687 1820 inflammatus
714 1756 819 1838 fuisti,
848 1758 935 1820 omni
959 1779 1035 1821 eura

79 1846 175 1928 atque
197 1843 357 1907 industria
379 1863 575 1926 consequare
594 1844 912 1929 magnitudinemque
936 1846 1036 1909 animi

79 1931 140 2015 tui,
172 1953 269 2015 quam
301 1952 361 2015 ego
391 1952 515 2014 semper
546 1953 618 1995 sum
644 1932 820 1995 admiratus
848 1952 1035 2015 semperque

79 2019 198 2102 amavi,
238 2040 279 2082 ne
315 2040 468 2101 umquam
503 2019 649 2083 inflectas
687 2020 874 2102 cuiusquam
909 2019 1035 2085 iniuria.

78 2106 201 2192 Magna
224 2109 274 2170 est
295 2106 464 2171 hominurn
487 2107 597 2190 opinio
616 2106 655 2170 de
672 2110 714 2189 te,
737 2128 857 2192 magna
875 2129 1035 2174 commen-

79 2195 167 2261 datio
189 2195 406 2277 liberalitatis,
433 2215 554 2280 magna
580 2195 734 2259 memoria
761 2198 947 2264 consulatus
974 2198 1035 2261 tui:

54 2283 158 2349 .haec
185 2283 331 2369 profecto
358 2283 447 2347 vides
475 2286 597 2367 quanto
625 2284 824 2367 expressiora
853 2288 1035 2368 quantoque

78 2371 254 2437 illustriora
276 2371 386 2435 futura
409 2372 483 2455 sint,
506 2395 605 2456 quum
622 2373 824 2456 aliquantum
846 2395 885 2437 ex
907 2374 1036 2456 provin·
1085 2438 1092 2443 .

79 2461 129 2525 cia
151 2464 247 2544 atque
275 2481 315 2524 ex
341 2460 475 2543 imperio
502 2461 607 2525 laudis
630 2461 814 2543 accesserit;
841 2483 1036 2545 quamquam

78 2550 111 2613 te
133 2548 180 2613 ita
202 2569 313 2633 gerere
331 2548 416 2630 volo,
438 2570 519 2631 quae
542 2571 600 2632 per
619 2550 794 2613 exercitum
817 2553 913 2632 atque
936 2551 1035 2633 impe-

78 2635 162 2700 rium
188 2636 331 2721 gerenda
353 2639 443 2719 sunt,
470 2640 506 2699 ut
532 2637 613 2701 haee
640 2639 742 2702 multo
771 2641 846 2701 ante
874 2638 1036 2722 meditere,

77 2722 142 2789 huo
163 2727 196 2788 te
214 2746 318 2808 pares,
340 2724 420 2788 haec
438 2724 570 2809 cogites,
588 2726 633 2789 ad
651 2726 731 2790 haec
748 2728 781 2789 te
800 2746 946 2789 exerceas
965 2747 1035 2790 sen·

77 2811 203 2896 tiasque
226 2813 272 2896 id,
300 2813 389 2896 quod,
409 2813 485 2896 quia
507 2835 633 2896 semper
655 2814 805 2897 sperasti,
832 2836 900 2879 non
923 2814 1034 2879 dubito

77 2900 157 2982 quin
180 2900 315 2984 adeptus
339 2901 515 2985 intelligas,
542 2904 574 2965 te
597 2902 749 2965 facillime
772 2924 866 2985 posse
890 2903 1034 2966 obtinere

77 3009 238 3052 summum
266 2992 362 3071 atque
390 2989 582 3053 altissimum
610 2991 745 3074 gradum
773 2991 924 3054 civitatis:
953 3012 1035 3074 quae

77 3076 206 3159 quidem
224 3098 297 3140 mea
316 3076 496 3141 cohortatio
515 3100 556 3141 ne
574 3078 634 3142 tibi
652 3079 759 3143 inanis
778 3082 835 3143 aut
855 3080 923 3142 sine
938 3100 1035 3142 causa

77 3168 227 3248 suscepta
253 3164 414 3249 videatur,
446 3166 502 3230 illa
533 3187 584 3231 me
617 3168 699 3231 ratio
727 3168 842 3250 movit,
872 3170 910 3230 ut
935 3169 968 3230 te
996 3187 1035 3230 ex

146 3320 199 3390 Ep.
219 3327 244 3388 7,
258 3328 283 3375 9.
320 3325 449 3388 †emoaeo
469 3323 535 3390 (W.)
554 3328 579 3376 et
596 3339 688 3377 moneo
707 3329 732 3377 et
749 3338 814 3391 repo
833 3321 899 3389 (W.)
919 3322 969 3375 aut
986 3322 1033 3376 ad·

75 3406 168 3454 mmo
183 3391 249 3458 (W.)
265 3393 315 3444 aut
328 3408 478 3447 commoneo
491 3393 606 3456 (Klotz.)
626 3400 675 3446 aut
688 3409 780 3448 orooro
796 3390 900 3458 (Crat).
928 3408 1033 3446 emoneo

74 3459 143 3516 ΜΒ.
162 3492 198 3502 -
215 3463 369 3530 sentiasque
387 3464 431 3528 id,
450 3465 524 3532 qood
603 3465 754 3532 irrtcllipas,
777 3467 802 3516 te
825 3460 900 3530 (Ν).
937 3464 1036 3517 a-td

75 3533 147 3602 quod
227 3532 353 3586 rae-re
371 3534 464 3605 vulgo.
