2370 3878
172 179 237 249 638
454 179 492 235 u
515 177 638 237 TULLII
656 177 846 235 CICERONIS
977 222 982 231 .

142 335 158 383 '2
173 322 236 393 Sed
260 323 341 391 haec
368 343 437 393 nou
464 344 575 388 aurare
602 323 735 389 deorami
784 323 923 395 Romam
957 347 1066 410 quum
1094 348 1141 393 ve

172 433 265 497 nero,
291 432 373 496 quae
401 430 608 496 perspexero,
639 411 776 479 scribam
803 412 844 477 ad
870 416 904 477 te
933 418 973 479 at
1001 415 1142 483 maxims

152 501 211 565 -de
235 500 409 583 dictamno,
434 503 468 563 ot
495 500 536 565 ad
558 499 737 565 Labienum
760 503 793 567 at
817 500 859 567 ad
882 499 1068 586 Iu'gurium
1095 503 1142 569 lit·

171 594 257 654 teras
284 588 377 653 dabo.
427 585 522 653 Hune
555 588 668 673 scripsi
698 592 773 653 aute
800 587 896 657 aem
924 590 971 655 ad
1004 591 1142 675 lychnu-

172 677 267 742 chum
290 676 482 761 ligneolum,
508 676 563 760 qui
586 675 667 741 mihi
695 679 764 742 arat
784 677 1028 764 periucundus,
1058 680 1140 764 quod
1175 714 1177 743 :

172 787 245 829 eum
267 769 300 831 to
323 764 469 848 aiebant,
494 785 594 849 quum
616 785 702 830 esses
726 762 827 848 Sami,
854 785 989 834 curasse
1020 767 1140 835 facian

172 853 257 918 dum.
301 851 384 918 Vale
416 853 461 917 mi
485 852 673 917 suavissime
696 857 730 918 et
751 853 871 939 optime
893 853 1014 921 irater.
1079 852 1083 859 ’

606 1078 696 1146 vm.
1173 1008 1177 1117 l

243 1200 300 1257 Ser.
320 1201 425 1257 Romae
443 1203 561 1258 exeunte
578 1218 674 1258 mense
693 1201 846 1259 Novembri
862 1217 888 1259 a.
906 1220 935 1259 u.
949 1220 980 1271 a.
1003 1210 1069 1263 too.
1173 1174 1177 1259 l

276 1341 444 1429 naeuus
462 1341 619 1413 aurudo
636 1340 799 1398 narrar
814 1340 1030 1401 saturnu.
1118 1342 1121 1347 ·
1173 1264 1177 1427 l

147 1471 158 1510 ι
241 1449 405 1537 Superiori
427 1451 582 1538 epistolae
606 1451 691 1536 quod
713 1451 939 1537 respondeam,
966 1455 1058 1522 nibil
1081 1461 1137 1541 est,
1175 1430 1177 1473 l

173 1560 254 1623 qm
276 1539 555 1692 llitdtllt
577 1544 614 1692 t
627 1541 1061 1698 lbttll'ubtttltd
1084 1567 1135 1697 il

172 1648 357 1800 diedslr,aqui
383 1648 583 1781 adducqnon
610 1721 754 1800 venerab
779 1650 904 1782 Idelerit
931 1719 1023 1782 enim
1057 1721 1134 1785 mihi

173 1825 302 1869 omnem
330 1804 511 1870 molestiam
542 1805 701 1870 recentior
733 1805 877 1889 epistola.
922 1805 1073 1872 Tantum
1094 1813 1136 1874 te
1174 1808 1177 1907 l

43 1926 46 1930 ·
173 1897 206 1958 et
227 1914 343 1957 moneo
366 1895 400 1957 et
421 1913 511 1978 rogo,
533 1896 570 1957 ut
591 1893 625 1957 in
644 1893 715 1957 istis
732 1892 887 1959 molestiis
910 1897 945 1957 et
962 1895 1135 1963 laboribus
1170 1886 1177 1954 '.

173 1985 206 2045 et
241 1980 405 2047 desideriis
442 1980 622 2066 recordere,
657 1981 826 2047 consilium
862 1987 1019 2059 nostrum
1048 1985 1135 2070 quod
1175 1980 1177 2039 l

172 2068 270 2135 fuerit
292 2068 502 2157 profectionis
525 2073 613 2154 tuaa3
639 2091 707 2135 non
734 2070 820 2134 enim
842 2071 1015 2137 oommoda
1039 2095 1134 2158 quae

173 2157 247 2223 dam
279 2157 492 2243 sequebamur
523 2179 623 2243 parva
654 2179 692 2223 ao
718 2158 903 2244 mediocria,
934 2158 1016 2243 quid
1047 2163 1135 2227 enim

173 2249 256 2331 erat,
285 2246 370 2332 quod
402 2245 543 2313 discessu
574 2249 686 2312 nostro
718 2245 887 2311 emendum
918 2250 1135 2333 putaremus?

173 2334 368 2418 praesidium
398 2332 616 2400 firmissimum
651 2333 839 2421 petebamus
875 2356 914 2411 ex
949 2336 1077 2421 optimi
1104 2343 1135 2419 et
1174 2358 1177 2421 ξ

172 2423 388 2507 potentissimi
419 2423 480 2488 viri
512 2422 737 2489 benevolentia
773 2422 814 2487 ad
846 2443 975 2488 omnem
1010 2429 1134 2492 statum
1173 2434 1177 2481 l

173 2516 304 2577 nostrae
326 2511 503 2597 dignitatis.
552 2510 651 2577 Plura
680 2513 847 2594 ponuntur
872 2512 907 2581 iu
933 2532 1008 2597 spe,
1028 2535 1134 2600 ,quam

173 2600 325 2686 petimus:
356 2600 481 2684 reliqua
507 2599 548 2664 ad
575 2599 732 2664 iacturam
758 2603 968 2665 reservantur.
1017 2600 1134 2688 Quare,

175 2690 201 2754 si
224 2689 336 2755 erebro
358 2687 477 2752 referes
500 2687 643 2753 animum
665 2690 757 2752 tuum
780 2688 821 2767 ad
839 2689 1001 2763 rationem
1026 2694 1062 2755 et
1085 2713 1134 2758 ve

173 2778 251 2842 teris
282 2775 409 2843 oonsilii
435 2775 539 2841 nostri
565 2778 599 2840 et
625 2775 706 2860 spei,
732 2775 859 2841 facilius
886 2777 965 2841 istos
995 2779 1134 2846 militiae

173 2866 300 2930 labores
323 2866 505 2950 ueramque,
531 2884 613 2950 quae
634 2868 668 2929 to
695 2863 874 2949 offendunt,
900 2863 1003 2951 feres,
1030 2872 1068 2933 et
1089 2874 1135 2935 ta·

174 2966 258 3039 men,
281 2973 380 3038 quum
402 2954 504 3032 voles,
532 2952 687 3038 depones,
715 2951 771 3017 sed
793 2952 862 3017 eius
888 2953 935 3017 rei
958 2958 1136 3023 maturitas
1175 3032 1177 3046 Ι

147 3069 160 3108 a
174 3041 356 3126 nequedum
372 3042 463 3108 venit
480 3044 514 3107 et
530 3045 644 3106 tamen·
657 3042 722 3106 iam
741 3041 988 3126 appropinquat.
1022 3042 1137 3111 Etiam

174 3131 254 3197 illud
275 3135 309 3198 te
332 3129 504 3216 admoneo,
529 3150 571 3196 ue
594 3129 671 3215 quid
692 3129 766 3195 ullis
793 3129 910 3195 litteris
936 3132 1139 3220 committas,

245 3375 297 3448 Ep.
315 3382 346 3445 8,
365 3381 390 3432 1.
420 3376 554 3446 petieras.-
579 3373 627 3430 rel.
655 3373 696 3429 ud
719 3374 739 3428 ι’.
765 3378 934 3430 reserrentur
952 3368 1012 3444 '(o.‚
1036 3375 1140 3449 Laud,

50 3436 53 3443 ’
175 3447 284 3520 Bega).
319 3446 353 3502 in
369 3446 513 3518 maeotim
533 3462 557 3500 r.
580 3445 618 3502 ud
635 3445 654 3500 ι’.
673 3449 814 3525 struantur·
835 3444 921 3500 real.
947 3444 1011 3513 (aad
1035 3464 1140 3525 marga

166 3518 205 3576 M.
226 3522 257 3578 et
269 3519 296 3605 ΙΙ.
315 3519 509 3592 reserentur),
523 3516 620 3590 vulgo.
710 3592 713 3597 .
