2370 3878
117 154 156 209 Μ.
176 153 300 210 sunan
318 151 509 216 CICERONIS
527 151 787 208 EPISTOLARUM
804 150 866 207 VII.
886 158 910 207 l·
950 151 1014 216 193

51 320 153 367 scena
167 298 340 365 decessisse
355 289 548 381 arbitrabar3
571 296 703 363 deliciae
717 317 793 362 vero
807 299 892 381 tuae,
904 299 1016 361 noster

52 387 218 471 Aesopus,
246 386 403 451 eiusmodi
429 386 506 470 fuit,
533 389 571 450 ut
598 386 628 450 ei
651 385 795 450 desinere
822 405 881 469 per
904 405 1016 449 omnes

53 474 206 541 homines
228 474 352 539 liceret:
375 474 403 539 is
425 474 531 539 iurare
550 495 650 559 quum
671 473 838 559 coepisset,
861 494 924 537 vox
942 493 1017 537 eum

55 562 176 629 defecit
197 562 233 627 in
254 562 310 628 illo
333 563 419 629 loco:
441 562 489 647 „si
507 562 612 626 sciens
629 559 736 627 fallo“.
773 560 856 637 Quid
874 560 935 625 tibi
955 581 1016 646 ego

56 652 122 717 alia
143 649 295 723 narrem?
315 650 406 717 nosti
428 651 516 715 enim
538 650 679 734 reliquos
701 649 809 734 ludos,
837 649 893 733 qui
919 669 961 713 ne
983 648 1017 712 id

56 739 188 824 quidem
214 739 334 823 leporis
363 738 561 823 habuerunt,
593 739 679 822 quod
707 738 814 803 solent
840 736 1017 802 mediocres

55 826 138 911 ludi3
161 830 336 912 apparatus
359 826 446 891 enim
470 827 626 911 spectatio
653 826 790 892 tollebat
817 846 946 891 omnem
969 825 1017 888 hi·

56 915 233 1000 laritatem,
265 936 329 999 quo
362 914 490 998 quidem
514 919 672 1000 apparatu
700 935 768 979 non
798 913 910 979 dubito
939 914 1018 996 quin

57 1004 167 1075 animo
191 1002 384 1087 aequissimo
408 1002 563 1087 carueris;
586 1003 663 1087 quid
686 1002 772 1067 enim
795 1001 1018 1066 delectationis

57 1092 182 1157 habent
204 1091 345 1159 sexcenti
368 1090 448 1155 muli
466 1091 502 1155 in
520 1088 778 1175 Clytaemnestra
796 1089 906 1154 autin
923 1088 1018 1172 Equo

59 1179 202 1245 Troiano
226 1181 437 1245 creterrarum
460 1178 524 1244 tria
546 1179 637 1243 milia
659 1181 717 1244 aut
743 1180 907 1243 armatura
929 1177 1020 1242 varia

57 1267 222 1352 peditatus
247 1269 280 1331 et
302 1267 464 1350 equitatus
487 1267 523 1331 in
536 1267 557 1346 †
572 1266 680 1351 aliqua
701 1264 836 1352 pugna?
859 1287 941 1350 quae
963 1287 1019 1350 po-

60 1356 208 1440 pularem
223 1354 470 1421 admirationem
482 1355 676 1439 habuerunt,
694 1353 940 1420 delectationem
959 1353 1020 1418 tibi

60 1443 184 1507 nullam
212 1443 406 1508 attulissent.
451 1442 544 1519 Quod
572 1444 600 1508 si
627 1447 663 1507 tu
690 1464 826 1526 percos
854 1442 921 1507 dies
945 1457 1054 1526 ope-3

60 1552 131 1595 ram
154 1529 270 1595 dedisti
291 1529 468 1616 Protogeni
490 1535 562 1615 tuo,
589 1530 764 1597 dummodo
791 1530 819 1595 is
846 1530 907 1595 tibi
930 1530 1020 1614 quid-

61 1621 385 1790 llsudplrttilloqplfirli
401 1620 876 1791 qggalltloffiqfflsnggffirss,
885 1622 1022 1770 dellgcttall

61 1792 161 1859 tionis
197 1793 353 1877 habuisti3
389 1816 457 1859 non
489 1796 575 1859 enim
611 1798 645 1860 te
676 1799 756 1878 puto
793 1793 933 1859 Graecos
964 1798 1023 1858 aut

62 1880 165 1947 Oscos
196 1881 290 1949 ludos
322 1881 532 1966 desiderasse,
567 1883 758 1967 pracsertim
790 1903 890 1966 quum
922 1879 1022 1945 Oscos

62 1971 115 2035 vel
141 1970 178 2035 in
209 1972 324 2035 senatu
355 1973 462 2034 vestro
495 1974 640 2054 spectare
667 1970 787 2053 possis,
810 1968 949 2035 Graecos
975 1969 1024 2033 ita

63 2079 132 2124 non
150 2079 248 2141 ames,
269 2060 365 2121 utne
384 2057 425 2121 ad
444 2057 554 2122 villam
573 2058 702 2142 quidem
720 2061 811 2123 tuam
831 2057 884 2122 via
901 2055 1024 2122 Graeca

63 2147 111 2211 ire
135 2146 247 2211 soleas.
292 2143 379 2209 Nam
401 2144 478 2228 quid
501 2166 561 2231 ego
584 2150 617 2211 te
640 2146 780 2212 athletas
807 2150 918 2231 putem
942 2146 1023 2210 desi·

65 2234 185 2318 derare,
204 2233 259 2317 qui
277 2233 473 2318 gladiatores
492 2234 746 2321 contempseris?
768 2235 804 2301 in
823 2235 939 2319 quibus
952 2235 1023 2319 ipse

63 2321 238 2406 Pompeius
261 2321 433 2387 confitetur
460 2343 494 2387 se
517 2326 551 2387 et
573 2345 705 2409 operam
734 2327 768 2388 et
790 2324 896 2389 oleum
918 2322 1022 2408 perdi·
1103 2336 1106 2341 '

65 2410 159 2475 disse.
212 2409 368 2494 Reliquae
400 2413 478 2476 sunt
508 2413 697 2479 venationes
729 2411 824 2479 binae
861 2433 919 2496 per
956 2411 1023 2476 dies

65 2498 220 2583 quinque,
247 2498 438 2585 magnificae
460 2536 505 2546 -
527 2520 623 2566 nemo
650 2503 751 2586 negat
772 2536 830 2585 -,
856 2500 914 2565 sed
942 2521 1024 2583 quae

64 2589 174 2670 potest
185 2586 312 2653 homini
330 2608 400 2653 esse
417 2588 520 2673 polite
540 2589 719 2673 delectatio,
738 2610 838 2673 quum
856 2591 913 2652 aut
925 2587 1023 2653 homo

65 2673 245 2746 imbecillus
269 2696 289 2739 a
310 2675 533 2743 valentissima
558 2676 664 2742 bestia
685 2676 828 2745 laniatur
855 2679 912 2741 aut
933 2695 1024 2760 prae·

65 2763 153 2826 clara
174 2763 279 2829 bestia
301 2764 461 2830 venabulo
479 2764 781 2831 transuerberauit?
805 2786 886 2849 quae
905 2766 1026 2848 tamen,

65 2849 94 2913 si
116 2849 255 2916 videnda
278 2855 364 2935 sunt,
387 2873 482 2937 saepe
505 2853 624 2938 vidisti,
646 2874 750 2938 neque
773 2873 843 2936 nos,
866 2852 922 2937 qui
943 2852 1024 2918 haee

65 2939 294 3023 spectavimus,
331 2939 506 3023 quidquam
537 2941 614 3007 novi
649 2941 797 3007 vidimus.
851 2939 1024 3006 Extrema

65 3025 313 3107 elephantorum
347 3025 414 3091 dies
445 3026 521 3091 suit:
552 3028 588 3092 in
620 3050 683 3112 quo
711 3029 880 3096 admiratio
904 3048 1025 3113 magna

136 3194 188 3265 Ep.
208 3202 233 3265 1,
247 3203 272 3251 a.
309 3198 448 3254 decessime
473 3199 545 3266 (edd.
569 3202 657 3271 vett).
701 3203 802 3258 decesse
819 3201 883 3256 ΜΒ.
903 3229 937 3240 -
960 3199 1024 3265 ἐπ’(

65 3268 162 3336 aliqua
175 3283 275 3338 papae
294 3267 368 3337 (W.).
409 3271 442 3324 ia
459 3269 566 3327 Navali
585 3272 689 3342 Papae
707 3272 795 3342 (Or.)?
835 3273 867 3327 ia
885 3288 910 3325 a.
925 3285 956 3338 p.
975 3268 1023 3335 M„

65 3338 159 3408 vulgo.
206 3344 231 3393 3.
262 3337 343 3395 Oscos
365 3339 407 3400 ccl
434 3339 528 3412 (Son).
575 3341 657 3399 Oscos
679 3343 773 3399 eludes
795 3341 961 3397 desiderasse
982 3340 1025 3394 cel

64 3407 123 3462 Ml.
141 3407 203 3534 Ml}
227 3409 306 3465 ludos
329 3409 371 3466 ecl
396 3410 460 3480 Ma,
483 3411 514 3469 B.
543 3441 577 3464 -,
604 3414 783 3483 spectavimus
805 3411 871 3481 (N.).
921 3414 1023 3479 epecta-

64 3494 124 3534 mas
201 3521 206 3533 .

118 3568 231 3612 ciceronis
245 3571 308 3620 epist.
322 3572 341 3614 L
778 3576 815 3626 lt
