2370 3878
170 138 236 201 418
453 137 490 190 n.
511 110 633 191 nonin
653 136 844 193 oicanoms

171 303 240 346 non
262 282 400 346 multum
423 280 559 363 intersit,
581 301 619 345 eo
643 281 686 345 sis
710 282 826 366 animo,
850 305 912 366 quo
936 305 997 368 ego
1018 307 1133 372 essem,

172 371 200 434 si
232 369 308 453 quid
339 372 376 432 tu
407 389 458 432 me
494 388 641 453 rogares:
680 369 759 433 mihi
792 375 875 436 certe
907 373 1131 457 gratissimum

171 457 293 525 seceris.
556 472 560 477 '

617 649 676 714 III.

435 759 492 817 Ser.
522 776 594 816 anno
622 760 728 816 incerto
757 763 854 830 (704²).

453 883 580 947 CICERO
595 884 744 947 MEMMIO
762 884 836 938 SAL.

236 979 276 1048 A.
294 980 431 1068 Fufium,
453 1005 554 1057 unum
572 1005 610 1048 ex
628 984 707 1049 meis
727 984 858 1068 intimis,
882 985 1125 1054 observantissi-

124 1144 126 1151 4
170 1094 258 1138 mum
281 1071 612 1157 studiosissimumque
635 1073 753 1157 nostri,
777 1072 936 1145 eruditum
959 1075 1126 1142 hominem

170 1165 203 1225 et
225 1183 350 1234 summa
372 1160 572 1227 humanitate
595 1163 714 1244 tuaque
734 1161 873 1233 amicitia
891 1161 1126 1262 dignissimum,

170 1250 265 1313 velim
287 1250 333 1313 ita
355 1251 483 1331 tractes,
505 1251 542 1312 ut
563 1248 643 1312 mihi
662 1269 769 1313 eoram
787 1249 947 1332 recepisti:
970 1253 1039 1315 tam
1054 1273 1124 1338 gra-

169 1341 240 1401 tum
267 1337 346 1399 mihi
373 1335 405 1399 id
434 1335 507 1419 erit,
535 1358 630 1419 quam
654 1336 739 1420 quod
762 1337 994 1422 gratissimum
1017 1340 1128 1424 ipsum

169 1427 335 1508 praeterea
359 1445 482 1488 summo
507 1423 612 1488 officio
637 1427 669 1488 et
692 1445 816 1491 summa
834 1425 1041 1495 observantia
1063 1429 1125 1493 tibi

169 1513 204 1575 in
226 1514 416 1596 perpetuum
440 1511 627 1577 devinxeris.

613 1721 669 1787 IV.

329 1834 385 1890 Ser,
406 1835 511 1890 Romae
529 1851 622 1888 mense
641 1834 756 1889 Octobri
774 1839 799 1888 a
818 1853 845 1888 n.
864 1852 886 1888 c.
903 1840 961 1890 709.

167 1958 204 2014 M.
229 1958 356 2015 CICERO
380 1959 406 2013 S.
429 1959 462 2013 D.
487 1957 517 2024 Q.
541 1957 701 2082 VAllrIEgtllss
725 1957 755 2023 Q.
779 1958 809 2011 F.
833 1958 951 2013 ORCAE
975 1959 1122 2016 LEGATO

131 2143 145 2188 1
236 2127 316 2193 Cum
339 2129 553 2212 municipibus
568 2128 790 2193 Volaterranis
813 2128 893 2191 mihi
916 2150 1040 2193 summa
1067 2151 1121 2193 ne·

20 2224 24 2229 ’
169 2216 327 2282 cessitudo
360 2220 421 2300 est3
457 2237 575 2301 magno
608 2216 694 2279 enim
725 2236 796 2279 meo
829 2215 983 2280 beneficio
1016 2217 1121 2281 affecti

169 2305 417 2368 cumulatissime
444 2305 524 2368 mihi
551 2304 689 2389 gratiam
720 2304 927 2387 rettulerunt3
958 2325 1035 2368 nam
1061 2326 1121 2369 nec

168 2393 203 2456 in
229 2392 406 2457 bonoribus
434 2392 512 2469 meis
543 2412 597 2466 nec
624 2393 660 2456 ia
690 2391 854 2467 laboribus
884 2413 1036 2476 umquam
1069 2392 1120 2457 de·

168 2481 311 2560 fuerunt:
344 2501 415 2557 eum
443 2480 558 2564 quibus
586 2481 613 2544 si
640 2479 719 2555 mihi
746 2480 836 2546 nulla
863 2500 961 2550 causa
986 2479 1121 2546 interce-

168 2569 266 2654 deret,
287 2572 410 2652 tamen,
434 2567 518 2652 quod
540 2571 573 2637 te
596 2567 875 2639 vehementissime
898 2567 997 2652 diligo
1022 2568 1121 2655 quod·

169 2679 229 2742 que
252 2679 303 2729 me
326 2679 346 2720 a
367 2660 400 2724 te
422 2655 552 2740 plurimi
574 2655 643 2720 fieri
662 2655 775 2738 sentio,
798 2658 831 2719 et
850 2676 1014 2720 monerem
1037 2658 1070 2725 te
1090 2660 1122 2720 ct

167 2746 328 2828 hortarer,
354 2749 391 2809 ut
419 2766 529 2817 eorum
550 2743 692 2812 fortunis
714 2744 910 2827 consulerem
931 2744 1121 2826 praesertim

169 2855 267 2918 quum
293 2854 393 2916 prope
420 2833 625 2919 praeeipuam
657 2853 786 2901 eausam
817 2831 975 2897 haberent
1002 2831 1042 2895 ad
1071 2832 1121 2896 ius

168 2920 393 2993 obtinendum:
416 2921 555 3005 primum
578 2919 664 3005 quod
684 2917 808 2985 Sullani
828 2919 983 3003 temporis
1002 2919 1121 2984 acerbi·

167 3013 269 3075 tatem
292 3009 424 3074 deorum
446 3008 676 3075 immortalium
697 3006 898 3092 benignitate
921 3007 1122 3092 subterfuge-

167 3101 257 3180 runt,
284 3096 397 3162 deinde
422 3097 506 3181 quod
530 3118 654 3163 summo
678 3096 783 3161 studio
806 3094 917 3180 populi
940 3094 1080 3160 Romani
1104 3117 1122 3158 a

133 3207 219 3256 arne
241 3187 276 3250 in
299 3186 467 3250 consulatu
490 3207 561 3250 meo
585 3184 709 3249 defensi
732 3186 820 3267 sunt3
844 3204 942 3267 quum
961 3184 1044 3247 actm
1066 3183 1121 3246 tri-

168 3275 247 3339 buni
269 3273 356 3358 plebi
378 3275 482 3359 legem
496 3273 729 3357 iniquissimam
749 3270 787 3336 de
810 3291 920 3336 eorum
940 3271 1026 3355 agris
1049 3293 1122 3354 pro-

227 3464 282 3536 ΕΡ.
304 3471 331 3536 4,
346 3470 370 3521 2.
404 3464 713 3538 scemmenstete.
731 3463 817 3533 (Μ
852 3465 917 3518 sunt
935 3476 995 3516 cum
1013 3465 1047 3516 tr.
1067 3460 1105 3515 M.
