2370 3878
315 184 573 241 EPISTOLARUM
591 184 664 239 XIII.
683 191 708 239 8.
727 191 752 239 4.
944 182 1009 245 419

46 327 298 431 mulgarissent
320 328 414 393 facile
434 330 560 395 senatui
578 331 761 414 populoque
775 327 923 393 Romano
942 349 1011 411 per·

50 438 152 501 suasi,
173 420 212 481 ut
234 438 289 482 eos
313 416 410 501 cives,
433 418 548 500 quibus
571 417 703 482 fortuna
725 417 928 501 pepercisset,
952 418 1012 480 sal·

49 527 114 571 vos
136 525 206 569 esse
228 505 357 569 vellent.
402 504 497 569 Hanc
525 506 684 570 actionem
710 527 815 569 meam
838 504 872 569 C.
896 502 1012 569 Caesar

51 593 160 678 primo
175 614 233 657 suo
248 593 417 658 consulatu
431 594 502 679 lege
518 595 644 678 agraria
654 593 876 677 comprobavit
886 613 1013 677 agrum·

53 702 118 764 que
135 679 386 745 Volaterranum
405 684 437 744 et
456 681 610 765 oppidum
628 682 716 746 omni
735 681 875 764 periculo
894 681 929 744 in
943 701 1012 764 per·

53 772 190 853 petuum
211 768 370 852 liberavit,
393 772 430 832 ut
452 769 532 833 mihi
556 769 688 833 dubium
711 791 779 833 non
802 769 852 852 sit,
876 769 953 852 quin
976 769 1014 851 is,

55 857 112 941 qui
133 877 236 922 novas
254 856 507 921 necessitudines
526 857 691 941 adiungat,
713 861 822 920 vetera
840 878 898 920 sua
918 857 1013 920 bene-

54 945 130 1009 ficia
162 944 344 1009 conservari
376 944 462 1009 velit.
507 943 722 1020 Quamobrem
755 948 803 1007 est
833 948 908 1007 tuae
939 967 1013 1027 pru·

56 1032 186 1097 dentiae
213 1035 271 1097 aut
298 1032 388 1115 sequi
416 1034 483 1096 eius
512 1033 750 1115 auctoritatem,
777 1032 866 1095 cuius
895 1036 1014 1095 sectam

56 1124 154 1205 atque
176 1119 347 1205 imperium
371 1142 495 1185 summe
523 1142 595 1186 cum
625 1125 682 1184 tua
705 1120 862 1204 dignitate
886 1124 1014 1183 secutus

57 1230 101 1287 es,
119 1212 177 1273 aut
195 1212 281 1273 certe
298 1208 346 1272 illi
363 1209 525 1293 integram
543 1230 671 1273 onmem
692 1230 821 1273 causam
839 1228 1014 1291 reservare3

56 1296 138 1361 illud
160 1318 236 1362 vero
260 1297 407 1361 dubitare
424 1318 492 1361 non
510 1297 616 1381 debes,
638 1298 802 1380 quintam
822 1316 929 1381 grove,
946 1299 1014 1359 tam

56 1385 195 1469 firmum,
216 1389 285 1450 tam
307 1385 480 1451 honestum
498 1387 708 1469 municipium
725 1385 785 1449 tibi
807 1388 864 1449 tuo
889 1405 1013 1448 summo

56 1473 214 1538 beneficio
243 1474 279 1537 in
309 1477 500 1558 perpetuum
532 1474 669 1560 obligari
700 1474 787 1537 velis.
833 1470 895 1539 Sed
926 1472 1049 1554 haeae

58 1582 141 1646 quae
165 1582 262 1646 supra
286 1562 405 1645 scripta
428 1566 518 1645 sunt,
545 1584 582 1627 eo
606 1565 766 1646 spectant,
789 1565 825 1625 ut
848 1564 881 1625 et
903 1560 1014 1625 horter

58 1653 92 1714 ‘et
115 1649 280 1714 suadeam:
303 1647 427 1733 reliqua
450 1654 535 1733 sunt,
558 1672 639 1734 quae
657 1651 820 1734 pertinent
839 1649 879 1712 ad
897 1669 1014 1733 rogan-

58 1737 150 1822 dum,
180 1741 218 1801 ut
249 1758 317 1802 non
345 1738 448 1802 solum
475 1743 533 1802 tua
560 1759 657 1802 causa
683 1738 743 1801 tibi
771 1737 940 1801 consilium
963 1757 1014 1800 me

58 1824 136 1889 dare
158 1829 261 1909 putes,
285 1825 465 1909 sedetiam,
488 1825 573 1910 quod
596 1825 676 1895 mihi
695 1847 775 1908 opus
800 1825 850 1903 sit,
872 1846 923 1887 me
945 1828 1014 1886 ate

58 1917 168 1997 patere
191 1917 224 1977 st
246 1934 370 1998 rogare.
416 1912 641 1977 Gratissimum
667 1913 767 1997 igitur
789 1912 869 1975 mihi
892 1911 1015 1993 feceris,

59 2001 87 2065 si
110 1999 343 2066 Volaterranos
367 2002 516 2066 omnibus
539 2001 635 2065 rebus
658 2001 802 2084 integros
825 2000 1015 2063 incolumes·

10 2147 15 2157 .
60 2109 122 2172 que
146 2110 216 2153 esse
238 2091 390 2154 volueris:
414 2111 525 2154 eorum
544 2109 604 2173 ego
624 2089 793 2170 domicilia,
817 2086 916 2171 sedes,
939 2108 1016 2169 rem,

57 2176 218 2262 fortunas,
240 2198 317 2260 qaae
340 2182 372 2241 et
395 2199 414 2241 a
437 2178 486 2241 dis
504 2177 739 2241 immortalibus
763 2180 796 2239 et
813 2198 832 2239 a
850 2179 1016 2260 praestan·

59 2265 194 2329 tissimis
215 2266 250 2329 in
268 2269 381 2330 nostra
398 2287 432 2329 re
450 2267 579 2349 publica
597 2264 719 2329 civibus
738 2285 863 2329 summo
885 2268 1015 2328 senatus

58 2352 234 2436 populique
266 2353 405 2418 Romani
437 2354 541 2418 studio
575 2356 781 2419 conservatae
815 2356 904 2436 sunt,
940 2357 1015 2416 tuae

58 2440 144 2521 fidei,
166 2441 307 2505 iustitiae
330 2441 531 2524 bonitatique
555 2442 752 2507 commendo.
798 2439 832 2506 si
854 2463 913 2525 pro
936 2441 1051 2503 meisa

58 2528 205 2614 pristinis
235 2530 350 2612 opibus
381 2529 569 2593 facultatem
596 2532 675 2595 mihi
703 2551 753 2594 res
782 2530 844 2593 hoc
871 2533 1015 2610 tempore

60 2617 162 2700 daret,
184 2621 222 2682 ut
243 2618 290 2681 ita
310 2617 480 2682 defendere
497 2638 626 2701 possem
644 2618 885 2699 Volaterranos,
908 2635 1017 2699 quem·

59 2704 234 2769 admodum
271 2706 422 2770 consuevi
457 2707 540 2770 tueri
576 2728 678 2789 meos,
708 2706 834 2770 nullum
866 2703 1017 2785 officium,

59 2792 187 2857 nullum
206 2792 342 2878 denique
362 2798 532 2878 certamen,
553 2795 589 2857 in
610 2815 673 2876 quo
691 2794 755 2857 illis
773 2792 925 2877 prodesse
943 2813 1017 2874 pos·

60 2902 138 2965 sem,
161 2883 465 2965 praetermitterem
488 2881 552 2965 sed,
576 2881 727 2965 quoniam
750 2880 836 2964 apud
858 2884 890 2944 te
913 2879 1016 2943 nihilo

59 2970 168 3034 minus
194 2970 257 3035 hoc
283 2974 428 3056 tempore
455 2970 561 3033 valere
593 2991 644 3032 me
674 2968 813 3052 confido,
845 2989 940 3051 quam
963 2989 1016 3031 va·

59 3058 176 3123 luerim
195 3080 321 3142 semper
339 3058 425 3142 apud
443 3058 535 3124 bonos
554 3079 675 3141 omnes,
693 3078 751 3140 pro
766 3059 878 3120 nostra
893 3075 1017 3119 summa

59 3147 298 3217 necessitudine
329 3147 462 3231 parique
489 3147 574 3211 inter
601 3167 661 3210 nos
685 3149 717 3209 et
746 3149 858 3208 mutua
881 3143 1016 3206 benevo-

58 3233 161 3299 lentia
184 3235 242 3300 abs
265 3239 406 3320 tapeto,
429 3237 466 3299 ut
488 3235 535 3299 ita
558 3235 597 3299 de
620 3232 843 3299 Volaterranis
867 3248 1018 3311 mereare,

58 3442 182 3583 vfflgffp.
202 3449 227 3511 4,
246 3449 271 3498 3.
308 3446 340 3497 at
358 3447 383 3498 et
398 3442 490 3515 tortor
513 3442 568 3509 (W.
588 3459 622 3496 ex
640 3440 670 3494 B.
691 3438 781 3508 cont).
825 3441 857 3491 ut
879 3440 904 3491 te
921 3436 947 3490 b.
971 3435 1019 3503 M„

767 3581 824 3633 VI*
