2370 3878
172 145 236 208 512
453 144 490 196 M.
510 143 634 198 TULLII
654 143 844 211 CICERONIS

170 289 409 376 philosophiam
433 287 472 350 ad
501 290 533 351 te
562 289 712 373 allegem,
740 310 804 372 qua
832 311 891 353 nec
919 291 1003 354 mihi
1032 294 1137 358 carior

170 379 237 442 ulla
260 398 412 460 umquam
434 397 485 439 res
508 376 543 438 in
566 377 633 440 vita
599 376 718 440 tfuit
740 397 799 440 nec
822 376 993 442 hominum
1023 386 1136 465 generi

170 467 274 530 maius
298 486 317 527 a
340 464 407 527 deis
430 486 547 528 munus
570 466 672 528 ullum
695 468 744 528 est
768 464 891 529 datum.
918 467 1001 531 haec
1025 470 1136 554 igitur,

171 574 252 637 quae
275 552 355 616 mihi
377 555 484 616 tecum
508 553 685 616 communis
708 556 764 637 est,
788 555 924 618 societas
948 557 1136 623 studiorum

171 646 266 724 atque
295 640 412 704 artium
440 645 637 723 nostrarum,
670 641 785 724 quibus
816 664 835 707 a
862 643 969 726 puerit
969 643 1004 707 ia
1033 645 1135 710 dediti

171 751 208 793 ac
232 729 371 792 devincti
395 729 455 793 soli
476 729 709 813 propemodum
732 751 792 794 nos
812 731 1057 814 philosophiam
1082 758 1133 799 ve·

170 840 239 881 ram
263 817 351 880 illam
375 821 407 880 01
434 818 613 901 antiquam,
641 839 722 900 quae
751 818 942 900 quibusdam
972 822 1033 884 otii
1063 844 1132 887 esse

171 927 207 969 ac
231 905 369 969 desidiae
393 905 532 989 videtur,
559 906 594 968 in
620 906 727 970 forum
751 909 847 989 atque
874 908 909 970 in
932 928 1002 971 rem
1025 911 1131 993 publi-

170 1016 240 1057 cam
264 998 360 1078 atque
383 994 417 1056 in
436 994 539 1076 ipsam
559 994 659 1057 aciem
677 1016 779 1077 paene
800 995 999 1080 deduximus,
1022 1001 1131 1063 tecum

170 1083 239 1167 agit
266 1083 305 1146 de
333 1103 405 1145 mea
431 1082 539 1165 laude,
571 1082 621 1145 cui
649 1083 761 1167 negari
791 1105 810 1146 a
834 1081 956 1148 Catone
983 1084 1036 1149 fas
1061 1109 1130 1150 esse

169 1193 237 1236 non
259 1175 348 1254 puto.
393 1168 607 1245 Quamobrem
635 1170 695 1233 tibi
723 1171 768 1234 sic
796 1172 989 1254 persuadeas
1018 1175 1130 1238 velim:

170 1260 196 1323 si
219 1259 299 1322 mihi
321 1262 377 1322 tua
410 1259 570 1322 sententia
601 1257 741 1347 tributus
768 1259 873 1324 honos
902 1281 940 1322 ex
967 1261 1049 1325 meis
1079 1263 1130 1327 lit

168 1348 246 1410 teris
265 1347 372 1429 fuerit,
394 1367 444 1409 me
464 1346 509 1411 sio
528 1347 793 1430 existimaturum,
817 1369 915 1431 quum
933 1349 1129 1414 auctoritate

168 1438 233 1516 tua,
256 1439 326 1498 tum
347 1434 573 1499 benevolentia
596 1456 673 1520 erga
695 1456 746 1499 me
767 1435 856 1520 mihi,
879 1435 965 1518 quod
988 1438 1129 1502 maxime

169 1522 331 1605 cupierim,
355 1523 537 1606 contigisse.

628 1714 772 1803 v„

204 1826 260 1880 Scr.
280 1826 386 1880 Romae
404 1828 478 1882 inter
495 1827 568 1882 Non.
587 1827 653 1880 Mai.
673 1829 702 1880 01
719 1827 792 1881 Non.
810 1829 870 1881 lun.
890 1844 915 1882 a.
933 1846 961 1883 u.
979 1844 1006 1885 0.
1026 1836 1086 1883 704.

351 1951 388 2004 Μ.
408 1949 502 2006 CATO
522 1951 548 2006 S.
568 1951 602 2004 D.
620 1950 657 2003 Μ.
677 1949 847 2005 CICERONI
866 1951 938 2004 IMP.
1021 1960 1025 1966 “

135 2070 147 2117 1
234 2048 326 2125 Quod
350 2055 383 2114 et
404 2071 455 2114 res
477 2050 606 2134 publica
628 2071 679 2114 me
703 2054 736 2114 et
753 2053 865 2114 nostra
886 2050 1029 2115 amicitia
1051 2052 1125 2117 hor-

167 2141 264 2220 tatur,
286 2139 424 2202 libenter
443 2137 536 2220 facin,
555 2141 592 2202 ut
609 2142 699 2202 tuam
716 2139 878 2221 virtutem,
895 2138 1126 2224 innocentiam,

168 2226 382 2310 diligentiam,
410 2226 574 2310 cognitam
601 2227 636 2288 in
663 2227 809 2290 maximis
836 2226 932 2290 rebus
960 2226 1049 2291 domi
1076 2232 1124 2292 10-

167 2314 250 2397 gati,
278 2315 393 2377 armati
420 2313 499 2377 foris
521 2314 592 2397 pari
615 2314 773 2378 industria
801 2314 1019 2378 administrari
1047 2336 1133 2400 gau.

168 2402 272 2465 deam:
300 2402 423 2485 itaque,
451 2402 536 2485 quod
563 2424 622 2485 pro
649 2423 721 2467 meo
749 2402 866 2466 iudicio
894 2401 999 2466 facere
1023 2404 1125 2486 potui,

167 2492 203 2552 ut
225 2489 411 2573 innocentia
433 2489 629 2572 consilioque
652 2493 709 2554 tuo
728 2490 893 2554 defensam
916 2490 1125 2574 provinciam,

168 2581 330 2642 servatum
352 2576 579 2641 Ariobarzanis
608 2599 680 2642 cum
706 2578 777 2662 ipso
800 2598 876 2662 rege
899 2597 1051 2663 regnum,
1074 2601 1123 2644 so·

167 2666 289 2730 ciorum
311 2669 495 2730 revocatam
513 2665 554 2728 ad
577 2665 719 2730 studium
741 2666 867 2750 imperii
885 2667 989 2730 nostri
1011 2668 1124 2731 volun-

165 2756 268 2816 tatem
300 2753 461 2817 sententia
497 2775 569 2816 mea
605 2757 637 2816 et
673 2753 800 2818 decreto
837 2753 1017 2837 laudarem,
1052 2754 1125 2818 feci.

132 2838 343 2923 esupplieat·
334 2861 442 2905 ionem
475 2841 648 2924 decretam,
680 2841 708 2905 si
739 2845 791 2926 tu,
823 2864 886 2926 qua
916 2842 953 2906 in
980 2863 1014 2906 re
1042 2841 1125 2907 nihil

166 2928 301 2992 fortuito
307 2928 399 3011 ,sed
423 2951 547 2993 summa
569 2933 627 2993 tua
648 2929 775 2994 ratione
798 2933 831 2994 et
854 2930 1056 2995 continentia
1078 2931 1126 2994 rei

165 3016 311 3098 publicae
339 3017 504 3099 provisum
531 3020 593 3099 est,
625 3017 673 3082 dis
700 3017 937 3082 immortalibus
967 3019 1126 3103 gratulari

165 3125 226 3169 nos
259 3125 355 3187 quam
387 3104 447 3168 tibi
478 3105 597 3170 referre
630 3109 797 3189 acceptum
833 3105 949 3189 maviS,
985 3107 1125 3191 gaudeo:

235 3330 389 3468 Epvc„k1
412 3330 499 3455 dp‘ilip,
490 3346 600 3400 ,0000
626 3331 828 3465 0·οα00.ιο0100
835 3332 974 3470 dcpip,
1000 3348 1026 3386 0.
1022 3332 1127 3456 ίονῗ

159 3399 1004 3540 1111010011Ἧο0010110101001111ῘΡΜΟ
1076 3419 1094 3456 a
