2370 3878
122 262 126 273 ¹
184 154 250 254 edo
466 189 502 241 n
523 187 646 241 runnu
664 185 853 241 nicanorus

184 338 268 398 certe
300 354 367 396 non
399 331 503 414 magis
535 331 651 414 dignos
678 329 840 412 habuerit,
871 331 907 393 in
934 352 1015 413 quos
1049 335 1142 396 tanta

149 436 165 482 4
184 423 332 485 libertate
355 418 525 483 verborum
547 418 731 481 incurreret.
778 417 840 499 Tu,
864 417 946 480 sicut
969 418 1050 481 mihi
1073 421 1142 502 pol-

184 510 290 572 licitus
306 528 356 588 ·cs,
379 506 534 590 adiunges
557 527 607 568 me
631 527 728 588 quam
751 505 890 586 primum
913 505 954 568 ad
977 509 1053 570 tuos
1078 529 1141 570 ser·

184 617 308 677 mones3
331 615 469 676 namque
491 593 571 656 illud
594 614 661 656 non
684 592 810 674 dubit0,
834 592 925 675 quin,
948 593 976 656 si
1000 594 1079 676 quid
1103 595 1140 658 de

183 683 315 746 interitu
334 679 480 746 Caesaris
503 680 633 763 scribas,
655 701 722 744 non
745 681 880 762 patiaris
902 701 952 743 me
971 681 1141 745 minimam

183 774 308 854 partem
331 774 363 833 et
384 769 431 832 rei
454 771 487 832 et
509 768 627 832 amoris
649 768 698 831 tui
716 768 808 831 ferre.
844 766 926 831 Vale
949 771 983 831 et
1003 772 1140 832 matrem

182 879 334 941 meosque
356 857 416 920 tibi
439 855 679 920 commendatos
707 854 799 918 habe.
845 853 885 918 D.
908 873 977 918 vm.
1000 855 1040 919 K.
1069 856 1139 920 Iun.

183 945 332 1010 Athenis.

607 1133 712 1199 XVn.

345 1247 402 1302 Scr.
421 1246 526 1300 Romae
546 1247 620 1315 (post
639 1244 759 1314 Quinct.)
779 1261 804 1300 a.
822 1263 849 1299 u.
868 1262 891 1299 c.
912 1251 971 1300 708.

307 1368 435 1423 CICERO
464 1368 490 1422 S.
518 1367 551 1422 D.
579 1367 784 1424 CORNIFICIO
813 1367 1011 1423 COLLEGAE.

148 1483 162 1531 1
249 1467 348 1531 Grata
371 1468 450 1530 mihi
468 1467 673 1531 vehementer
695 1470 744 1531 est
768 1467 922 1530 memoria
944 1468 1050 1531 nostri
1072 1471 1136 1551 tua,

183 1578 279 1640 quarn
303 1555 492 1639 significasti
514 1555 644 1637 litteris3
672 1577 768 1638 quam
796 1558 832 1618 ut
860 1576 1043 1638 conserves,
1070 1578 1137 1621 non

183 1666 245 1726 quo
274 1643 312 1706 de
339 1647 396 1706 tua
423 1643 607 1707 constantia
629 1642 785 1725 dubitem,
816 1642 870 1705 sed
894 1643 970 1725 quia
993 1665 1064 1707 mos
1088 1649 1137 1708 est

182 1732 228 1795 ita
255 1730 405 1816 rogandi,
432 1750 521 1814 rogc.
566 1729 616 1794 Ex
645 1727 737 1812 Syria
765 1730 860 1793 nobis
888 1731 1137 1795 tumultuosiora

183 1820 340 1902 quaedam
362 1818 512 1883 nuntiata
540 1822 628 1900 sunt,
656 1839 751 1900 quae,
778 1818 853 1900 quia
880 1817 940 1880 tibi
964 1821 1041 1881 sunt
1063 1840 1136 1901 pro·

181 1909 273 1991 picra
303 1929 399 1991 quam
430 1906 539 1989 nobis,
570 1909 626 1969 tua
657 1927 708 1968 me
741 1926 837 1968 causa
869 1905 972 1988 magis
1005 1911 1138 1970 movent

182 2018 278 2078 quam
306 2017 385 2059 mea.
433 1993 556 2057 Romae
585 2015 743 2058 summum
771 1993 872 2056 otium
901 1995 963 2074 est,
998 1994 1053 2056 sed
1080 1994 1137 2076 ita,

181 2087 218 2146 ut
245 2084 337 2146 malis
370 2082 496 2146 salubre
529 2081 658 2163 aliquod
686 2084 718 2144 et
749 2079 921 2143 honestum
953 2080 1135 2164 negotium:

147 2171 268 2253 equod
291 2191 384 2252 spero
408 2170 490 2251 fore3
512 2167 605 2232 video
628 2169 662 2231 id
686 2189 779 2231 curae
803 2188 872 2230 esse
896 2164 1035 2231 Caesari,
1080 2167 1135 2232 Me

183 2258 272 2339 scito,
295 2257 370 2320 dum
393 2260 429 2320 tu
453 2257 552 2338 absis,
580 2256 671 2338 quasi
694 2255 894 2319 occasionem
918 2254 1079 2337 quandam
1104 2260 1137 2318 et

182 2345 345 2408 licentiam
368 2347 498 2407 nactum
527 2344 663 2407 scribere
687 2342 850 2424 audacius,
878 2345 911 2404 et
938 2346 1044 2406 cetera
1067 2344 1135 2425 qui·

182 2432 255 2495 dem
277 2432 428 2514 fortasse,
455 2453 535 2514 quae
563 2431 660 2495 etiam
687 2435 724 2494 tu
748 2430 949 2514 concederes,
977 2430 1033 2494 sed
1061 2452 1136 2514 pro÷

181 2521 264 2584 xime
284 2520 396 2602 scripsi
415 2519 454 2583 dc
473 2519 594 2601 optimo
615 2539 730 2601 genere
750 2517 885 2599 dicendi,
902 2518 938 2580 in
956 2539 1019 2601 quo
1039 2539 1135 2600 saepe

181 2608 361 2690 suspicatus
385 2609 510 2669 sumta
533 2627 552 2668 a
575 2605 692 2669 iudicio
715 2611 841 2688 nostro,
865 2605 910 2668 sic
934 2606 1068 2686 scilicet,
1098 2609 1137 2668 ut

181 2695 311 2758 doctum
336 2694 500 2758 hominem
531 2693 578 2756 ab'
600 2714 667 2756 non
698 2693 842 2775 indoct0,
869 2693 1014 2776 paullum
1044 2692 1135 2756 dissi-

181 2782 267 2845 dere:
290 2782 365 2846 huic
388 2785 424 2844 tu
446 2781 529 2846 libro
552 2781 689 2844 maxime
712 2781 808 2845 velim
827 2802 865 2844 ex
886 2781 1003 2862 animo,
1027 2781 1054 2843 si
1075 2781 1135 2844 mi-

180 2891 251 2951 nus,
275 2869 397 2953 gratiae
421 2889 517 2932 causa
541 2868 723 2953 suffragare.
760 2868 874 2933 Dicam
897 2869 970 2950 tuis,
992 2871 1029 2931 ut
1052 2889 1135 2951 eum,

182 2957 209 3020 si
232 2957 345 3040 velint,
373 2956 556 3020 describant
583 2957 623 3020 ad
646 2961 741 3039 teque
764 2957 909 3038 mittant;
936 2959 1015 3038 puto
1039 2955 1135 3031 enim,

181 3044 307 3109 etiamsi
329 3065 396 3108 rem
420 3045 526 3109 minus
548 3044 713 3128 probabis,
743 3044 910 3108 tamenin
936 3043 1000 3106 ista
1023 3043 1134 3107 solitu·

170 3133 268 3218 dine,
292 3133 445 3217 quidquid
469 3155 488 3195 a
510 3153 561 3195 me
588 3131 768 3215 profectum
791 3132 845 3213 sit,
872 3131 1046 3194 iucundum
1074 3131 1135 3194 tibi

145 3234 161 3281 3
180 3222 258 3286 fore.
304 3220 395 3297 Quod
418 3220 497 3284 mihi
520 3219 788 3283 existimationem
810 3222 901 3282 tuam
929 3219 1135 3303 dIgnitatem-

181 3331 242 3392 que
265 3308 477 3391 commendas
500 3307 579 3370 facis
598 3311 634 3369 tu
654 3306 782 3389 quidem
801 3307 944 3370 omnium
963 3328 1061 3391 more,
1079 3307 1135 3371 sed

238 3497 292 3570 Ep.
314 3505 358 3570 17,
374 3503 399 3555 2.
432 3497 589 3570 profectum
607 3501 649 3553 cst
663 3496 746 3568 ΝΜ
