2370 3878
343 144 602 199 EPISTOLARUM
620 145 680 199 XV.
700 152 724 199 4.
947 148 1010 210 511

53 291 111 355 scd
134 290 189 373 ita,
213 289 240 353 si
263 311 330 354 non
352 289 495 353 ieiunum
516 289 579 353 hcc
602 289 710 355 nescio
734 291 819 374 quid,
842 291 928 375 quod
951 313 1013 376 ego

54 379 215 465 gessi,et
243 381 318 441 cont
304 377 513 441 temnendum
539 377 712 461 videbitur,
740 380 795 442 sed
823 381 950 443 balet
916 384 1012 463 atque

52 469 197 549 tantum,
224 469 262 529 ut
284 466 377 529 multi
404 487 606 548 nequaquam
630 429 762 550 paribus
789 464 883 531 rebus
910 468 1012 532 hono·
1025 464 1027 473 ’

54 577 108 620 res
122 576 264 619 summos
279 575 298 618 a
312 559 426 618 senatu
446 555 610 618 consecuti
628 555 702 619 sint.
737 555 896 657 Equidem
914 557 1013 621 ctiam

55 644 136 708 illud
158 643 239 707 mihi
261 642 405 707 animum
429 642 604 707 advertisse
627 644 739 708 videor
761 680 805 689 -
828 645 890 709 scis
918 646 1013 728 enim,

56 754 153 815 quam
177 735 300 795 attente
323 733 355 794 te
379 731 489 794 audire
512 732 633 796 soleam
652 768 703 814 -,
725 736 757 795 te
781 753 849 797 non
871 736 939 797 tarn
961 755 1013 796 res

56 823 165 905 gestas
190 841 286 903 quam
309 840 428 903 mores,
455 820 476 898 †
498 820 649 884 instituta
672 824 768 904 atque
791 821 891 885 vitam
914 821 1012 904 impe·

55 911 202 973 ratcrum
229 911 373 990 spectare
401 908 502 972 solere
529 909 565 972 in
591 908 749 972 habendis
777 913 833 972 aut
859 930 927 973 non
956 910 1013 973 ha-

54 996 171 1060 bendis
193 996 384 1078 honoribus3
407 996 492 1079 quod
517 997 543 1060 si
566 996 601 1059 in
624 1018 695 1059 mea
718 1017 815 1061 causa
833 998 1014 1062 considera-

55 1085 121 1168 bis,
148 1085 286 1167 reperies
314 1105 365 1147 me
393 1084 532 1148 exercitu
559 1084 719 1149 imbecillo
752 1088 865 1149 contra
892 1089 1014 1150 metum

56 1173 189 1236 maximi
202 1173 279 1236 belli
291 1172 508 1236 firmissimum
522 1172 717 1256 praesidium
738 1173 889 1237 habuisse
908 1175 1016 1256 aequi-

57 1264 158 1325 tatem
191 1264 224 1324 et
255 1261 499 1325 continentiam:
531 1261 583 1325 his
612 1281 671 1344 ego
700 1261 850 1325 subsidiis
877 1283 916 1326 ea
943 1283 1014 1325 sum

58 1352 264 1433 consecutus,
287 1371 368 1432 quae
391 1349 489 1414 nullis
511 1350 694 1434 legionibus
717 1351 870 1433 consequi
893 1351 1013 1434 potuis-

58 1457 141 1520 sem,
172 1440 209 1501 ut
241 1459 280 1501 ex
311 1438 514 1501 alienissimis
538 1439 632 1503 sociis
655 1437 878 1522 amicissimos,
905 1459 944 1502 ex
966 1439 1013 1501 in-

57 1525 251 1589 fidelissimis
279 1525 479 1590 firmissimos
511 1525 675 1590 redderem
705 1526 893 1610 animosque
916 1549 1013 1590 nora-

57 1635 131 1676 rum
143 1634 250 1676 rerum
265 1615 502 1697 exspectatione
517 1636 689 1698 suspensos
704 1615 744 1677 ad
758 1617 874 1679 veteris
888 1615 1014 1698 imperii

57 1701 317 1765 benevolentiam
343 1702 551 1766 traducerem.
598 1701 660 1766 Sed
687 1703 782 1767 nimis
805 1703 885 1766 haec
912 1704 1014 1767 multa
1035 1716 1067 1766 15

59 1789 97 1852 de
120 1810 181 1870 me,
203 1790 391 1872 praesertim
415 1790 455 1853 ad
478 1794 519 1873 te,
542 1812 561 1853 a
581 1812 643 1873 quo
663 1811 727 1853 uno
749 1791 892 1853 omnium
913 1791 1013 1854 socio-

57 1898 131 1940 rum
150 1877 296 1959 querelae
318 1877 504 1940 audiuntur:
528 1897 702 1960 cognosces
725 1877 834 1958 exiis,
858 1877 911 1958 qui
934 1878 1013 1941 meis

58 1964 216 2029 institutis
241 1986 274 2028 se
298 1967 458 2028 recreatos
481 1968 607 2047 putant,
630 1985 790 2046 quumque
815 1985 925 2027 omnes
948 1986 1013 2028 uno

57 2073 158 2135 prope
182 2073 340 2117 consensu
363 2053 401 2116 de
424 2054 475 2115 me
498 2052 584 2135 apud
606 2055 639 2115 te
658 2072 704 2134 ea,
727 2073 808 2134 quae
826 2051 906 2114 mihi
924 2056 1013 2134 opta-

57 2141 184 2205 tissima
202 2144 287 2223 sunt,
305 2140 544 2223 praedicabunt,
563 2144 632 2203 tum
647 2139 727 2202 duae
742 2139 899 2202 maximae
918 2141 1013 2204 clien-

57 2229 142 2292 telae
169 2231 258 2311 tuae,
281 2226 403 2311 Cyprus
431 2229 538 2292 insula
566 2231 598 2290 et
621 2224 841 2310 Cappadociae
869 2248 1014 2312 regnum,

58 2319 165 2380 tecum
189 2317 227 2380 de
250 2336 301 2378 me
324 2317 506 2399 loquentur,
528 2318 608 2398 puto
632 2316 729 2378 etiam
752 2318 860 2398 regem
883 2314 1013 2380 Deiota

57 2426 140 2486 rum,
163 2403 217 2485 qui
241 2403 297 2466 uni
319 2404 379 2465 tibi
403 2406 452 2466 est
474 2403 612 2466 maxime
634 2403 842 2467 necessarius.
879 2403 967 2479 Quae
987 2405 1013 2468 si

58 2491 156 2555 etiam
179 2491 302 2554 maiora
321 2494 397 2554 sunt
419 2493 452 2554 et
469 2492 504 2555 in
523 2491 671 2556 omnibus
693 2492 827 2555 saeculis
846 2493 1013 2575 pauciores

57 2579 119 2642 viri
151 2578 268 2661 reperti
301 2582 390 2662 sunt,
418 2580 472 2662 qui
500 2601 573 2644 suas
602 2577 806 2663 cupiditates,
834 2601 930 2662 quam
958 2580 1013 2662 qui

57 2666 200 2730 hostium
224 2667 332 2750 copias
355 2668 529 2752 vincerent,
552 2672 601 2733 est
623 2668 767 2752 profecto
791 2672 892 2750 tuum,
915 2689 1013 2750 quum

58 2755 99 2818 ad
131 2775 182 2817 res
214 2755 344 2820 bellicas
376 2755 469 2840 haee,
501 2754 583 2840 quae
614 2757 736 2820 rariora
769 2759 801 2820 et
832 2754 1014 2819 difficiliora

58 2845 148 2924 sunt,
175 2862 293 2926 genera
320 2844 448 2908 virtutis
476 2844 671 2926 adiunxeris,
697 2845 785 2926 ipsas
813 2844 910 2907 etiam
940 2844 1012 2908 illas

56 2951 107 2994 res
131 2934 239 3014 gestas
262 2931 412 2994 iustiores
435 2951 504 2994 esse
527 2935 560 2994 et
582 2931 719 2994 maiores
740 2934 863 3014 putare.
899 2930 1069 2995 lintre-16

56 3039 145 3082 mum
172 3017 329 3083 illudt
280 3021 342 3102 est,
369 3021 406 3082 ut
433 3018 525 3101 quasi
552 3017 701 3082 diffidens
732 3019 894 3103 rogationi
922 3040 1012 3083 meae

126 3191 178 3260 Ep.
197 3198 280 3260 4,14.
317 3191 482 3257 masticata
505 3195 585 3260 atquc
606 3193 691 3246 citum
708 3191 762 3259 (W.
764 3192 781 3258 l.
827 3146 905 3255 duc„
928 3190 967 3243 cit
968 3207 1012 3244 cm

105 3263 200 3316 aut
227 3262 406 3330 incusataque
433 3265 458 3316 et
484 3277 508 3314 o
537 3262 611 3344 (W).
663 3267 704 3315 15.
733 3266 852 3330 putant,
880 3276 1012 3328 quumque

128 3348 202 3400 p.
232 3331 263 3400 Q.
282 3331 429 3401 vulgu-
447 3333 497 3401 qui
514 3333 566 3386 uni
584 3333 635 3387 tici
653 3332 709 3399 (M,
728 3331 831 3414 vulgo).
873 3332 922 3399 qui
938 3346 1012 3384 rmus

135 3401 233 3468 )?—
260 3403 388 3457 iustiores
415 3401 475 3471 (M,
498 3402 603 3473 vulgo).
653 3402 825 3456 inlustriores
852 3401 940 3470 Man,
965 3400 1010 3453 W.
