2370 3878
178 182 242 245 320
458 180 495 233 M.
515 178 635 233 TULLII
655 177 846 234 CICERONIS

178 326 248 410 quis
280 346 347 389 non
379 321 487 387 videt?
523 343 610 386 nunc
646 344 721 386 vero
754 323 851 386 etiam
883 324 998 387 erroris
1035 346 1131 388 causa

103 483 105 487 ,
178 413 305 477 sublata
328 413 389 493 est,
417 411 512 494 culpa
534 411 620 474 enim
647 410 703 473 illa
726 410 793 492 „bis
817 411 856 473 ad
880 411 1033 475 eundem“
1063 415 1130 477 vul·

178 501 248 585 gari
270 499 464 583 reprehensa
486 498 655 581 proverbio
679 501 735 561 est.
773 496 839 582 Sin,
861 502 898 562 ut
916 500 1071 582 scripsisti
1091 502 1130 564 ad

179 589 348 672 collegam,
370 588 417 650 lta
439 608 472 650 se
496 607 546 649 res
569 585 680 668 habet,
708 587 796 650 omni
823 608 899 650 cura
925 588 1053 651 liberati
1081 612 1131 652 su-

178 699 263 759 mus,
292 697 351 738 nec
382 679 491 738 tamen
515 673 631 737 erimus
663 675 766 757 prius,
798 697 894 757 quam
926 675 972 738 ita
999 698 1067 740 esse
1094 680 1130 741 tu

143 777 238 828 enos
265 763 379 828 feceris
406 762 566 826 certiores.
611 761 685 825 Mea
713 762 854 845 quidem,
881 767 918 827 ut
941 763 980 826 ad
1008 767 1039 828 te
1064 787 1130 827 sae-

177 855 250 936 pius
274 852 396 935 scripsi,
417 850 497 914 haec
520 850 680 914 sententia
703 854 763 913 est:
787 851 842 933 qui
862 852 1012 934 reliquias
1035 853 1130 916 huius

178 941 254 1006 belli
278 939 480 1023 oppresserit,
503 961 576 1003 eum
593 938 693 1002 totius
712 938 789 1002 belli
811 939 1027 1004 confectorem
1050 941 1131 1022 fore3

179 1050 274 1114 quem
295 1030 328 1091 te
356 1030 388 1090 et
415 1030 492 1110 opto
520 1048 588 1092 esse
612 1029 644 1089 et
666 1026 792 1090 confido
820 1027 973 1091 futurum.
1019 1026 1131 1092 Studia

178 1141 250 1182 mea
277 1137 354 1200 erga
380 1120 426 1198 te,
459 1115 573 1198 quibus
601 1119 686 1179 certe
713 1115 803 1178 nulla
830 1136 898 1178 esse
926 1116 1049 1180 maiora
1075 1139 1131 1199 po-

178 1208 319 1287 tuerunt,
340 1203 400 1267 tibi
422 1207 490 1267 tam
513 1206 606 1287 grata
629 1222 707 1285 esse,
729 1224 826 1285 quam
844 1224 905 1288 ego
924 1205 1035 1286 putavi
1053 1204 1132 1287 fore,

179 1295 310 1358 minime
337 1292 436 1355 miror
457 1291 724 1373 vehementerque
752 1292 866 1354 laetor:
894 1313 975 1374 quae
1003 1293 1131 1375 quidem

179 1387 224 1466 tu,
247 1380 274 1446 si
297 1383 382 1442 recte
405 1379 478 1442 istic
501 1379 570 1460 erit,
592 1379 716 1443 malora
738 1382 771 1444 ct
785 1379 935 1464 graviora
948 1401 1130 1466 cognosces.

180 1484 244 1530 1111.
266 1466 429 1530 Kalendas
451 1466 571 1531 Iunias.

611 1676 699 1742 XXI.

181 1788 237 1842 Sor,
262 1790 358 1857 (ctiam
381 1794 396 1855 ς
417 1792 442 1859 7)
469 1790 498 1844 in
522 1788 620 1843 eastris
643 1790 807 1913 adqlff'mm
825 1789 911 1845 biduo
934 1791 999 1859 post
1021 1806 1063 1859 ep.
1090 1797 1130 1845 15.

558 1876 583 1913 a.
602 1878 629 1913 u.
648 1877 671 1913 c.
746 1901 751 1913 .

474 1982 639 2038 PLANCUS
658 1981 835 2038 CICERONI.

146 2098 161 2145 1
246 2082 384 2147 Puderet
405 2105 456 2147 me
478 2083 714 2148 inconstantiae
733 2105 877 2146 mearum
894 2083 1082 2166 litterarum,
1106 2086 1131 2147 si

181 2194 247 2236 non
269 2172 349 2235 haec
372 2193 410 2234 ex
431 2171 536 2235 aliena
553 2171 683 2235 levitate
701 2172 886 2255 penderent.
924 2171 1039 2236 Omnia
1062 2173 1131 2254 feci,

181 2282 244 2343 qua
266 2280 300 2322 re
323 2258 445 2342 Lepido
473 2260 644 2324 coniuncto
673 2260 713 2324 ad
740 2282 808 2324 rem
834 2259 996 2342 publicam
1025 2260 1131 2322 defen-

181 2347 322 2411 dundam
344 2348 467 2412 mInore
491 2348 704 2412 sollicitudine
727 2352 834 2412 vestra
855 2347 989 2430 perdstis
1006 2348 1131 2411 resiste-

180 2457 260 2499 rem:
289 2437 397 2500 omnia
424 2436 453 2499 ei
476 2440 508 2499 et
530 2437 654 2519 petenti
675 2437 781 2520 recepi
804 2438 836 2499 et
862 2434 946 2498 ultro
970 2436 1131 2518 pollicitus

181 2547 252 2588 sum
275 2524 449 2607 scripsique
475 2524 535 2588 tibi
562 2524 660 2589 biduo
688 2528 763 2588 ante
786 2520 944 2588 confidere
972 2545 1022 2587 me
1045 2524 1131 2587 bono

181 2612 302 2694 Lepido
334 2633 403 2676 esse
435 2635 567 2677 usurum
600 2612 823 2694 communique
850 2611 984 2674 consilio
1012 2611 1132 2674 bellurn

181 2701 492 2783 administraturum,
515 2699 634 2764 credidi
652 2698 875 2784 chirographis
893 2699 970 2780 eius,
993 2699 1131 2762 affirma-

180 2789 262 2852 tioni
284 2789 462 2872 praesentis
485 2787 681 2871 Laterensis,
708 2787 855 2871 quitum
882 2787 967 2870 apud
990 2809 1040 2850 mc
1064 2793 1133 2851 erat

180 2877 481 2961 reconciliaremque
504 2898 555 2941 me
573 2874 695 2959 Lepido
713 2874 870 2958 fidemque
888 2874 1040 2939 haberem
1064 2899 1132 2940 ora·

180 2965 246 3028 bat.
289 2963 367 3030 Non
392 2965 484 3029 licuit
510 2964 630 3028 diutius
652 2963 734 3027 bene
761 2963 800 3027 de
824 2984 861 3027 eo
885 2985 1025 3047 sperare:
1054 2966 1133 3028 illud

181 3058 265 3116 certe
289 3053 358 3117 cavi
381 3056 414 3117 et
436 3052 571 3136 cavebo,
593 3072 634 3115 ne
657 3072 728 3115 mea
751 3051 938 3116 credulitate
961 3053 1007 3116 rei
1030 3054 1132 3136 publi-

146 3154 236 3205 acae
260 3163 384 3205 summa
405 3140 546 3204 fallatur.
582 3137 687 3214 Quum
710 3139 833 3203 Isaram
851 3140 971 3204 flumen
994 3164 1059 3207 uno
1084 3143 1133 3205 die

251 3367 302 3436 Ep.
322 3373 369 3433 21,
390 3373 412 3419 1.
453 3366 614 3421 resisterem:
641 3368 734 3421 oracla
814 3367 901 3432 adm.;
929 3368 1033 3422 credidi
1059 3368 1133 3434 (W.).

161 3439 302 3574 ,qngdm
325 3437 440 3494 Credidi
457 3436 551 3510 vulgo.
575 3468 609 3477 -
631 3453 753 3508 sperare:
776 3437 848 3493 Illud
866 3437 941 3506 (W.).
983 3453 1023 3507 sp.
1054 3439 1135 3492 Illud
