2370 3878
154 186 221 249 580
438 185 474 239 Μ.
494 184 617 239 TULLII
635 183 824 239 CICERONIS
897 172 900 176 ’

155 329 418 415 occupationibus
444 329 509 394 tuis
537 330 644 393 minus
667 331 902 409 animadversa,
931 353 1022 396 nunc
1048 356 1121 416 per-

155 421 240 503 spice
255 422 288 484 et
305 437 417 502 purga.
454 416 534 501 Legi
548 418 727 501 epistolam,
741 440 838 502 quam
856 418 925 501 ipse
946 422 1120 504 scripsisse

154 506 244 572 Sulla
267 506 488 570 nomenclator
510 505 614 569 dictus
637 511 695 587 est,
717 528 785 570 non
807 508 1028 591 probandam,
1051 510 1120 595 legi

115 614 142 653 io
154 595 328 660 nonnullas
350 593 529 657 iracundas.
575 591 637 657 Sed
663 599 808 678 tempore
834 595 905 678 ipso
930 595 969 658 de
995 599 1118 681 episto-

154 684 209 764 lis,
231 704 317 766 nam,
339 703 437 765 quum
460 682 544 746 hanc
568 683 720 766 paginam
742 686 895 765 tenerem,
918 683 954 747 L.
970 683 1117 769 Flavius,

154 775 284 854 praetor
306 770 506 855 designatus,
529 769 569 833 ad
592 769 767 852 mevenit,
793 771 891 835 homo
914 772 997 835 mihi
1021 774 1116 838 valde

154 859 337 923 familiaris:
359 859 387 922 is
410 858 499 940 mihi,
521 862 553 922 te
576 857 617 921 ad
639 862 862 941 procuratores
885 881 961 923 suos
986 861 1116 926 litteras

155 948 289 1030 misisse,
311 968 392 1031 quae
415 946 495 1011 mihi
518 946 604 1009 visae
628 950 704 1010 sunt
722 946 951 1030 iniquissimae,
973 952 1116 1033 nequid

156 1036 326 1118 debonis,
352 1055 433 1119 quae
456 1033 491 1098 L.
515 1032 640 1098 Octavii
662 1032 803 1098 Nasonis
826 1035 978 1118 fuissent,
1001 1038 1055 1101 cui
1080 1038 1116 1102 L.

155 1123 286 1189 Flavius
307 1124 400 1188 heres
423 1127 486 1205 est,
515 1122 748 1205 deminuerent,
771 1126 944 1206 antequam
966 1121 1003 1189 G.
1027 1124 1116 1191 Fun-

156 1212 253 1277 danio
266 1212 436 1296 pecuniam
454 1210 635 1292 solvissent,
652 1211 792 1294 itemque
812 1210 937 1275 misisse
955 1212 998 1276 ad
1012 1211 1116 1297 Apol-

155 1300 352 1383 lonidenses,
378 1321 419 1363 ne
443 1298 481 1363 de
504 1299 613 1381 bonis,
636 1319 717 1381 quae
741 1296 866 1362 Octavii
888 1298 1037 1382 fuissent,
1062 1302 1115 1366 de·

156 1388 257 1452 minui
293 1390 493 1471 paterentur,
534 1387 720 1470 prinsquam
755 1385 925 1451 Fundanio
966 1388 1116 1455 debitum

157 1477 299 1540 solutum
322 1478 414 1541 esset.
459 1474 548 1539 Haec
571 1474 651 1539 mihi
673 1474 740 1539 veri
767 1474 884 1538 similia
911 1496 979 1540 non
1003 1477 1115 1541 viden-

155 1566 222 1645 tur,
250 1566 326 1627 sunt
348 1563 433 1626 enim
457 1585 476 1626 a
498 1562 669 1645 prudentia
691 1565 748 1626 tua
774 1563 997 1627 remotissima.
1043 1564 1115 1648 „Ne

158 1651 323 1715 deminuat
344 1648 477 1714 heres“‘?
522 1649 615 1733 Quid,
637 1651 664 1714 si
687 1649 866 1719 infitiatur?
889 1651 975 1734 quid,
999 1652 1027 1717 si
1045 1675 1115 1717 om·

157 1741 235 1803 nino
258 1761 325 1804 non
348 1738 463 1803 debet?
495 1738 594 1823 quid?
626 1742 755 1822 praetor
782 1739 865 1803 solet
890 1738 1032 1804 iudicare
1061 1741 1114 1805 de-

156 1828 247 1892 beri?
270 1826 371 1912 quid?
394 1847 454 1912 ego
476 1826 646 1892 Fundanio
670 1848 736 1890 non
760 1826 876 1910 cupio?
899 1848 966 1892 non
989 1829 1113 1893 amicus

157 1916 250 1981 sum?
277 1938 345 1982 non
367 1915 584 1981 misericordia
611 1913 763 1979 moveor?
791 1936 886 1980 nemo
909 1915 1028 2000 magis,
1057 1919 1114 1981 sed

157 2005 206 2069 vis
228 2006 307 2069 iuris
330 2004 485 2068 eiusmodi
508 2007 558 2067 est
576 2003 767 2086 quibusdam
789 2002 825 2067 in
846 2003 951 2085 rebus,
973 2006 1012 2067 ut
1030 2005 1115 2069 nihil

157 2094 200 2157 sit
230 2094 293 2158 loci
324 2093 456 2178 gratiae.
500 2090 608 2174 Atque
639 2091 686 2154 ita
716 2090 796 2155 mihi
823 2091 951 2155 dicebat
979 2089 1114 2157 Flavius

158 2183 313 2265 scriptum
339 2182 374 2244 in
397 2202 435 2245 ea
462 2179 611 2262 epistola,
639 2200 735 2261 quam
761 2182 852 2242 tuam
879 2199 948 2244 esse
976 2179 1120 2264 dicebat,

156 2273 189 2333 te
213 2274 269 2334 aut
291 2269 384 2352 quasi
407 2268 516 2332 amicis
538 2268 602 2331 tuis
626 2267 747 2351 gratias
771 2270 917 2331 acturum
940 2270 997 2331 aut
1021 2271 1114 2352 quasi

118 2374 144 2414 11
157 2357 295 2421 inimicis
308 2356 629 2421 incommodatumm.
661 2354 744 2431 Quid
757 2354 881 2419 multa?
901 2354 1026 2419 ferebat
1040 2377 1115 2441 gra-

157 2446 239 2511 viter
253 2444 320 2525 tid
342 2443 548 2509 vehementer
570 2464 694 2507 mecum
716 2443 909 2527 querebatur
926 2443 1115 2528 orabatque,

157 2538 195 2599 ut
218 2534 259 2599 ad
280 2537 313 2598 te
336 2553 433 2617 quam
452 2531 696 2615 diligentissime
715 2531 900 2597 scriberem:
923 2531 1010 2614 quod
1027 2532 1114 2597 facio

158 2626 191 2688 et
213 2627 245 2688 te
268 2643 400 2706 prorsus
422 2619 627 2684 vehementer
654 2619 751 2683 etiam
778 2623 874 2704 atque
902 2620 1000 2684 etiam
1023 2642 1115 2706 rogo,

158 2715 194 2775 nt
217 2715 250 2775 et
271 2708 532 2794 procuratoribus
551 2705 655 2772 Flavii
672 2708 817 2773 remittas
836 2707 874 2772 de
897 2707 1115 2775 deminuendo

158 2803 191 2863 et
203 2797 512 2882 Apollonidensibus
531 2817 572 2860 ne
591 2795 668 2880 quid
685 2797 873 2880 perscribas
896 2795 981 2880 quod
999 2801 1116 2863 contra

158 2885 305 2951 Flavium
337 2886 392 2970 sit,
424 2885 574 2970 amplius:
606 2887 639 2949 et
670 2882 774 2950 Flauii
805 2905 902 2949 causa
934 2888 966 2948 et
992 2885 1117 2950 scilicet

158 2975 304 3059 Pompeii
324 2974 423 3040 facies
446 2974 563 3041 omnia.
608 2971 694 3038 Nolo
722 2972 845 3039 medius
872 2971 966 3037 fidius
996 2994 1036 3038 ex
1057 2977 1118 3041 tua

158 3064 276 3131 iniuria
306 3063 343 3130 in
373 3063 465 3128 illum
491 3062 551 3129 tibi
578 3061 743 3127 liberalem
770 3082 821 3131 nie
852 3061 966 3144 videri,
997 3062 1054 3125 sed
1083 3067 1118 3127 te

229 3238 281 3309 Ep.
300 3244 325 3307 2,
340 3245 365 3294 9.
400 3236 470 3308 Lepi
496 3238 554 3307 ipsc
580 3237 734 3306 epistolum,
761 3249 843 3307 quum
864 3234 1003 3305 scripsisse
1029 3235 1118 3305 (W.)‘?

158 3309 192 3364 L.
212 3326 243 3376 a,
262 3327 285 3380 q.
300 3324 352 3366 ser.
371 3308 543 3378 (Kayser.)??
581 3314 622 3362 10.
641 3307 903 3363 incommodarum
921 3308 965 3373 (a,
978 3305 1070 3361 Palat.
1082 3314 1118 3373 4.,

159 3381 268 3451 Regg.).
313 3380 482 3436 &acommoda
509 3380 630 3435 loturum
656 3378 745 3443 Mul,
763 3377 794 3431 B.
842 3384 883 3432 11.
910 3376 1031 3447 praeibo·
1048 3381 1067 3442 †
1087 3379 1120 3433 id

158 3452 322 3582 aebemtqutcr
349 3450 462 3521 (Mau).
507 3466 548 3523 qr.
571 3455 597 3505 ct
618 3449 673 3505 orla.
702 3447 785 3516 (Era,
804 3447 846 3516 Β.)
869 3449 919 3502 aut
939 3462 996 3518 ρης
1023 3448 1120 3519 itaqua

149 3526 240 3599 cet(
277 3526 306 3599 .).
