2370 3878
187 187 251 250 228
469 186 506 240 Μ.
526 186 649 242 TULLII
667 185 857 242 CICERONIS

186 332 247 395 tibi
270 352 343 394 cnm
364 330 510 413 impensa
532 352 604 394 mea
627 331 802 414 exhibeam,
824 333 876 398 fac
895 355 945 397 me
965 335 1143 399 certiorem.

152 433 168 482 2
188 418 221 484 si
245 419 321 502 quid
343 418 378 481 in
405 439 439 482 re
466 418 595 502 publica
617 420 720 482 maius
748 423 855 483 actum
878 423 952 504 erit,
979 423 1065 506 quod
1088 424 1144 487 isti

188 507 325 590 operarii
346 507 453 570 minus
476 507 641 571 commode
659 509 807 591 persequi
825 511 960 592 possint,
983 514 1015 573 et
1034 533 1142 594 quem-

188 595 361 658 admodum
392 599 499 659 actum
537 596 579 658 sit
614 598 647 658 et
683 618 764 678 quae
801 597 993 661 existimatio
1033 603 1143 662 secuta

188 704 331 766 quaeque
355 683 394 746 de
417 704 454 747 eo
479 704 551 766 spes
575 684 625 765 sit,
648 682 819 768 diligenter
840 686 901 748 tibi
924 686 985 769 ipsi
1008 689 1141 769 perscri-

187 771 307 835 bemus.
343 770 389 835 Ut
402 792 489 834 nunc
508 775 566 854 est,
583 772 673 835 nulla
691 793 810 856 magno
830 795 925 856 opere
945 776 1141 856 exspectatio

188 864 248 923 est:
276 880 352 923 nam
375 862 408 923 et
429 859 476 922 illi
499 880 642 923 rumores
672 859 711 923 de
735 861 872 924 comitiis
896 861 1141 944 Transpadano-

187 970 259 1012 rum
282 945 455 1012 Oumarum
478 949 572 1011 tenus
601 948 780 1031 caluerunt,
803 948 941 1013 Romam
968 972 1067 1032 quum
1090 973 1141 1014 ve-

187 1037 319 1119 nissem,
346 1057 387 1100 ne
410 1036 633 1100 tenuissimam
661 1036 789 1119 quidem
817 1037 1014 1102 auditionem
1042 1038 1080 1100 de
1104 1060 1142 1101 ea

187 1146 221 1188 re
254 1125 375 1208 accepi3
401 1127 568 1208 praeterea
594 1122 778 1207 Marcellus,
811 1125 895 1207 quod
928 1126 1032 1189 adhuc
1059 1126 1141 1189 nihil

187 1213 312 1277 rettulit
343 1213 382 1275 de
414 1212 613 1276 successione
640 1213 878 1295 provinciarum
901 1211 1078 1277 Galliarum
1110 1219 1142 1277 et

187 1302 222 1364 in
240 1299 403 1364 Kalendas
421 1298 541 1382 Iunias,
563 1303 600 1365 ut
622 1299 703 1365 mihi
724 1300 793 1383 ipse
816 1301 905 1383 dixit,
928 1323 998 1365 eam
1017 1302 1141 1364 distulit

187 1388 390 1471 relationem,
422 1408 498 1451 sane
531 1409 627 1470 quam
659 1408 713 1451 eos
745 1409 908 1452 sermones
936 1391 1141 1472 †expressit,

188 1477 243 1558 qui
266 1476 304 1539 de
328 1496 366 1538 eo
388 1478 457 1538 tum
480 1475 619 1558 fuerant,
642 1497 740 1558 quum
762 1475 885 1540 Romae
908 1499 967 1541 nos
991 1499 1140 1541 essemus

152 1564 237 1627 3Tu
266 1564 293 1627 si
319 1563 520 1647 Pompeium,
552 1567 589 1627 ut
615 1564 759 1647 volebas,
791 1565 965 1648 offendisti,
997 1566 1051 1648 qui
1080 1566 1141 1628 tibi

187 1653 274 1716 visus
298 1652 340 1715 sit
362 1655 395 1714 et
417 1673 513 1736 quam
537 1652 716 1715 orationem
735 1651 885 1716 habuerit
906 1657 1013 1716 tecum
1031 1674 1140 1735 quam-

189 1762 249 1824 que
274 1739 450 1805 ostenderit
471 1741 671 1804 voluntatem
686 1742 829 1805 -solet
851 1741 937 1804 enim
960 1739 1045 1804 aliud
1070 1762 1140 1803 seu-

187 1830 248 1894 tire
272 1832 304 1893 et
326 1829 414 1913 loqui
436 1850 540 1912 neque
568 1830 695 1894 tantum
718 1830 824 1894 valere
846 1829 991 1914 ingenie,
1013 1832 1050 1894 ut
1072 1851 1141 1892 non

153 1929 170 1977 4
189 1921 352 2004 appareat,
370 1917 446 2001 quid
465 1917 574 2001 cupiat
587 1955 640 2002 -,
656 1917 709 1984 fac
727 1918 806 1983 mihi
824 1918 1011 2002 perscribas.
1047 1915 1140 1992 Quod

188 2007 229 2070 ad
257 2005 439 2091 Caesarem,
471 2006 573 2070 crebri
601 2010 633 2070 et
658 2027 725 2072 non
753 2006 829 2070 belli
857 2007 895 2071 de
923 2029 960 2073 eo
988 2027 1140 2088 rumores,

189 2095 244 2157 sed
267 2089 483 2159 susurratores
507 2095 685 2177 dumtaxat,
712 2095 858 2158 veniunt:
891 2095 973 2159 alius
1001 2096 1140 2179 equitem

187 2181 376 2266 perdidisse,
408 2182 506 2264 quod,
539 2180 666 2265 opinor,
698 2185 782 2246 certe
814 2181 925 2246 fiotum
961 2188 1022 2265 est,
1059 2183 1140 2246 alius

188 2269 357 2352 septimam
383 2270 543 2353 legionem
574 2271 756 2353 vapulasse,
787 2270 893 2353 ipsum
923 2269 1008 2352 apud
1034 2269 1140 2334 Bello-

187 2377 283 2420 vacos
307 2355 530 2420 circumsederi
551 2357 759 2421 interclusum
782 2357 823 2420 ab
845 2357 968 2439 reliquo
987 2358 1139 2422 exercitu:

187 2465 291 2528 neque
319 2443 423 2508 adhuc
455 2444 533 2507 certi
565 2444 740 2527 quidquam
767 2447 828 2526 est,
860 2464 962 2526 neque
989 2445 1069 2509 haec
1092 2447 1139 2509 in-

189 2537 276 2598 certa
297 2535 407 2596 tamen
424 2532 521 2616 vulgo
540 2531 710 2614 iactantur,
734 2531 789 2595 sed
806 2531 891 2595 inter
908 2553 1038 2616 paucos,
1059 2556 1139 2616 quos

188 2625 225 2686 tn
256 2621 355 2705 nosti,
386 2620 493 2705 palam
526 2623 646 2684 secreto
682 2621 868 2700 narrantur,
904 2624 939 2683 at
969 2621 1140 2703 Domitius,

189 2732 287 2792 quum
309 2729 424 2774 manus
452 2707 493 2771 ad
520 2729 556 2772 os
583 2706 741 2791 apposuit.
786 2705 831 2769 Te
855 2728 882 2770 a.
906 2707 934 2770 d.
958 2721 1045 2768 vr111.
1068 2709 1139 2774 Kal.

188 2796 298 2861 Iunias
326 2795 590 2863 subrostrani-
620 2795 705 2878 quod
731 2795 860 2859 illorum
887 2796 984 2879 capiti
1013 2796 1068 2858 sitl
1096 2834 1141 2844 -

189 2885 384 2969 dissiparant
405 2884 537 2969 perisse:
560 2883 638 2948 urbe
662 2903 699 2947 ac
721 2883 792 2949 foro
815 2886 885 2949 toto
909 2884 1066 2948 maximus
1089 2908 1139 2949 ru·

188 2995 259 3038 mor
280 2973 344 3037 fuit
364 2976 397 3037 te
421 2995 441 3037 a
459 2971 495 3050 Q.
509 2971 662 3057 Pompeio
684 2971 720 3036 in
741 2972 855 3037 itinere
874 2973 1023 3037 occisum.
1059 2971 1140 3059 Ego,

259 3165 310 3234 Ep.
332 3171 355 3232 1,
370 3170 395 3218 2.
423 3165 475 3218 tibi
491 3164 547 3232 ipsi
556 3165 752 3232 barcelonam
767 3164 931 3235 (Pluygers).
968 3169 986 3218 t.
1001 3181 1031 3234 p.
1047 3165 1140 3234 vulgo.

191 3267 224 3277 -
244 3237 400 3301 caluerunt,
422 3234 538 3289 Remum
615 3236 721 3304 acecpi,·
739 3239 882 3302 praeterea
905 3233 980 3302 (W).
1017 3236 1082 3299 cnl.;
1105 3235 1140 3288 R.

253 3307 351 3376 accept.
390 3306 439 3360 Pr.
458 3305 552 3375 vulgo.
577 3333 610 3344 -
637 3306 800 3373 mannasse
823 3305 897 3373 (Ν).
939 3306 1066 3374 repressit
1089 3305 1141 3374 (L.)

190 3380 240 3431 aut
252 3379 354 3446 presset
372 3375 447 3446 (On).
486 3375 641 3446 [expressit
658 3375 688 3428 B.
709 3406 742 3414 -
761 3391 873 3430 essemus
890 3391 957 3430 aaa.
995 3375 1040 3429 Ta
1058 3374 1142 3443 (Kay-

183 3450 262 3514 θεων
297 3455 337 3574 gv
346 3448 420 3518 quod
438 3448 536 3503 attinet
554 3447 591 3502 ad
610 3445 750 3502 Caesarne
769 3445 855 3515 (W.)?
874 3476 907 3486 -
931 3445 1003 3515 qaod
1020 3446 1143 3514 tpsomua

172 3519 296 3585 capati(
335 3523 374 3588 ,)?
410 3562 414 3569 .
