2370 3878
389 184 648 241 EPISTOLARUM
666 184 712 238 Vl.
733 190 756 238 6.
989 183 1050 245 171

95 328 266 413 praefecit,
289 326 466 411 Sulpicium
492 327 657 410 Graeciae;
684 327 885 408 Marcellum,
913 326 1052 391 0111110-

95 417 181 480 xime
211 416 431 499 suscensebat,
459 438 531 479 cum
559 437 683 480 summa
709 416 797 479 illius
825 415 982 499 dignitate
1005 436 1052 478 re-

96 505 212 569 stituit.
249 503 320 579 Quo
342 504 443 588 igitur
465 505 545 568 haec
568 503 737 586 spectant?
773 503 894 567 Rerum
916 502 1053 567 1100110-
1074 522 1106 570 11

95 598 172 656 tura
186 595 219 655 et
238 592 379 655 civilium
392 595 574 675 temporum
592 613 660 656 non
673 591 822 675 patietur,
841 612 900 654 nec
919 612 1053 654 manens

98 701 158 745 nec
185 683 311 743 mutata
338 680 421 744 ratio
448 679 544 761 feret,
571 680 710 763 primum
737 682 774 742 ut
800 699 868 742 non
894 679 929 741 in
958 700 1054 742 causa

98 768 170 851 pari
184 768 295 831 eadem
311 768 353 831 sit
367 771 399 831 et
413 767 558 831 condicio
577 770 610 831 et
624 767 756 831 fortuna
770 767 922 850 omnium,
941 766 1054 830 deinde

98 857 193 919 utin
216 860 288 919 eam
311 856 473 919 civitatem
499 856 578 919 boni
604 856 665 920 viri
693 859 726 919 et
752 856 831 920 boni
858 855 942 918 cives
965 856 1055 917 nulla

97 944 279 1028 ignominia
301 944 407 1008 notati
429 964 497 1007 non
519 946 730 1025 revertantur,
752 943 787 1006 in
810 964 906 1025 quam
929 946 979 1006 tot
1001 964 1055 1005 ue·

99 1031 255 1096 fariorum
278 1033 433 1095 scelerum
461 1031 666 1096 condemnati
691 1033 901 1094 reverterunt.
945 1029 1055 1093 Habes
1075 1049 1108 1097 12

99 1120 271 1204 augurium
299 1141 419 1202 meum,
452 1141 529 1201 quc,
562 1119 588 1182 si
616 1118 693 1200 quid
723 1117 957 1200 addubitarem,
988 1139 1054 1180 uon

100 1208 208 1291 potius
240 1211 347 1271 uterer
380 1228 476 1290 quam
508 1207 564 1269 illa
596 1206 830 1287 consolatione,
867 1226 931 1287 qua
961 1204 1055 1268 facile

100 1295 218 1359 fortem
242 1296 346 1359 virum
369 1298 596 1359 sustentarem:
619 1298 661 1377 te,
684 1295 710 1359 si
733 1294 899 1377 explorata
921 1293 1056 1357 victoria

100 1405 191 1446 arma
219 1384 407 1466 sumpsisses
435 1405 494 1467 pro
521 1404 556 1447 re
582 1383 776 1466 publiea-
800 1382 846 1446 ita
873 1382 959 1444 enim
986 1386 1056 1444 tuni

101 1472 239 1554 putabas
255 1508 306 1554 -—,
328 1493 396 1535 non
417 1472 515 1535 nimis
538 1492 606 1535 esse
624 1470 830 1553 laudandum,
853 1470 904 1533 sin
924 1473 1057 1553 propter

101 1559 241 1623 incertos
265 1561 368 1623 exitus
391 1563 587 1642 eventusque
610 1558 767 1623 bellorum
790 1580 885 1642 posse
905 1558 1057 1640 accidere,

102 1651 139 1709 ut
161 1648 373 1730 vinceremur,
396 1652 556 1732 putasseS,
583 1669 651 1711 non
679 1647 793 1711 debere
820 1650 853 1710 te
882 1647 922 1710 ad
946 1667 1057 1710 secun·

103 1735 177 1798 dam
200 1735 365 1799 fortunam
382 1737 464 1800 bene
484 1738 635 1819 paratum
652 1735 761 1817 fuisse,
783 1735 951 1798 adversam
973 1733 1057 1797 ferre

102 1825 193 1887 nullo
216 1824 311 1888 modo
340 1846 444 1907 posse.
489 1823 697 1905 Disputarem
724 1822 834 1904 etiam,
862 1824 983 1904 quanto
1008 1842 1057 1885 so·

102 1911 181 1974 latio
206 1911 265 1973 tibi
289 1910 485 1974 conscientia
507 1910 556 1972 tui
578 1908 666 1992 facti,
689 1911 829 1992 quantae
853 1908 1058 1972 delectationi

103 1998 139 2060 in
165 1998 261 2060 rebus
296 1997 436 2060 adversis
467 1996 593 2059 litterae
621 2016 691 2059 esse
723 1995 889 2077 deberent3
922 2017 1057 2058 comme·

103 2105 263 2147 morarem
294 2105 362 2147 non
398 2084 503 2147 solum
534 2087 690 2166 veterum,
727 2083 782 2146 sed
817 2082 933 2147 horum
961 2084 1057 2148 etiam

103 2171 282 2233 recentium
309 2172 360 2234 vel
387 2172 504 2235 dueum
531 2172 582 2235 101
609 2171 762 2235 comitum
784 2175 914 2236 tuorum
937 2174 1057 2257 gravis-

104 2259 203 2322 simos
236 2280 341 2342 casus3
377 2260 474 2323 etiam
506 2263 654 2324 externos
685 2261 805 2325 multos
837 2262 940 2325 claros
972 2262 1059 2326 viros

104 2349 319 2430 nominarem;
350 2348 437 2412 levat
469 2349 554 2412 enim
581 2349 724 2414 dolorem
756 2349 935 2414 communis
967 2348 1059 2432 quasi

104 2436 185 2519 legis
209 2440 242 2499 et
259 2436 419 2500 humanae
439 2437 633 2501 conditionis
650 2437 844 2520 recordatio,
867 2457 1059 2520 exponerem
1079 2454 1112 2505 13

105 2524 210 2607 etiam,
233 2519 500 2606 quemadmodum
523 2525 575 2589 hic
599 2528 632 2589 et
649 2529 771 2608 quanta
788 2526 823 2589 in
845 2526 940 2589 turba
959 2545 1059 2607 quau·

104 2615 200 2694 taque
223 2613 258 2675 in
282 2613 470 2677 confusione
493 2635 599 2677 rerum
623 2614 768 2678 omnium
790 2614 981 2692 viveremus3
1004 2633 1058 2674 ne·

104 2720 192 2763 cesse
216 2703 266 2764 est
289 2701 375 2765 enim
397 2702 521 2766 minore
545 2701 701 2766 desiderio
725 2701 851 2784 perdita
872 2722 907 2763 re
929 2699 1059 2784 publica

103 2809 211 2852 carere
235 2811 331 2871 quam
354 2790 448 2854 bona.
490 2787 552 2854 Sed
575 2789 637 2854 hoc
656 2810 772 2874 genere
791 2788 872 2852 nihil
896 2809 976 2872 opus
995 2791 1058 2852 est:

104 2876 299 2941 incolumem
325 2881 358 2940 te
386 2879 464 2962 cito,
495 2881 532 2941 ut
555 2899 661 2961 spero,
692 2879 744 2941 101
773 2877 894 2962 potius,
925 2881 963 2941 ut
988 2897 1058 2961 per-

104 2965 215 3049 spicio,
238 2964 424 3029 videbimus.
460 2963 589 3028 Interea
610 2965 671 3029 tibi
694 2965 821 3030 absenti
844 2969 876 3030 et
897 2966 981 3049 huic,
1004 2965 1059 3048 qui

104 3054 205 3136 adest,
227 3053 362 3137 imagini
385 3053 485 3116 animi
504 3057 536 3116 et
554 3054 697 3137 corporis
716 3054 774 3138 tui,
796 3053 1058 3119 constantissimo

103 3143 201 3223 atque
230 3142 352 3224 optimo
379 3141 446 3204 filio
474 3144 544 3224 tuo,
573 3141 715 3206 studium
742 3142 896 3225 officium,
929 3161 1058 3223 operam

103 3228 248 3293 laborem
271 3249 377 3292 meum
399 3229 588 3313 iampridem
613 3233 645 3294 et
667 3230 830 3313 pollicitus
858 3251 929 3292 sum
952 3230 984 3290 et
1007 3226 1059 3290 de-

104 3317 177 3400 tuli,
204 3338 291 3381 nunc
313 3316 375 3381 hoc
398 3318 549 3402 amplius,
577 3319 663 3403 quod
689 3339 741 3382 me
769 3316 959 3382 amicissime
983 3337 1059 3398 quo-

103 3404 182 3468 tidie
209 3406 313 3489 magis
341 3403 460 3470 Caesar
491 3407 693 3490 amplecitur,
724 3405 898 3469 familiares
931 3403 1059 3487 quidem

104 3493 186 3578 eius,
214 3493 308 3557 sicuti
330 3494 504 3561 neminem:
532 3496 619 3579 apud
646 3515 743 3580 quem
765 3491 925 3578 quidquid
945 3491 1069 3557 saletas
