2370 3878
237 180 303 245 olo
518 178 556 236 u.
575 178 698 234 numu
716 164 906 233 crenaou'rs

605 426 677 492 xv.
706 423 817 513 [xva]

325 538 381 596 Ser.
405 539 510 593 Romae
534 541 651 593 exeunte
677 554 771 592 mense
790 537 889 592 Sextili
907 554 931 593 a.
950 554 977 593 ιι.
998 555 1022 593 ο.
1045 545 1109 594 700.

343 661 509 717 MARCUS
528 661 683 732 QUINTO
697 659 858 714 FRATRI
875 658 1090 717 SALUTEM,

209 779 222 821 1
303 761 408 838 Quum
431 784 451 826 a
472 783 524 826 me
545 762 670 825 litteras
692 760 813 825 librarii
837 783 935 826 manu
956 764 1137 848 acceperis,
1159 787 1182 829 n

235 852 379 936 paullum
402 851 524 932 quidem
550 871 601 914 me
633 849 691 914 otii
722 848 872 913 habuisse
904 849 1062 934 iudicato,
1098 875 1182 936 quu

236 943 344 1003 autem
367 961 451 1021 mea,
478 939 635 1021 paullum:
668 937 713 1001 sic
741 938 827 1000 enim
852 937 984 1020 habeto,
1011 960 1182 1024 numqua

236 1050 288 1091 me
316 1028 461 1091 acausis
489 1030 522 1090 et
548 1025 673 1090 iudiciis
705 1024 930 1089 districtiorem
961 1025 1063 1090 fuisse
1100 1034 1182 1113 atqu

236 1117 269 1180 id
293 1116 370 1180 anni
397 1120 541 1198 tempore
570 1115 759 1199 gravissimo
787 1116 819 1176 et
846 1113 1005 1178 caloribus
1032 1118 1185 1181 maximi

237 1202 299 1268 Sed
321 1203 410 1287 haec,
433 1203 585 1287 quoniam
607 1207 643 1266 tu
666 1203 712 1266 ita
729 1201 928 1286 praescribis,
949 1201 1089 1268 ferenda
1112 1228 1177 1270 sun

236 1313 338 1376 neque
362 1291 640 1373 committendum,
668 1295 705 1354 ut
736 1293 793 1354 aut
819 1288 888 1372 spei
914 1293 971 1353 aut
998 1292 1180 1375 cogitatio

236 1386 360 1445 vestrae
393 1401 453 1464 ego
480 1379 589 1443 videar
617 1379 769 1462 defuisse,
799 1378 986 1462 praesertim
1017 1400 1138 1465 quum,
1176 1411 1184 1440 2

235 1469 268 1532 id
292 1468 452 1531 difficilius
475 1467 586 1550 fuerit,
612 1471 723 1531 tamen
745 1488 783 1530 cx
809 1466 871 1531 hoc
897 1466 1008 1530 labore
1035 1490 1180 1554 magna

236 1556 374 1640 gratiam
409 1575 623 1638 magnamque
659 1555 850 1639 dignitatem
891 1554 951 1618 sim
986 1556 1185 1622 collecturu

234 1642 357 1726 Itaque,
379 1645 417 1706 ut
438 1642 498 1704 tibi
515 1642 630 1726 placet,
652 1641 764 1706 damus
784 1663 922 1725 operam,
945 1663 985 1706 ne
1006 1644 1101 1708 cuius
1126 1647 1184 1711 ani

235 1753 323 1795 mum
351 1730 550 1795 offendamus
578 1733 673 1813 atque
697 1734 733 1794 ut
760 1731 857 1794 etiam
884 1731 924 1794 ab
947 1730 987 1794 iis
1009 1731 1108 1816 ipsis,
1139 1757 1162 1818 q

235 1842 294 1884 nos
318 1841 390 1884 curn
413 1817 548 1884 Caesare
568 1822 636 1883 tam
659 1818 848 1883 coniunctos
866 1818 985 1901 dolent,
1007 1818 1146 1905 diligam

236 1909 276 1972 ab
305 1908 415 1991 aequis
441 1929 516 1972 vero
545 1910 602 1971 aut
628 1907 724 1971 etiam
747 1906 915 1991 propensis
941 1906 977 1970 in
1003 1906 1091 1973 hane
1119 1932 1183 1993 par

209 2004 301 2061 rtem
324 1996 529 2061 vehementer
548 1999 580 2058 et
598 1995 741 2060 colamur
758 1997 791 2058 et
809 2015 960 2058 amemur.
995 1993 1044 2059 De
1064 1997 1173 2062 ambit

236 2108 334 2169 quum
362 2084 559 2148 atrocissime
587 2086 736 2167 ageretur
764 2083 799 2146 in
826 2085 940 2147 senatu
962 2084 1085 2148 multos
1115 2086 1185 2150 die

235 2173 320 2257 quod
349 2173 397 2237 ita
423 2176 516 2237 erant
542 2171 704 2257 progressi
732 2170 894 2235 candidati
925 2172 1126 2257 consulares,
1156 2199 1179 2238 u

234 2283 302 2325 non
324 2265 408 2325 esset
429 2259 610 2344 ferendum,
637 2260 672 2324 in
699 2263 813 2324 senatu
841 2280 908 2323 non
930 2259 990 2322 fui:
1018 2262 1121 2325 statui
1151 2285 1185 2326 a·

235 2349 358 2412 nullam
384 2349 575 2412 medicinam
602 2348 648 2412 rei
675 2347 821 2432 publicae
853 2347 921 2410 sine
948 2367 1069 2432 magno
1098 2372 1180 2433 prae

207 2436 316 2500 osidio
340 2435 496 2500 accedere.
542 2434 611 2511 Quo
640 2435 690 2500 die
712 2435 792 2500 haec
815 2435 940 2518 scripsi,
968 2434 1096 2501 Drusus
1120 2460 1179 2503 era

236 2525 273 2589 de
296 2523 569 2608 praevaricatione
592 2545 612 2586 a
633 2523 771 2588 tribunis
795 2523 925 2587 aerariis
948 2523 1133 2609 absolutus,
1158 2550 1185 2590 ι.

235 2634 359 2677 summa
378 2615 529 2695 quattuor
548 2610 725 2692 sententiis,
748 2633 846 2694 quum
865 2614 1028 2675 senatores
1047 2616 1081 2675 et
1100 2617 1180 2698 equi

233 2705 283 2764 tes
302 2700 517 2765 damnassent.
552 2696 624 2782 Ego
645 2697 755 2762 eodem
774 2699 824 2762 die
846 2691 1105 2783 postmeridiana
1123 2702 1180 2766 Va

233 2789 350 2852 tinium
373 2808 460 2853 eram
479 2786 680 2850 defensurus:
703 2808 741 2850 ea
758 2808 809 2851 res
827 2787 931 2851 facilis
951 2790 1007 2851 est.
1046 2785 1184 2854 Comiti-

232 2876 268 2939 in
291 2895 433 2938 mensem
457 2871 676 2958 Septembrem
698 2875 815 2939 reiecta
843 2879 926 2940 sunt.
971 2873 1084 2940 Scauri
1107 2879 1180 2943 iudi

234 2964 318 3028 cium
350 2962 460 3026 statim
492 2963 701 3047 exercebitur,
737 2964 788 3028 oui
818 2985 879 3028 nos
914 2985 982 3028 non
1017 2964 1184 3032 deerimus

232 3051 467 3125 Συνδείπνοος
496 3048 726 3134 Σοφοκλέους,
756 3073 948 3137 quamquam
976 3055 1049 3115 ate
1080 3058 1185 3118 aeta..

232 3140 384 3203 fabellam
415 3138 508 3202 uideo
541 3159 609 3202 esse
632 3139 761 3224 festive,
793 3141 882 3204 nullo
914 3139 1009 3204 modo
1041 3140 1184 3222 probavi

205 3225 338 3292 rVenio
366 3247 453 3290 nunc
481 3224 522 3289 ad
548 3225 595 3309 id,
624 3227 710 3310 quod
741 3228 849 3293 nescio
878 3248 920 3292 an
946 3227 1087 3312 primum
1117 3252 1185 3297 ess

265 3504 276 3560 Ι
296 3433 410 3562 ἐμοῦ,
427 3441 450 3488 1.
479 3438 528 3488 aut
546 3434 628 3490 eriam
641 3438 788 3506 propensis
802 3437 875 3507 (W).
912 3454 937 3492 a.
956 3453 977 3492 e.
991 3453 1010 3492 a
1027 3452 1072 3506 pr.
1093 3438 1181 3493 MRI.

227 3523 297 3579 νος
315 3547 321 3561 .

263 3720 307 3799 ,a
