2370 3878
242 152 500 208 EPISTOLARUM
513 151 563 206 AD
583 150 614 217 Q.
628 150 805 206 FRATREM
818 150 839 204 I.
855 158 878 204 1.
974 151 1036 214 561

84 298 275 382 superiores
297 297 473 362 cautiorem
496 297 594 360 etiam
617 317 654 365 ac
678 296 923 381 diligentiorem.
969 292 1042 358 Sint
1056 312 1081 349 1³

85 408 178 451 aures
210 390 298 469 tuae,
315 407 412 487 'quae
444 385 490 467 id,
522 383 608 467 quod
638 383 787 466 audiunt,
820 384 901 448 exist
887 384 1041 446 timentur

86 475 204 558 audire,
226 497 294 538 non
312 474 347 537 in
366 495 445 556 quas
463 473 519 536 fict
505 476 537 536 tc
556 475 589 535 et
607 473 737 536 simulat
723 476 755 535 te
775 476 897 561 quaest
889 495 927 536 us
946 493 1042 536 causa

85 565 317 645 insusurretur3
346 562 388 625 sit
415 561 531 625 anulus
558 563 633 624 tuus
660 582 728 624 non
755 564 792 624 ut
818 583 875 625 vas
891 550 1042 643 aliquod,

12 680 16 684 ·
87 651 142 716 sed
164 650 363 734 tamquam
353 670 423 732 rpse
446 653 496 732 tu,
526 669 593 713 non
616 648 762 713 minister
785 651 908 714 alienae
931 650 1042 714 volun-

85 739 172 823 11111,
196 739 290 804 sedt
291 741 339 802 est
340 739 367 802 is
390 742 478 819 tuae3
506 758 659 800 accensus
683 737 726 800 sit
748 758 785 801 eo
808 759 956 821 numero,
979 758 1042 821 quo

86 850 160 892 eum
183 828 321 892 maiores
345 826 448 890 nostri
467 846 536 888 csse
553 825 735 909 voluerunt,
758 825 813 908 qui
834 826 897 890 hoc
920 826 1044 889 nonin

86 915 233 979 beneficii
259 916 345 997 loce,
378 913 433 978 sed
460 914 495 976 in
522 913 643 977 laboris
670 935 707 977 ac
734 914 877 977 muneris
904 935 972 977 non
998 917 1044 976 te·
1134 990 1137 999 Ι

87 1024 173 1067 mere
202 1003 265 1066 nisi
292 1002 416 1066 libertis
445 1002 510 1065 suis
539 1001 739 1085 deferebant,
767 1001 883 1083 quibus
906 1000 954 1063 illi
977 1002 1044 1084 qui·

88 1092 161 1154 dem
193 1112 261 1154 non
292 1091 394 1154 multo
428 1111 518 1154 secus
551 1111 588 1153 ac
625 1090 724 1152 servis
755 1089 971 1172 imperabant,
1004 1089 1046 1151 sit

88 1179 183 1242 lictor
206 1200 273 1243 non
296 1179 313 1217 '¹‘
338 1200 423 1260 suae,
447 1177 502 1241 sed
524 1180 601 1241 tuae
623 1177 767 1241 lenitatis
791 1177 956 1261 apparitor
980 1197 1045 1240 ma-

88 1267 219 1367 ioraquc
247 1228 433 1349 praeferant
459 1265 563 1329 fasces
591 1265 638 1329 illi
666 1286 703 1329 ac
727 1287 853 1329 secures
877 1265 1045 1349 dignitatatis

89 1354 232 1454 insignia
259 1375 356 1437 quam
382 1354 535 1454 potestat
526 1357 607 1417 111
608 1354 655 1417 oti
684 1353 821 1438 denique
849 1354 891 1418 sit
917 1353 1046 1437 provin-

91 1442 158 1506 ciae
178 1443 376 1528 cognitumt
362 1442 422 1506 tibi
437 1442 589 1525 omnium,
613 1441 727 1525 quibus
746 1443 878 1544 praesis,
901 1443 1046 1523 salutem,

89 1530 208 1596 liberos
230 1529 365 1614 famam,
391 1531 540 1595 fortunas
568 1541 637 1594 csse
664 1531 854 1595 carissimas.
899 1530 1045 1612 Denique

90 1619 170 1682 haec
193 1619 303 1702 opinio
327 1619 382 1702 sit,
408 1640 476 1682 non
499 1619 594 1683 modo
616 1619 670 1702 iis,
697 1619 752 1702 qui
776 1619 895 1703 aliquid
919 1639 1046 1701 accepe-

90 1707 165 1790 rint,
189 1707 244 1771 sed
267 1707 306 1770 iis
330 1707 437 1790 etiam,
460 1708 514 1790 qui
538 1706 693 1790 dederint,
716 1710 749 1770 te
767 1707 942 1790 inimicum,
965 1707 992 1769 si
1014 1707 1047 1768 id

91 1795 293 1879 cognoveris,
324 1794 481 1858 futurum:
514 1815 618 1877 neque
645 1815 721 1858 vero
750 1794 919 1877 quisquam
950 1794 1047 1875 dabit,

92 1903 191 1966 quum
214 1882 275 1945 erit
296 1880 358 1945 hoc
380 1885 593 1965 perspectum,
616 1880 697 1945 nihil
716 1902 774 1964 per
792 1903 856 1965 eos,
879 1882 933 1964 qui
952 1881 1047 1945 simu·

91 1970 163 2033 lant
186 1991 219 2034 11
243 1968 329 2053 apud
351 1972 384 2032 te
407 1970 544 2032 multum
563 1990 667 2053 posse,
690 1969 747 2032 abs
770 1972 802 2032 te
827 1970 928 2033 solere
949 1969 1047 2051 impe·

91 2057 180 2121 11111.
224 2055 294 2122 Nec
320 2060 430 2121 tamen
457 2056 537 2120 haec
565 2056 668 2121 oratio
701 2078 773 2120 mea
803 2060 851 2121 est
883 2056 1048 2140 eiusmodi,
1063 2069 1088 2106 14

92 2149 129 2209 ut
151 2149 183 2209 te
211 2146 247 2208 in
272 2149 347 2209 tuos
375 2146 433 2209 aut
460 2145 575 2209 durum
602 2166 671 2210 esse
699 2145 835 2209 nimium
863 2149 919 2208 aut
946 2145 1048 2228 suspi·
1096 2168 1098 2172 ·

93 2233 215 2298 ciosum
246 2233 355 2297 velim:
388 2255 473 2317 nam,
505 2234 532 2296 si
565 2233 635 2315 quis
668 2236 716 2296 est
748 2254 872 2316 eorum,
902 2233 957 2316 qui
988 2232 1049 2296 tibi

92 2321 216 2385 biennii
244 2321 349 2405 spatio
376 2342 553 2404 numquam
585 2322 620 2384 in
650 2320 864 2405 suspicionem
896 2320 1048 2386 avaritiae

93 2409 231 2492 venerit,
253 2412 290 2473 ut
312 2428 372 2495 ego
397 2407 545 2474 Caesium
572 2411 605 2473 et
628 2406 843 2493 Chaerippum
871 2409 1048 2474 111111111-

93 2519 168 2561 nem
191 2501 224 2562 et
246 2497 341 2562 audio
365 2501 410 2580 et,
433 2497 508 2581 quia
531 2498 682 2582 cognovi,
705 2497 865 2582 existimo,
887 2497 969 2561 nihil
992 2502 1050 2580 est,

94 2584 180 2670 quod
202 2606 271 2650 non
297 2589 330 2650 et
357 2586 396 2649 iis
420 2589 452 2649 et
480 2585 507 2650 si
535 2586 606 2669 quis
634 2589 683 2650 est
709 2586 792 2650 alius
820 2585 1049 2650 eiusdemmodi
1126 2662 1129 2669 Ι

93 2677 126 2738 11
149 2674 307 2740 committi
330 2677 363 2739 et
386 2673 471 2738 credi
495 2673 670 2738 rectissime
693 2678 817 2757 putem,
840 2673 904 2757 sed,
927 2674 955 2736 si
978 2674 1048 2757 quis

94 2766 151 2845 est,
174 2763 209 2826 in
232 2784 295 2846 quo
319 2763 383 2826 iam
407 2762 587 2844 offenderis,
610 2761 648 2825 de
672 2784 735 2846 quo
759 2762 879 2846 aliquid
903 2762 1050 2845 senseris

93 2849 169 2913 huic
192 2850 274 2912 nihil
297 2849 480 2932 credideris,
508 2849 632 2914 nullam
654 2853 780 2932 partem
804 2850 1049 2915 existimationis

93 2952 168 3001 tuae
191 2936 397 3013 commiseris

160 3022 201 3088 In
222 3023 388 3110 prouincia
412 3044 489 3088 vero
516 3024 587 3108 ipsa
616 3025 642 3088 si
666 3046 760 3108 quem
787 3029 971 3107 11111111,
995 3019 1089 3125 qui55

94 3111 129 3175 11
151 3115 242 3177 tuam
268 3111 469 3177 familiaritat
420 3116 521 3175 tatem
548 3113 676 3195 penitus
704 3113 845 3197 intrarit,
872 3113 928 3195 qui
955 3086 1089 3176 nobis⁵

165 3337 322 3408 Ep.1,1a.
360 3338 438 3393 lictor
460 3352 516 3393 noa
534 3341 550 3375 *
567 3355 633 3393 eoae
655 3339 728 3408 (W).
780 3339 797 3391 1.
822 3338 1051 3392 consacerdotis

92 3408 252 3533 {percpffil
279 3411 329 3463 aut
355 3409 372 3464 1.
400 3425 457 3464 aaa
483 3410 612 3464 saeuitiae
638 3425 659 3464 e.
688 3409 763 3477 (W).
814 3408 831 3461 1.
856 3422 913 3461 acu
935 3423 955 3461 c.
979 3423 1049 3462 saco.

187 3521 194 3547 ,
238 3521 243 3532 .

146 3568 259 3609 Ciceronis
273 3568 333 3616 episc
348 3568 368 3609 1.
815 3573 853 3621 2,ss
938 3596 943 3604 .
