2370 3878
330 208 589 265 EPISTOLARUM
607 208 654 264 rx.
675 215 716 263 14.
738 215 778 264 ra
972 210 1037 274 275

77 354 234 420 utendum
267 358 329 438 est,
361 354 499 439 contigit
531 354 617 418 enim
644 354 718 438 tibi,
745 354 831 438 quod
858 355 946 419 haud
971 356 1037 421 scio

78 464 121 507 an
138 443 271 527 nemini,
293 446 330 507 ut
349 465 474 508 summa
493 444 645 507 severitas
664 443 951 508 animadversionis
970 465 1037 508 non

78 532 175 596 modo
198 552 266 596 non
292 531 465 615 invidiosa,
498 532 553 596 sed
583 532 680 595 etiam
703 532 869 616 popularis
898 537 982 597 esset
1005 537 1038 596 et

79 643 178 704 quum
195 620 289 686 bonis
309 621 468 704 omnibus,
490 622 560 683 tum
578 620 690 685 infimo
711 621 824 704 cuique
843 621 1037 706 gratissima.

77 708 150 773 Hoc
173 709 202 773 si
223 709 283 772 tibi
310 708 442 775 fortuna
465 708 604 792 quadam
627 709 829 794 contigisset,
857 710 1038 793 gratularer

77 797 226 862 felicitati
239 801 329 880 tuae,
353 797 408 860 sed
423 797 560 882 contigit
573 797 796 882 magnitudine
816 819 915 882 quum
929 799 1038 882 animi,

77 890 148 949 tum
176 887 274 950 etiarn
300 884 425 971 ingenii
452 888 548 968 atque
577 886 715 967 consilii3
746 886 812 971 legi
844 887 930 950 enirn
963 908 1037 951 con-

79 974 204 1038 cionem
231 978 334 1038 tuam:
362 973 445 1038 nihil
467 973 524 1037 illa
547 974 739 1058 sapientium
766 976 814 1038 ita
840 975 1037 1059 pedetentim

78 1065 111 1125 et
144 1062 305 1147 gradatim
331 1065 401 1126 tum
429 1083 575 1126 accessus
609 1085 628 1125 a
654 1066 687 1127 te
720 1062 761 1126 ad
789 1084 919 1127 causam
949 1064 1038 1148 facti,

77 1154 149 1214 turn
171 1172 325 1235 recessus,
347 1154 458 1215 utres
481 1151 553 1234 ipsa
571 1151 793 1216 maturitatem
810 1150 871 1215 tibi
895 1151 1038 1215 animad-

79 1239 224 1303 vertendi
253 1239 397 1304 omnium
425 1260 580 1304 concessu
607 1240 707 1303 daret.
752 1239 912 1304 Liberasti
938 1239 1073 1324 igiturs

79 1330 112 1392 et
134 1326 247 1391 urbem
269 1327 411 1410 periculo
439 1330 473 1392 et
495 1327 658 1392 civitatem
681 1331 784 1411 metu,
806 1349 910 1412 neque
934 1329 1038 1392 solum

79 1415 120 1479 ad
142 1420 270 1500 tempus
294 1416 477 1498 maximamx
489 1415 663 1480 utilitatem
687 1417 838 1500 attulisti,
861 1416 917 1480 sed
940 1417 1038 1480 etiarn

79 1503 121 1568 ad
153 1504 348 1588 exemplum
396 1525 458 1582 quo
486 1502 573 1569 facto
605 1505 787 1590 intelligere
819 1504 916 1570 debes
943 1506 977 1568 in
1005 1508 1037 1568 te

78 1592 219 1676 positam
243 1613 311 1656 esse
329 1613 397 1657 rem
415 1593 578 1677 publicam
595 1592 718 1676 tibique
736 1615 804 1659 non
826 1594 922 1659 modo
945 1597 1037 1657 tuen-

80 1680 152 1764 dos,
174 1681 230 1745 sed
254 1681 351 1745 etiam
380 1681 542 1746 ornandos
565 1702 634 1746 esse
657 1682 731 1747 illos
754 1682 855 1766 viros,
877 1705 897 1746 a
920 1682 1037 1766 quibus

78 1769 208 1834 initium
230 1768 389 1834 libertatis
413 1770 594 1853 profectum
617 1773 674 1833 est.
720 1767 782 1834 Sed
805 1769 857 1833 his
880 1769 918 1832 de
941 1769 1038 1834 rebus

80 1878 189 1922 coram
212 1857 305 1941 plura
328 1857 522 1940 propediem,
544 1861 582 1920 ut
605 1878 711 1939 spero:
734 1860 771 1920 tu
795 1857 947 1938 quoniam
969 1879 1039 1922 rem

78 1946 244 2030 publicam
262 1965 385 2026 nosque
405 1964 585 2027 conservas,
607 1943 669 2029 fac,
687 1948 724 2008 ut
742 1943 986 2029 diligentissime
1005 1949 1038 2009 te

77 2035 196 2117 ipsum,
218 2032 263 2094 mi
284 2030 465 2114 Dolabella,
490 2031 661 2096 custodias.

522 2221 595 2289 XV.

170 2337 226 2392 Sar.
246 2336 351 2392 Romae
370 2338 436 2406 post
453 2335 512 2391 Vll.
533 2335 595 2390 Kal.
615 2335 734 2393 Sextiles
754 2355 777 2392 a.
798 2356 824 2393 u.
844 2356 867 2395 c.
888 2345 947 2396 ⁷08.

399 2459 527 2515 CICERO
546 2460 666 2516 PAETO
686 2462 713 2516 S.

147 2557 282 2624 Duabus
312 2560 379 2625 tuis
411 2561 555 2644 epistolia
587 2562 799 2646 respondebo:
839 2564 909 2646 uni,
941 2583 1072 2645 quaml

81 2647 252 2731 quatriduo
284 2652 359 2712 ante
392 2668 576 2733 acceperam
606 2673 626 2714 a
653 2649 767 2734 Zeth03
803 2651 909 2733 alteri,
941 2672 1038 2733 quam

82 2736 236 2800 attulerat
265 2735 412 2801 Phileros
443 2738 640 2803 tabellarius.
693 2738 744 2803 Ex
779 2739 940 2822 prioribus
973 2739 1038 2802 tuis

80 2824 197 2889 litteris
216 2824 360 2889 intellexi
377 2830 564 2910 pergratam
578 2827 651 2866 *Μ
665 2827 726 2890 tibi
743 2829 948 2911 perspectum
968 2848 1038 2892 esse

81 2912 220 2997 gaude03
243 2911 308 2998 sed,
325 2912 406 2976 mihi
425 2913 527 2997 crede,
548 2934 616 2979 non
634 2914 776 2998 perinde,
796 2918 833 2979 ut
851 2920 900 2980 est
917 2938 1038 3000 reapse,

80 3021 119 3065 ex
146 3001 262 3065 litteris
290 3001 471 3085 perspicere
498 3001 646 3084 potuisti:
673 3022 763 3084 nam,
790 3024 889 3086 quum
917 3027 936 3068 a
960 3005 1038 3069 satis

79 3089 247 3154 multis-
261 3109 330 3154 non
353 3089 440 3153 enim
462 3109 595 3172 possum
618 3090 711 3155 aliter
733 3091 898 3155 dicere-
920 3095 953 3156 et
976 3091 1038 3155 coli

79 3199 130 3242 me
149 3177 275 3243 rideam
293 3180 326 3241 et
345 3176 446 3262 diligi,
468 3197 564 3244 nemo
583 3182 632 3245 est
648 3179 778 3246 illorum
797 3181 938 3245 omnium
959 3178 1038 3242 mihi

150 3334 202 3406 Ep.
223 3341 264 3404 14,
281 3341 304 3390 ⁷.
337 3336 634 3408 praetorianae).
667 3337 856 3406 pedetemptim
878 3334 943 3388 ΜΒ.
984 3333 1036 3403 Ep.
1066 3390 1069 3394 .

81 3409 123 3474 15,
138 3413 162 3460 1.
194 3410 356 3476 pergratam
374 3408 441 3444 *²¹⁸*
459 3407 512 3462 tibi
535 3353 610 3476 (Ἧῆ.
656 3407 769 3462 Excidit
791 3407 844 3461 tibi
866 3419 919 3461 eece
943 3419 1037 3460 curam

78 3490 165 3531 anam
181 3476 349 3532 velandae
366 3479 618 3548 romaniamque
635 3492 702 3550 erqo
718 3482 746 3534 te
758 3491 952 3549 rerumquae
968 3474 1053 3543 κω.

77 3545 203 3601 n'mr'lere
218 3546 334 3614 aliquid.
364 3563 461 3618 perqr.
481 3549 536 3606 aee
554 3550 621 3589 *³⁸*
635 3567 734 3624 persp.
750 3549 789 3608 B.

792 3641 852 3699 aa*
926 3618 935 3626 '⁴
