2370 3878
121 185 159 239 M.
175 183 297 238 TULLII
312 180 502 248 CICERONIS
516 179 775 235 EPISTOLARUM
789 180 823 233 II.
840 186 916 234 1-3.
973 179 1015 243 35

57 331 143 416 quod
157 350 208 393 mc
226 328 286 392 tibi
304 326 488 411 praecipere
506 347 596 390 meus
615 325 811 390 incredibilis
829 326 865 389 in
878 329 910 388 tc
925 347 1016 390 amor

57 420 157 504 cogit:
189 420 283 481 tanta
305 418 354 479 est
376 414 572 498 exspectatio
599 415 651 479 vel
679 412 778 478 animi
809 415 860 479 vel
891 415 1015 499 ingenii

56 511 114 591 tui,
136 510 174 570 nt
195 525 256 590 ego
279 507 313 567 te
336 503 503 568 obsecrare
527 502 745 585 obtestarique
772 524 839 567 non
862 503 1015 587 dubitem,

57 598 103 661 sic
122 596 163 659 ad
181 615 241 658 nos
261 592 468 657 confirmatus
486 594 656 674 revertare,
674 595 720 675 ut,
739 612 835 674 quam
854 596 1014 676 exspecta-

55 687 180 750 tionem
197 682 246 746 tui
265 680 445 764 concitasti,
462 679 547 743 hanc
567 680 724 743 sustinere
743 700 780 742 ac
798 680 883 743 tueri
900 681 1015 765 possis,

56 778 98 856 et,
122 772 276 856 quoniam
298 790 403 833 meam
424 772 556 832 tuorum
578 789 656 853 erga
673 790 725 832 me
743 768 932 833 meritorum
949 791 1014 833 me·

57 863 193 925 moriam
215 859 306 923 nulla
328 878 481 941 umquam
504 855 623 920 delebit
646 857 778 941 oblivio,
805 860 838 921 te
861 877 955 942 rogo,
977 861 1015 922 ut

57 949 251 1033 memineris,
274 949 552 1031 quantaecumque
574 945 635 1009 tibi
658 946 856 1010 accessiones
878 946 960 1010 fient
976 950 1015 1010 et

56 1039 207 1102 fortunae
230 1040 263 1100 et
281 1034 459 1120 dignitatis,
482 1055 536 1097 eas
554 1037 587 1096 te
605 1055 673 1097 non
691 1034 834 1117 potuisse
853 1036 1016 1120 consequi,

56 1129 120 1191 ctist
142 1127 221 1190 meis
244 1145 325 1208 puer
348 1122 426 1186 olim
448 1121 642 1186 fidelissimis
665 1125 761 1205 atque
785 1123 1014 1187 amantissimis

57 1214 199 1279 consiliis
222 1212 393 1296 paruisses.
443 1208 548 1286 Quare
575 1210 638 1275 hoc
665 1211 772 1275 animo
799 1211 835 1275 in
857 1233 918 1276 nos
946 1233 1015 1276 esse

57 1303 198 1384 debebis,
219 1304 257 1364 ut
280 1303 368 1363 aetas
387 1303 501 1364 nostra
518 1299 583 1363 iam
603 1300 830 1384 ingravescens
848 1301 884 1364 in
906 1320 1014 1366 amore

57 1396 155 1473 atque
177 1390 214 1452 in
236 1388 452 1453 adolescentia
473 1391 531 1452 tua
554 1389 769 1472 conquiescat.

512 1583 555 1647 Π.

337 1694 394 1750 Sor.
412 1696 518 1749 Romae
538 1712 562 1749 a.
582 1715 608 1750 u.
628 1713 651 1750 c.
672 1702 731 1750 701.

282 1816 320 1872 M.
339 1817 468 1872 CICERO
488 1818 514 1873 S.
534 1819 567 1872 D.
587 1818 615 1872 Ο.
635 1817 791 1876 ΟΠΒΙΟΝῐ

124 1918 222 1983 Gravi
244 1921 327 1981 teste
350 1918 495 2001 privatus
519 1939 591 1981 snm
613 1918 732 1981 amoris
751 1917 868 1980 summi
888 1921 1015 2002 ergata

56 2008 130 2090 mei,
153 2009 245 2089 patre
267 2008 335 2087 tuo,
358 2004 534 2068 clarissimo
558 2005 638 2088 viro,
661 2005 715 2088 qui
738 2027 837 2087 quum
860 2007 926 2070 suis
947 2007 1016 2071 lau·

57 2095 166 2178 dibus,
192 2096 263 2157 tum
285 2113 361 2156 vero
384 2095 416 2155 te
443 2091 510 2155 filio
535 2095 717 2176 superasset
744 2093 888 2158 omnium
913 2095 1015 2161 fortu-

56 2205 143 2266 nam,
166 2182 194 2246 si
217 2181 247 2245 ei
270 2181 468 2266 contigisset,
490 2183 527 2244 ut
548 2184 582 2245 te
605 2184 680 2245 ante
698 2181 829 2266 videret,
852 2205 949 2267 quam
970 2181 1013 2270 [a]

57 2273 124 2335 vita
152 2269 331 2353 decederet3
366 2270 422 2334 scd
450 2290 543 2352 spero
574 2273 719 2334 nostram
747 2271 921 2335 amicitiam
947 2294 1015 2337 non

58 2380 152 2444 egere
174 2359 321 2423 testibus.
358 2357 432 2422 Tibi
454 2359 686 2442 patrimonium
704 2359 737 2423 di
759 2360 941 2424 fortunent:
964 2382 1015 2424 me

58 2451 142 2511 certe
160 2446 304 2531 habebis,
323 2447 374 2511 cui
393 2451 426 2511 et
444 2469 536 2511 carus
549 2468 655 2534 ,aeque
675 2448 718 2512 sis
737 2451 770 2512 et
787 2449 955 2533 iucundus,
977 2469 1015 2513 ao

60 2536 148 2600 luisti
170 2535 264 2619 patri.
294 2541 297 2545 ’

508 2710 567 2775 ΙΠ.

244 2837 247 2842 ·
337 2821 394 2876 Scr.
413 2821 519 2876 Romae
539 2840 563 2878 a.
582 2841 609 2875 u.
629 2839 652 2876 c.
669 2828 728 2877 701.

277 2946 314 3000 M.
334 2944 462 2999 CICERO
482 2945 509 2998 S.
527 2946 560 2999 Ι).
581 2945 608 2999 Ο.
629 2945 787 3000 CURIONI.

123 3043 235 3127 Rupae
259 3045 401 3109 studium
426 3066 494 3109 non
522 3045 624 3109 defuit
651 3045 916 3112 declarandorum
944 3066 1045 3112 mu-1

54 3154 171 3198 nerum
183 3136 241 3195 tuo
255 3134 394 3217 nomine,
413 3133 469 3197 scd
483 3154 543 3197 nec
556 3133 636 3198 mihi
649 3135 771 3218 placuit
789 3157 849 3200 nec
864 3137 1012 3219 cuiquam

125 3307 178 3376 Ep.
198 3306 219 3359 I.
235 3312 257 3359 2.
296 3307 471 3374 confirmatus
490 3308 568 3377 (Mn,
587 3309 652 3377 W).
689 3309 874 3376 conformatus
891 3309 960 3376 Μ1.,
980 3310 1010 3364 B.

54 3409 87 3417 -
108 3377 247 3445 consequi,
270 3379 328 3431 aisa*
348 3395 382 3432 m.
407 3379 479 3446 (edd.
499 3382 587 3449 vett).
632 3397 653 3433 c.
677 3397 712 3434 m.
735 3380 772 3433 M.
819 3396 855 3445 a,
876 3380 909 3433 ai
926 3396 960 3434 m.
979 3380 1010 3433 B.
1089 3427 1092 3432 .

52 3447 103 3518 Ep.
125 3455 150 3503 2.
193 3465 276 3516 qaam
294 3447 336 3518 [o]
353 3450 413 3503 cita
426 3450 560 3504 &cederet
579 3450 653 3521 (W.).
695 3467 776 3520 quara
799 3451 925 3505 emunito
947 3451 1019 3506 disc.
1081 3528 1084 3532 Ι

51 3518 89 3573 Μ.
126 3536 150 3575 o.
170 3536 189 3572 u
206 3521 264 3573 cita
282 3520 348 3574 diso.
367 3519 398 3573 B.
418 3549 451 3559 -
469 3521 501 3576 di
519 3521 648 3591 (Nonius,
661 3521 731 3595 Wl.
770 3523 817 3578 dei
830 3521 906 3577 nn.

778 3616 815 3669 ὃ*
