2370 3878
368 173 629 232 EPISTOLARUM
647 174 694 230 IV.
714 180 738 230 2.
758 181 783 231 3.
1011 174 1054 239 9ὃ

94 320 289 406 potuissent
325 317 435 385 Dices:
458 320 554 405 „quid
575 340 628 385 me
650 320 715 385 ista
736 341 788 386 res
811 320 998 386 consolatur
1019 320 1054 385 in

94 409 198 475 tantis
224 408 368 474 tenebris
397 412 430 474 ct
462 409 554 492 quasi
585 408 754 493 parietinis
786 408 833 473 rei
863 405 1055 492 publicae?“

94 497 159 563 Est
182 497 314 563 omnino
337 497 392 562 vix
414 496 622 562 consolabilis
641 497 790 563 dolor-
803 500 898 562 tanta
920 500 971 562 est
988 518 1054 563 orn·

94 587 188 652 nium
209 605 318 651 rerum
341 584 472 651 amissio
500 588 534 650 et
555 584 736 670 desperatio
763 585 975 670 recuperandi
997 609 1055 669 -3

96 673 154 741 sed
172 677 283 740 tamen
302 677 335 739 et
353 670 472 739 Cacsar
489 673 559 758 ipse
576 674 623 740 ita
642 674 680 739 de
698 677 732 739 te
748 674 870 740 iudicat
892 677 926 739 et
943 695 1055 740 omnes

96 763 184 828 cives
207 761 253 827 sic
276 762 471 846 existimant,
493 763 586 846 quasi
608 762 717 828 lumen
736 762 866 848 aliquod
888 763 1055 828 exstinctis

98 851 213 917 ceteris
237 850 361 916 elucere
385 849 592 915 sanctitatem
614 854 648 916 et
668 851 873 936 prudentiam
897 856 930 917 et
952 851 1055 937 digni-

95 940 200 1005 tatem
217 941 324 1005 tuam:
345 938 426 1004 baec
443 937 505 1002 tibi
523 939 565 1003 ad
582 939 736 1004 levandas
753 939 918 1005 molestias
936 959 1056 1026 magna

97 1048 169 1093 csse
193 1027 320 1093 debent.
356 1024 448 1102 Quod
472 1030 581 1092 autem
603 1027 706 1092 atuis
730 1026 816 1112 abes,
838 1027 871 1091 id
893 1048 932 1092 eo
954 1028 1056 1092 levius

96 1115 267 1182 ferendum
300 1118 362 1198 est,
393 1113 480 1199 quod
511 1114 624 1179 eodem
654 1117 799 1198 tempore
831 1135 851 1179 a
881 1115 992 1179 multis
1025 1120 1057 1179 et

98 1201 227 1291 magnis
249 1202 406 1270 molestiis
429 1202 520 1287 abes3
542 1224 622 1287 quas
641 1202 682 1268 ad
699 1205 733 1267 te
752 1222 864 1268 omnes
882 1203 1056 1288 perscribe·

99 1314 182 1377 rem,
208 1291 272 1357 nisi
294 1311 435 1376 vererer,
462 1311 504 1356 ne
527 1312 565 1357 ea
588 1310 799 1377 cognosceres
823 1292 952 1375 absens,
975 1312 1057 1375 quae

99 1381 263 1466 quianon
280 1380 379 1464 vides,
397 1379 477 1444 mihi
494 1379 612 1446 videris
630 1380 761 1446 meliore
781 1400 851 1445 esse
869 1380 1058 1446 condicione

101 1490 198 1555 quam
211 1490 281 1552 nos,
299 1469 355 1554 qui
373 1467 526 1533 videmus.
561 1466 728 1534 Hactenus
747 1467 893 1534 existimo
912 1474 1092 1535 nostrams
1171 1530 1174 1535 .

102 1556 358 1624 consolationem
384 1560 470 1622 recte
498 1555 676 1622 adhibitam
699 1578 782 1641 esse,
809 1556 915 1641 quoad
942 1558 1058 1622 certior

101 1646 142 1711 ab
165 1645 297 1712 homine
329 1645 522 1711 amicissimo
549 1644 643 1711 fieres
668 1645 709 1711 iis
735 1645 775 1710 de
801 1644 911 1728 rebus,
943 1645 1058 1730 quibus

101 1734 202 1799 levari
224 1738 359 1819 possent
385 1733 551 1800 molestiae
577 1736 662 1800 tuae.
706 1732 844 1818 Reliqua
867 1737 943 1798 sunt
968 1735 1005 1797 in
1026 1737 1058 1797 te

101 1823 174 1906 ipso
197 1842 302 1907 neque
325 1820 405 1886 mihi
427 1822 541 1907 ignota
558 1843 618 1887 nec
636 1821 771 1886 minima
789 1822 914 1905 solatia,
935 1824 973 1884 ut
991 1822 1058 1904 qui-

103 1911 176 1975 dem
194 1930 255 1994 ego
274 1909 390 1993 sentio,
411 1910 514 1975 multo
532 1910 684 1973 maxima:
708 1927 790 1991 quae
813 1928 874 1992 ego
893 1909 1059 1992 experiens

102 1997 247 2082 quotidie
270 1997 316 2061 sic
338 1995 457 2080 probo,
483 1999 522 2059 ut
547 2016 586 2059 ea
607 1996 687 2060 mihi
715 1994 851 2059 salutem
879 1995 992 2061 afferre
1014 1997 1059 2060 vi·

103 2087 255 2165 duantum
282 2085 315 2147 te
338 2084 447 2148 autem
469 2081 511 2146 ab
533 2081 626 2148 initio
650 2082 765 2148 aetatis
788 2084 942 2150 memoria
963 2088 1059 2150 teneo

105 2192 229 2240 summe
252 2170 396 2237 omnium
419 2169 637 2235 doctrinarum
665 2171 844 2238 studiosum
870 2172 970 2239 fuisse
993 2195 1060 2239 om·

104 2262 237 2345 niaque,
264 2280 346 2344 quae
369 2279 390 2324 a
412 2259 657 2344 sapientissimis
678 2260 756 2326 ciris
778 2260 819 2326 ad
842 2261 925 2327 bene
951 2262 1060 2327 viven-

106 2351 183 2416 dum
214 2348 335 2413 tradita
366 2351 487 2434 essent,
518 2368 642 2414 summo
676 2346 783 2415 studio
815 2368 954 2435 curaque
981 2350 1059 2415 didi·

106 2439 200 2522 cisse3
232 2458 314 2522 quae
346 2436 475 2521 quidem
505 2437 558 2503 vel
585 2436 715 2522 optimis
741 2436 837 2503 rebus
870 2442 903 2504 et
928 2439 1001 2504 usui
1028 2442 1061 2503 et

105 2525 313 2592 delectationi
330 2545 400 2591 csse
418 2528 562 2610 possent,
582 2523 635 2590 his
652 2545 729 2591 vero
745 2525 945 2611 temporibus
962 2525 1060 2591 habe·

107 2636 178 2680 mus
196 2614 283 2680 aliud
301 2614 393 2699 nihil,
410 2613 445 2678 in
464 2633 527 2698 quo
546 2613 795 2698 acquiescamus.
834 2611 926 2679 Nihil
943 2612 1061 2678 faciam

107 2703 283 2770 insolenter
300 2722 405 2788 neque
423 2705 457 2767 te
474 2701 534 2767 tali
550 2703 604 2767 vel
616 2700 751 2768 scientia
768 2702 819 2767 vel
834 2704 953 2766 natura
970 2723 1059 2787 prae·
1081 2749 1084 2755 ·

108 2790 211 2856 ditum
232 2791 402 2875 hortabor,
423 2793 462 2855 ut
484 2789 526 2856 ad
549 2810 603 2855 eas
624 2793 658 2855 tc
679 2788 801 2855 referas
824 2792 922 2877 artes,
945 2790 1060 2876 quibus

108 2879 261 2964 oprimis
283 2879 482 2965 temporibus
509 2877 624 2944 aetatis
654 2877 796 2943 studium
816 2881 910 2944 tuum
932 2878 1059 2944 dedisti:

106 2969 236 3033 tantum
267 2967 385 3050 dicam,
416 2965 503 3051 quod
529 2969 561 3032 te
589 2986 683 3052 spero
706 2966 973 3053 approbatum,
1001 2981 1097 3051 mac

107 3058 318 3140 posteaquam
340 3055 387 3120 illi
410 3054 487 3140 arti,
509 3055 561 3121 cui
583 3055 781 3141 studueram,
802 3055 885 3120 nibil
908 3075 976 3121 esse
998 3055 1062 3121 loci

108 3162 212 3227 neque
225 3144 260 3208 in
274 3143 363 3209 curia
375 3162 480 3228 neque
497 3142 533 3208 in
550 3141 622 3209 foro
642 3143 793 3228 riderem,
811 3162 940 3211 omnem
957 3162 1063 3208 meam

179 3366 232 3439 Ep.
251 3373 276 3438 8,
290 3373 315 3425 2.
351 3369 429 3426 dolor
442 3399 477 3412 -
489 3374 571 3427 tauto
649 3369 832 3440 recuperandi
849 3387 899 3435 ·-‚·
920 3368 967 3425 ced
985 3367 1060 3440 (W.).

109 3437 150 3494 cl:
168 3441 187 3494 t.
268 3453 337 3506 ηας
353 3441 408 3496 aul.
444 3445 469 3495 3.
488 3442 583 3509 samia
600 3441 685 3497 mairo
702 3441 739 3497 Μ.
785 3455 817 3508 a,
834 3439 887 3495 sed.
907 3455 940 3495 ru.
958 3438 990 3495 B.
1035 3445 1059 3495 4.

108 3507 227 3566 viderem
244 3508 310 3578 (lb).
348 3511 462 3568 viauia
478 3509 523 3583 V„
540 3511 571 3566 Β.
