2370 3878
166 159 230 223 236
447 160 484 212 Μ.
505 158 628 213 TULLII
646 157 837 213 CICERONIS

166 304 205 368 do
232 307 289 367 tua
317 303 484 367 voluntate
518 304 667 367 ostendas
700 307 732 366 et
761 307 938 386 exspectes,
971 303 1121 385 quemad·

166 392 296 455 modum
319 394 410 455 exeat
433 412 472 454 ex
493 391 554 454 hac
578 412 682 455 causa.
723 390 903 474 †Denique
926 391 1122 456 invidiosum

165 480 225 543 tibi
244 479 294 562 sit,
313 479 339 542 si
359 480 529 561 emanarit,
552 501 658 563 porro,
680 481 708 544 sl
727 479 919 563 significatio
938 479 1005 543 ulla
1023 480 1121 543 interu

166 568 305 650 cesserit,
328 567 453 652 clarius,
476 588 572 651 quam
591 568 702 632 deceat
721 571 777 631 aut
795 568 950 651 expediat,
972 568 1043 649 fiat3
1066 590 1120 631 ne-

166 676 227 738 que
249 656 303 718 ille
321 659 427 719 tacere
445 677 516 720 eam
535 677 603 719 rem
620 656 748 740 poterit,
772 678 852 739 quae
872 678 948 720 suae
967 657 1035 739 spei
1053 660 1121 719 1111

167 747 349 826 opportuna
372 744 523 809 acciderit
545 767 689 827 quaeque
712 745 747 809 in
770 745 902 828 negotio
922 743 1121 809 conficiendo

166 835 259 895 tanto
282 832 438 897 illustrior
460 833 529 916 erit,
553 855 651 916 quum
670 834 858 915 praesertim
881 833 908 896 is
932 833 983 915 sit,
1006 833 1070 915 qui,
1095 833 1121 896 si

166 920 380 1003 perniciosum
404 921 499 985 sciret
521 943 590 985 esse
612 921 701 1005 loqui
725 921 763 984 de
785 922 847 985 hac
869 942 913 1004 re,
935 921 988 983 vix
1011 925 1122 984 tamen

131 1017 200 1071 3se
230 1008 416 1073 contineret.
461 1008 632 1092 Pompeius
663 1009 778 1073 dicitur
805 1009 898 1076 valde
925 1030 983 1091 pro
1011 1007 1121 1092 Appio

166 1097 326 1181 laborare,
353 1100 390 1161 ut
417 1097 514 1162 otiam
541 1101 657 1181 putent
685 1098 821 1161 alterum
848 1100 956 1160 utrum
984 1096 1023 1159 de
1046 1097 1122 1160 filiis

167 1185 207 1248 ad
239 1189 271 1248 10
303 1185 483 1249 missurum.
528 1185 590 1249 Hic
617 1207 677 1251 nos
706 1207 816 1250 omnes
848 1185 1056 1266 absolvimus,
1090 1189 1123 1249 01

166 1273 311 1336 hercules
334 1277 509 1357 consaepta
532 1274 640 1338 omnia
662 1273 757 1338 foeda
786 1277 818 1337 et
840 1273 1013 1336 inhonesta
1036 1277 1121 1336 sunt.

167 1358 323 1424 Consules
351 1365 459 1424 autern
485 1361 641 1425 habemus
665 1383 789 1425 summa
812 1361 991 1445 diligentia:
1016 1361 1121 1424 adhuc

167 1451 297 1511 senatus
321 1449 504 1512 consultum
526 1449 589 1513 nisi
613 1449 652 1512 do
674 1449 763 1512 feriis
786 1448 911 1512 Latinis
930 1449 1056 1512 nullum
1074 1449 1121 1512 fa·

168 1556 237 1599 cere
260 1539 444 1618 potuerunt.
490 1533 622 1602 Curioni
649 1540 761 1602 nostro
784 1537 967 1601 tribunatus
991 1538 1121 1621 congla-

23 1628 33 1666 ¹
131 1623 246 1704 40111)
282 1623 337 1687 sed
374 1623 436 1688 dici
471 1645 539 1689 non
574 1626 695 1710 potest,
731 1624 892 1708 quomodo
928 1625 980 1689 hic
1013 1626 1122 1688 omnia

166 1711 306 1775 iaceant:
329 1711 392 1775 nisi
410 1733 470 1796 ego
490 1733 562 1776 oum
580 1713 771 1776 tabernariis
790 1717 823 1776 et
843 1713 983 1795 aquariis
996 1734 1120 1798 pugna-

166 1820 250 1883 rem,
272 1803 422 1864 veternus
446 1801 608 1866 civitatem
631 1804 826 1885 occupasset.
872 1800 906 1866 si
928 1801 1041 1865 Parthi
1063 1823 1121 1865 vos

167 1889 250 1953 nihil
269 1889 451 1974 calfaciunt,
469 1911 529 1955 nos
548 1890 601 1954 hic
618 1890 739 1975 frigore
757 1890 953 1975 rigescimus.
990 1890 1122 1973 Tamen,

169 1978 406 2061 quoquomodo
424 1979 539 2062 potuit,
559 1979 627 2043 sine
645 1978 773 2044 Parthis
792 1978 927 2044 Bibulus
944 1978 979 2042 in
992 1977 1121 2042 Amano

167 2067 275 2129 nescio
300 2067 375 2149 quid
399 2068 670 2133 cohorticularum
693 2068 811 2132 amisit:
840 2067 902 2131 hoc
926 2067 970 2130 sic
992 2066 1121 2129 nuntia·

133 2156 238 2215 ccum
261 2157 319 2217 est.
364 2153 456 2230 Quod
482 2155 543 2219 tibi
570 2176 667 2239 supra
695 2155 806 2237 scripsi
830 2152 1001 2218 Curionem
1028 2153 1122 2216 valde

167 2240 300 2326 frigere,
326 2242 391 2306 iam
419 2245 515 2324 calet3
542 2263 618 2306 nam
644 2241 878 2328 ferventissime
905 2240 1121 2320 concerpitur3

168 2328 327 2392 levissime
346 2331 441 2414 enirn,
459 2330 535 2414 quia
553 2330 592 2394 de
610 2328 829 2393 intercalando
847 2348 915 2391 non
928 2325 1121 2408 obtinuerat,

168 2417 346 2502 transfugit
368 2419 409 2483 ad
431 2419 587 2502 populum
610 2420 642 2481 01
664 2437 722 2499 pro
746 2413 881 2479 Caesare
903 2414 992 2495 loqui
1015 2415 1123 2495 coepit

168 2505 336 2591 legemque
362 2507 510 2588 viariam,
539 2526 609 2568 non
636 2503 821 2567 dissimilem
853 2502 997 2586 agrariae
1024 2501 1122 2586 Rulli,

170 2596 202 2657 et
225 2594 468 2676 alimentariam,
490 2613 572 2674 quac
594 2590 684 2655 iubet
702 2590 819 2654 aediles
840 2591 954 2672 metiri,
976 2590 1122 2654 iactavit:

168 2681 230 2744 hoc
253 2681 398 2745 nondum
419 2681 552 2763 fecerat,
575 2700 673 2761 quum
695 2678 835 2762 priorem
857 2682 982 2762 partem
1005 2678 1121 2761 episto·

168 2769 219 2831 lae
247 2769 368 2851 scripsi.
412 2766 539 2830 Amabo
566 2770 613 2851 te,
641 2767 668 2831 si
691 2767 781 2850 quid,
808 2767 893 2850 quod
922 2788 1002 2851 opus
1024 2766 1123 2829 fuerit

169 2854 290 2940 Appio,
313 2855 426 2941 facies,
454 2854 568 2939 ponito
591 2855 700 2919 mein
723 2855 836 2939 gratia.
880 2855 930 2919 De
952 2854 1123 2919 Dolabella

167 2944 332 3029 integrum
354 2944 415 3008 tibi
437 2965 589 3028 reserves,
612 2943 743 3008 suadeo:
767 2947 800 3008 et
821 2944 896 3009 huic
919 2944 975 3026 rei,
997 2943 1035 3006 de
1059 2963 1123 3024 qua

240 3135 291 3206 Ep.
311 3141 336 3204 6,
356 3140 380 3189 2.
417 3150 509 3190 causo.
550 3133 712 3204 1110111010
737 3133 812 3202 (W).
859 3149 879 3188 c.
909 3132 1124 3199 7111110010

170 3207 236 3276 (W.)
255 3209 305 3261 aut
327 3222 349 3261 0.
377 3204 458 3272 Vide,
481 3222 515 3259 ae
538 3204 612 3271 (W.).
641 3235 674 3243 —
702 3205 767 3270 (101·
789 3220 873 3272 aeque
895 3205 967 3257 caim
989 3204 1034 3256 ille
1053 3202 1104 3269 (L.)

169 3285 194 3332 4.
213 3279 365 3344 calfaciunt
379 3277 494 3346 (vulgo).
531 3275 672 3341 coldcfuct
684 3274 750 3327 ΜΒ.
765 3304 798 3312 -
818 3290 868 3328 uos
881 3275 925 3328 hic
938 3275 1040 3341 frigore
1050 3272 1123 3338 (edd.

169 3351 256 3417 vett).
293 3363 343 3402 0100
360 3347 432 3402 nibil
449 3347 484 3413 fr.
499 3346 535 3399 M.
571 3360 622 3398 uos
639 3360 696 3398 001
708 3345 779 3399 nibil
792 3344 828 3411 fr.
843 3344 873 3399 B.
911 3350 935 3397 5.
964 3359 1033 3412 quae
1050 3342 1125 3394 iubet

169 3417 299 3486 ((111ον.)
335 3415 549 3488 000111101ΜΙ
586 3431 642 3484 qua
659 3415 678 3469 1.
699 3415 782 3483 Man,
802 3414 832 3469 B.
857 3443 891 3455 -
914 3429 955 3468 mc
977 3414 1008 3467 iu
1031 3411 1125 3481 pratia

156 3486 225 3553 (M).
264 3505 309 3544 me
326 3491 355 3546 ea'
370 3490 403 3545 r'n
419 3504 461 3562 gr.
482 3486 537 3558 Or,
556 3485 587 3542 Β.
