2370 3878
187 211 252 274 324
468 208 505 263 n.
524 196 647 264 runnu
666 209 856 264 nicanorus

187 355 311 419 viderer
338 357 371 417 et
397 353 532 417 nimium
558 354 765 436 pertinaciter
792 354 912 438 Lepido
942 355 1081 420 offensus
1110 363 1144 420 et

151 458 258 507 amca
285 441 442 526 patientia
469 441 566 505 etiam
593 442 678 505 alere
709 442 838 506 bellum.
887 443 1000 526 Itaque
1032 446 1143 527 copias

185 552 286 615 prope
322 531 357 593 in
393 533 601 613 conspectum
639 528 752 613 Lepidi
788 529 987 614 Antoniique
1024 533 1144 596 adduxi

187 619 463 703 quadragintaque
486 618 610 681 milium
632 640 784 700 passuum
808 620 912 702 spatio
931 621 1042 684 relicto
1066 642 1143 684 con-

187 708 255 771 sedi
278 729 315 771 eo
339 706 490 789 consilio,
512 710 550 770 ut
572 706 622 770 vel
646 706 789 770 celeriter
812 707 960 771 accedere
984 709 1034 772 vel
1058 711 1143 772 salu-

187 797 299 859 tariter
321 796 461 878 recipere
484 816 536 858 me
558 815 693 878 possem.
738 794 881 859 Adiunxi
909 796 990 859 haec
1012 797 1047 858 in
1069 798 1142 861 loco

187 884 349 969 eligendo,
379 884 500 947 flumen
531 883 715 966 oppositum
747 887 784 947 ut
814 884 979 967 haberem,
1010 886 1045 947 in
1077 908 1141 968 quo

187 994 278 1037 mora
300 972 456 1036 transitus
479 975 572 1053 esset,
593 970 747 1036 Vocontii
771 972 830 1036 sub
853 995 952 1036 manu
970 975 1006 1036 ut
1025 978 1143 1055 essent,

187 1083 244 1145 per
267 1083 402 1144 quorum
424 1061 496 1130 loca
518 1060 654 1124 fideliter
681 1060 760 1125 mihi
782 1064 908 1144 pateret
934 1062 1003 1124 iter.
1048 1060 1142 1144 Lepi-

188 1150 247 1214 dus
270 1149 438 1232 desperato
462 1149 602 1212 adventu
624 1170 709 1231 meo,
733 1170 827 1231 quem
850 1170 917 1213 non
939 1149 1142 1214 mediocriter

188 1239 349 1320 captabat,
372 1259 406 1301 se
429 1258 501 1300 cum
524 1235 669 1301 Antonio
694 1237 860 1301 coniunxit
882 1237 957 1300 ad.
981 1252 1046 1298 1111.
1069 1238 1142 1302 Kal.

187 1326 311 1407 Iunias,
339 1324 512 1407 eodemque
543 1324 593 1387 die
621 1324 735 1388 adme
762 1329 868 1389 castra
890 1328 1073 1406 moverunt3
1095 1326 1140 1388 vi·

188 1413 271 1497 ginti
293 1413 382 1476 milia
404 1433 558 1495 passuum
581 1433 679 1494 quum
702 1413 861 1495 abessent,
883 1435 933 1476 res
957 1414 1036 1477 mihi
1059 1435 1141 1476 nun·

153 1502 269 1564 atiata
291 1503 348 1564 est.
397 1499 480 1564 Dedi
512 1521 643 1582 operam
674 1501 768 1564 deum
799 1501 1013 1584 benignitate,
1045 1505 1083 1565 ut
1110 1506 1142 1565 et

188 1588 333 1652 celeriter
355 1610 406 1652 me
429 1587 603 1670 reciperem
625 1592 658 1651 et
679 1587 732 1651 hic
754 1587 911 1655 discessus
938 1589 1021 1651 nihil
1044 1590 1142 1674 fugae

189 1677 292 1741 simile
318 1676 463 1741 haberet:
495 1697 563 1740 non
590 1675 681 1738 miles
708 1676 806 1758 ullus,
836 1697 903 1739 non
934 1697 1043 1758 eques,
1075 1677 1143 1742 rion

189 1766 363 1850 quidquam
384 1764 686 1847 impedimentorum
709 1763 909 1828 amitteretur
933 1767 988 1826 aut
1013 1763 1054 1826 ab
1078 1765 1142 1838 illis

188 1854 387 1919 ferventibus
409 1852 589 1917 latronibus
611 1851 863 1934 interciperetur.
903 1851 1016 1934 Itaque
1039 1853 1142 1935 pridie

191 1943 301 2009 Nonas
324 1942 434 2006 Iunias
462 1961 573 2006 omnes
597 1941 705 2023 copias
728 1939 852 2004 Isaram
880 1941 990 2003 traieci
1013 1945 1141 2023 pontes·

190 2053 264 2115 que,
288 2052 367 2115 quos
395 2031 547 2111 feceram,
576 2028 747 2112 interrupi,
773 2032 810 2093 ut
836 2031 869 2091 et
892 2028 1032 2112 spatium
1055 2029 1142 2092 colli·

191 2119 288 2203 gandi
323 2140 356 2182 se
392 2117 539 2182 homines
575 2116 732 2180 haberent
767 2119 800 2181 et
836 2137 896 2200 ego
932 2138 983 2180 me
1019 2117 1144 2181 interea

191 2228 263 2270 cunr
286 2206 410 2289 collega
433 2205 674 2288 coniungerem,
702 2226 796 2288 quem
818 2205 939 2286 triduo,
962 2226 1060 2287 quum
1075 2205 1143 2269 'has

155 2294 307 2358 edebam
328 2294 466 2376 litteras,
493 2292 726 2375 exspectabam.
770 2292 953 2357 Laterensis
979 2294 1083 2356 nostri
1112 2299 1144 2358 et

190 2383 286 2447 fidem
309 2385 342 2445 et
363 2382 506 2445 animum
529 2381 725 2466 singularem
743 2380 778 2445 in
795 2403 862 2445 rem
880 2379 1041 2463 publicam
1063 2404 1143 2444 seni·

190 2493 247 2556 per
278 2471 327 2534 fat
328 2470 418 2553 eb0r3
450 2470 506 2534 sed
537 2472 622 2533 certe
653 2469 754 2533 nimia
780 2469 848 2533 eius
879 2467 1118 2552 indulgentia
1109 2493 1146 2534 111

190 2560 348 2661 Lepidum
375 2559 415 2623 ad
442 2558 522 2623 haec
548 2557 690 2658 pericula
716 2556 938 2658 perspicienda
966 2557 1044 2620 fecit
1070 2578 1145 2623 eum

191 2649 297 2713 minus
325 2668 486 2733 sagacem3
516 2646 572 2729 qui
599 2645 727 2729 quidem
754 2667 852 2745 quum
879 2645 914 2709 in
940 2644 1086 2709 fraudem
1111 2670 1145 2710 se

191 2737 363 2800 deductum
394 2736 529 2817 videret,
556 2755 684 2816 manus,
712 2755 791 2816 quas
822 2734 938 2798 iustius
969 2734 1004 2797 in
1031 2733 1146 2817 Lepidi

130 2892 132 2896 ,
191 2825 364 2908 perniciem
388 2826 552 2906 armasset,
575 2822 636 2886 sibi
658 2821 770 2886 afferre
789 2827 923 2886 conatus
947 2823 1035 2904 est,
1026 2844 1061 2886 111
1080 2845 1144 2906 quo

192 2935 267 2978 casu
294 2917 404 2978 tamen
430 2911 653 2995 interpellatus
681 2914 714 2975 et
736 2910 840 2975 adhuc
867 2910 947 2975 vivit
974 2914 1007 2974 et
1029 2911 1144 2975 dicitur

191 3002 347 3084 victurus,
369 3001 425 3065 sed
446 3004 557 3064 tamen
579 2999 618 3065 de
636 2999 698 3064 hoc
716 3020 830 3083 parurn
848 2998 927 3064 mihi
946 3002 1068 3064 certum
1087 3003 1146 3066 est.

156 3090 312 3175 oillagno
340 3111 413 3154 curn
441 3089 550 3153 dolore
581 3087 813 3172 parricidarum
840 3088 967 3172 elapsus
995 3109 1066 3151 sum
1093 3089 1145 3170 iis,

191 3179 365 3244 veniebant
381 3177 468 3243 enim
486 3175 599 3241 eodem
615 3175 723 3240 furore
741 3176 777 3240 in
794 3197 854 3259 me,
868 3198 931 3259 quo
949 3176 984 3240 in
997 3176 1146 3260 patriam,

261 3336 312 3404 Ep.
332 3341 414 3401 23,.3
451 3334 571 3389 bodera:
588 3348 645 3387 noa
664 3331 739 3401 (W..)
774 3332 884 3399 boon
902 3332 1049 3403 vulgo
1072 3337 1104 3385 at
1122 3339 1148 3386 et

182 3422 223 3474 s
245 3354 1148 3475 1111111111(1111111111).11111111111111

171 3492 203 3529 se
189 3423 259 3530 ,cM
299 3483 383 3548 utsp
385 3478 453 3536 ‚ad
470 3474 655 3549 eollipeudam
676 3473 757 3531 seB.
801 3480 826 3528 t
851 3478 896 3529 111.
932 3473 1039 3542 Maqrw
1065 3474 1147 3543 (Ma)

162 3551 206 3599 est
224 3565 349 3622 amayae
367 3551 431 3610 Ml
472 3557 521 3612 est
560 3549 625 3624 Epo
644 3563 755 3622 11119111
768 3545 815 3615 L.,
827 3545 864 3600 E.
