2370 3878
179 167 245 232 254
462 165 499 218 M.
519 164 642 219 TULLII
660 164 849 220 CICERONlS

179 315 291 377 nostro
306 310 461 374 acriorem
479 310 514 373 in
532 310 627 374 rebus
642 310 799 395 gerendis,
818 311 930 376 eodem
947 312 981 375 in
1000 313 1136 377 victoria

179 399 438 483 temperatiorem
466 402 523 462 aut
548 398 656 483 legisti
684 403 740 463 eut
768 399 907 463 audisti?
957 399 1040 476 Quid
1064 401 1136 465 est?

179 510 257 551 num
279 488 339 551 tibi
362 486 465 552 nostri
488 486 614 571 milites,
637 488 692 570 qui
711 487 887 551 durissimis
911 491 944 551 et
965 488 1136 573 frigidissi—

180 577 241 640 mis
259 576 347 658 loeis,
369 575 534 639 teterrima
552 575 656 639 hieme
673 575 794 639 bellum
813 577 1007 641 ambulando
1027 578 1136 641 confe-

181 668 301 749 cerunt,
315 665 409 728 melis
423 663 607 729 orbiculatis
622 684 691 728 esse
705 665 790 747 pasti
803 665 975 729 videntur?
1011 665 1136 750 „Quid‘i

179 752 274 836 tam“,
305 752 422 836 inquis,
452 752 610 837 „gloriose
643 750 791 817 omnia?“
835 752 952 837 Immo,
984 754 1011 817 si
1043 755 1136 838 scies,

181 864 277 924 quam
300 841 455 906 sollicitus
479 841 548 924 sim,
570 843 640 904 tum
657 840 742 904 hanc
760 861 865 904 meam
884 842 1029 926 gloriam,
1053 864 1136 925 quae

181 931 221 994 ed
244 951 295 993 me
316 929 399 993 nihil
426 929 579 1013 pertinet,
606 947 669 994 eoa
697 928 853 1011 derideas,
886 951 967 1014 quae
995 930 1055 994 tibi
1083 953 1135 994 ex-

180 1040 300 1103 ponere
322 1018 386 1082 nisi
409 1038 517 1082 coram
534 1037 602 1082 non
622 1038 762 1101 possum,
784 1017 880 1101 idque
899 1019 1043 1082 celeriter
1064 1019 1137 1082 fore

181 1128 288 1191 sper03
319 1127 396 1171 nam
422 1127 487 1190 me,
520 1128 618 1189 quum
650 1106 824 1189 expulisset
853 1127 891 1170 ex
920 1106 1016 1171 Italia
1038 1105 1134 1170 Pom·

179 1197 301 1280 peium,
333 1194 502 1259 constituit
533 1193 574 1258 ad
605 1193 717 1258 urbem
749 1215 876 1277 vocare,
905 1194 938 1257 id
962 1194 1136 1277 quodiam

181 1285 327 1348 existimo
351 1283 542 1366 confectum,
565 1281 628 1345 nisi
650 1283 678 1346 si
700 1282 815 1346 maluit
835 1281 1007 1366 Pompeius
1030 1281 1136 1347 Brun·

145 1372 254 1436 edisii
281 1370 512 1436 circumsederi.
565 1369 711 1453 Peream,
743 1370 770 1434 si
797 1370 930 1434 minima
957 1391 1054 1434 causa
1087 1376 1137 1435 est

180 1460 375 1545 properandi
396 1459 460 1523 isto
483 1458 575 1540 mihi,
603 1458 688 1543 quod
710 1461 743 1522 te
771 1458 877 1522 videre
901 1462 933 1522 et
956 1460 1064 1523 omnia
1087 1460 1135 1524 in-

181 1549 261 1612 tima
283 1547 429 1613 conferre
452 1547 610 1630 discupio,
636 1546 741 1610 habeo
769 1550 877 1611 autem
900 1569 996 1631 quam
1024 1548 1135 1612 multa.

181 1636 248 1701 Hui
270 1658 394 1720 vereor,
421 1635 506 1720 quod
530 1635 613 1700 solet
639 1635 721 1719 fieri,
752 1655 806 1719 ne,
838 1657 937 1719 quum
959 1638 992 1699 te
1014 1635 1135 1719 videre,

182 1724 292 1790 omnia
314 1725 492 1790 obliviscar.
538 1721 600 1788 sed
626 1727 737 1788 tamen
759 1722 845 1806 quod
873 1724 914 1788 ob
943 1724 1045 1788 scelus
1073 1724 1136 1788 iter

181 1814 261 1878 mihi
287 1814 502 1878 necessarium
533 1815 619 1876 retro
652 1812 693 1876 ad
724 1810 825 1895 Alpes
856 1833 967 1876 versus
997 1812 1135 1875 incidit?

181 1902 267 1987 Ide0,
286 1902 372 1987 quod
390 1900 543 1966 Intimelii
560 1900 596 1964 in
614 1901 710 1965 armis
730 1903 814 1983 sunt,
836 1914 940 1984 neque
959 1900 998 1964 de
1016 1920 1135 1984 magna

182 2013 291 2056 causa:
327 1990 505 2074 Bellienus,
544 2010 643 2054 verna
678 1988 850 2073 Demetrii,
890 1989 945 2072 qui
980 1988 1026 2052 ibi
1062 2010 1135 2053 cum

182 2079 340 2161 praesidio
373 2083 455 2161 eret,
485 2077 666 2142 Domitium
697 2076 871 2160 quendam,
901 2076 1043 2142 nobilem
1069 2077 1135 2140 illie

183 2164 329 2230 Caesaris
363 2167 537 2250 hospitem,
574 2187 593 2229 a
624 2164 786 2230 contraria
820 2164 961 2230 factione
995 2165 1135 2229 nummis

183 2255 322 2337 acceptis
355 2253 597 2338 comprehendit
628 2257 662 2318 et
693 2254 920 2337 strangulavit3
952 2252 1063 2316 civitas
1094 2253 1135 2315 ad

148 2416 150 2421 ,
184 2364 273 2406 arma
304 2342 354 2425 iit3
376 2363 415 2407 eo
433 2362 520 2406 nunc
543 2363 616 2406 cum
629 2341 647 2380 *
661 2341 848 2406 cohortibus
870 2340 949 2404 mihi
966 2359 1024 2422 per
1042 2339 1134 2403 nives

184 2430 324 2495 eundum
347 2433 404 2494 est.
448 2429 576 2513 „Usque
599 2427 752 2513 quaque“,
776 2428 899 2512 inquis,
925 2448 977 2512 „se
999 2426 1136 2492 Domitii

183 2519 266 2584 male
290 2518 354 2583 dan
369 2517 395 2581 “.
430 2517 557 2583 Vellem
574 2518 702 2601 quidem
721 2517 847 2582 Venere
866 2519 1047 2601 prognatus
1064 2520 1136 2579 tan·

183 2612 253 2673 tum
285 2607 385 2672 enimi
411 2606 579 2670 habuisset
604 2606 639 2669 in
665 2608 772 2671 vestro
795 2605 952 2689 Domitio,
980 2608 1136 2689 quantum

183 2695 323 2761 Psecade
350 2698 447 2760 natus
469 2693 505 2758 in
526 2694 589 2759 hoo
611 2693 755 2775 habuit„
779 2691 926 2760 Ciceroni
947 2693 971 2759 f.
993 2715 1018 2757 s.
1041 2693 1070 2757 d.
1104 2739 1107 2744 -

254 2937 305 3008 Ep.
322 2944 402 3005 15,1.
439 2935 553 3008 „Qum
571 2940 654 3004 tara“,
666 2937 769 3006 inquis,
782 2938 866 3006 „plor
882 2935 1013 2992 oriaia?“
1040 2935 1138 3000 Immo,

183 3011 210 3066 si
226 3011 297 3064 scias
316 3010 390 3078 (W.).
426 3009 513 3078 „quid
530 3006 625 3063 tom?“
642 3008 743 3076 inquis.
769 3008 884 3077 electore
901 3009 1001 3062 emata.
1029 3008 1055 3061 st
1072 3007 1136 3059 ΜΒ.

185 3081 316 3151 (plurime.
354 3081 456 3148 Immo,
480 3081 506 3133 ei
532 3079 583 3147 L).
610 3107 646 3118 -
668 3079 800 3146 pertinet,
827 3094 884 3132 aea
911 3079 1035 3131 derideas
1062 3077 1137 3144 (Ν).

180 3169 221 3221 p,
239 3152 264 3206 d.
283 3151 330 3218 M,
348 3151 442 3220 vulgo.
480 3149 609 3217 (Gronov.
633 3163 690 3203 noa
711 3151 777 3217 post
799 3154 857 3202 tum
880 3147 946 3202 addi
970 3146 1080 3216 voluit.)
1104 3176 1138 3188 -

184 3224 323 3288 deciderim
345 3221 416 3290 quod
439 3220 525 3288 (W.)?
551 3249 587 3259 -
611 3234 652 3273 me
670 3218 784 3283 Caesar,
806 3235 890 3288 qaum
912 3234 972 3286 exp.
999 3217 1084 3286 (W.)?
1104 3248 1137 3256 -

183 3295 241 3348 aiei
258 3293 357 3347 maluit
375 3291 490 3359 (Crathi
525 3289 570 3343 An
587 3290 644 3343 atsi
661 3304 688 3343 ee
705 3305 740 3343 m.
756 3288 841 3357 (W.)?
877 3295 901 3342 2.
925 3288 998 3358 qaod
1015 3288 1047 3342 ob
1062 3288 1137 3356 (W.).

184 3382 265 3434 qaum
284 3365 316 3418 ob
334 3363 371 3416 Μ.
408 3362 545 3431 quodnam
562 3360 595 3414 ob
614 3358 676 3413 edd.
695 3361 772 3426 vett,
791 3358 821 3412 Β.
842 3389 884 3428 -,
896 3358 1034 3414 Intemelii
1053 3357 1119 3425 (W.)

178 3465 212 3473 —
233 3436 293 3488 etle'c
312 3434 340 3489 0.
359 3433 435 3503 Ιιοεμ
456 3431 585 3500 (araca).
630 3431 665 3496 t,
684 3428 713 3485 0.
731 3429 757 3485 t.
776 3429 870 3500 vulgo.
898 3458 932 3470 -
959 3429 1049 3484 vellem
1067 3430 1140 3498 equi·

163 3504 228 3557 dem
247 3505 339 3575 (W.)?
357 3535 396 3546 -
408 3503 532 3577 pseoade
551 3500 637 3574 (wit

74 3758 142 3824 A
