2370 3878
356 170 613 227 EPISTOLARUM
635 170 695 227 XII.
714 177 739 226 3.
758 177 784 227 4.
981 124 1044 234 1181

539 421 597 487 IV.

228 533 286 591 Sar.
305 535 410 590 Romae
428 550 523 590 mensa
541 533 694 589 Februario
711 549 736 587 a.
755 551 782 587 u.
801 549 824 587 c.
845 538 904 586 ill.

385 657 514 713 CICERO
533 656 656 712 CASSIO
676 657 751 711 SAL.

159 758 285 824 Vellem
308 758 419 823 Idibus
438 757 565 822 Martiis
582 779 633 821 me
652 757 693 820 ad
713 778 846 820 coenam
863 754 1048 819 invitasses:
1068 767 1082 817 1

93 847 301 930 reliquiarum
318 846 401 910 nihil
419 846 543 910 fuisset
577 844 674 910 Nune
687 866 738 908 me
757 845 910 928 reliquiae
924 847 1048 908 vestrae

94 942 251 1018 exercent,
273 935 457 1018 etquidem
479 938 607 1018 praeter
624 937 748 998 eeteros
768 955 832 996 me:
855 953 1050 1016 quamquam

94 1025 242 1109 egregios
265 1024 413 1088 consules
436 1023 606 1106 habemus,
633 1021 689 1086 sed
711 1020 914 1104 turpissimos
936 1042 1049 1084 consu·

93 1113 187 1195 lares,
209 1115 358 1176 senatum
380 1112 512 1193 fortem,
535 1109 591 1174 sed
612 1110 724 1174 infimo
748 1130 905 1192 quemque
928 1108 1050 1173 honore

94 1201 320 1283 fortissimum,
342 1201 462 1283 populo
485 1221 561 1264 vero
584 1198 667 1262 nihil
684 1198 810 1280 fortius,
832 1197 914 1260 nihil
937 1197 1050 1261 melius

95 1288 253 1372 Italiaque
281 1289 439 1352 universa.
484 1287 575 1352 Nihil
606 1290 715 1350 autem
745 1285 872 1350 foedius
900 1284 1050 1368 Philippo

96 1380 130 1439 et
146 1375 264 1440 Pisone
281 1376 408 1460 legatis,
425 1375 507 1439 nihil
524 1375 730 1460 flagitiosius3
752 1374 808 1458 qui
826 1396 924 1458 quum
944 1377 1053 1438 essent

96 1464 200 1546 missi,
227 1468 266 1527 ut
287 1464 431 1529 Antonio
459 1485 498 1527 ex
526 1467 657 1528 senatus
680 1463 842 1527 sententia
869 1465 972 1527 certas
1000 1483 1051 1526 res

96 1552 333 1636 denuntiarent,
352 1574 450 1636 quum
467 1553 645 1616 illosarum
664 1573 770 1616 rerum
788 1551 869 1616 nulli
883 1551 1053 1636 paruisset,

96 1642 182 1706 ultro
205 1640 247 1705 ab
269 1641 326 1705 illo
350 1640 390 1704 ad
413 1662 473 1705 nos
495 1641 714 1705 intolerabilia
735 1641 899 1724 postulata
921 1640 1051 1704 rettule-

96 1732 185 1793 runt:
208 1730 316 1813 itaque
339 1729 380 1793 ad
403 1751 463 1794 nos
481 1730 691 1812 concurritur,
712 1727 854 1812 factique
877 1729 996 1792 iamin
1017 1748 1052 1791 re

98 1818 230 1880 salutari
262 1818 434 1901 populares
466 1840 587 1882 sumus.
644 1815 723 1900 Sed,
754 1821 790 1880 tu
823 1816 899 1899 quid
931 1835 1087 1900 agerent

98 1906 173 1988 quid
201 1909 346 1989 aeturus,
373 1906 428 1970 ubi
455 1906 592 1989 denique
620 1926 721 1986 esses,
743 1904 938 1968 nesciebam:
965 1904 1053 1968 fama

98 1994 271 2059 nuntiabat
293 1998 326 2058 te
349 2015 418 2058 esse
441 1994 476 2057 in
499 1991 605 2078 Syria,
627 1995 740 2056 auctor
762 1996 832 2068 erat
854 2013 959 2056 nemo.
1004 1990 1053 2056 De

97 2079 210 2165 Bmto,
232 2104 296 2166 quo
319 2083 452 2167 propius
475 2085 538 2158 est,
565 2104 604 2146 eo
630 2080 774 2144 firmiora
799 2080 949 2144 videntur
976 2101 1054 2163 esse,

98 2192 179 2252 quae
202 2171 404 2235 nuntiantur.
440 2170 611 2235 Dolabella
632 2169 724 2234 valde
747 2169 990 2252 vituperabatur
1013 2168 1055 2232 ab

86 2258 285 2323 ‘hominibus
307 2280 374 2323 non
397 2259 541 2342 insulsis,
569 2259 655 2343 quod
681 2257 742 2322 tibi
764 2261 832 2322 tam
860 2258 924 2322 cito
948 2279 1053 2321 succe-

99 2347 197 2430 deret,
220 2369 319 2431 quum
341 2350 376 2411 tu
400 2347 530 2410 vixdum
552 2365 632 2411 xxx.
656 2346 723 2410 dies
752 2346 787 2410 in
810 2344 906 2430 Syria
924 2346 1053 2428 fuisses3

98 2437 207 2519 itaque
235 2436 406 2508 constabat
434 2457 508 2499 eum
534 2435 633 2518 recipi
659 2435 695 2498 in
718 2432 843 2518 Syriam
870 2457 938 2500 non
960 2456 1053 2517 opor-

97 2528 174 2588 tere.
220 2521 354 2588 Summa
374 2524 445 2587 laus
468 2527 501 2587 et
522 2526 580 2601 tua
602 2526 635 2586 et
656 2522 750 2588 Bruti
773 2527 835 2605 est,
858 2522 944 2606 quod
967 2544 1053 2585 exer·

80 2614 198 2680 ,eitum
220 2617 348 2697 praeter
366 2633 455 2696 spem
474 2612 702 2676 existimamini
722 2632 935 2695 comparasse.
972 2607 1053 2674 Seri-

97 2699 206 2764 berem
225 2702 327 2785 plura,
350 2701 378 2764 si
395 2722 464 2764 rem
482 2720 674 2784 causamque
692 2721 834 2764 nossem:
857 2719 953 2781 nunc,
971 2719 1053 2781 quae

98 2789 217 2871 scribo,
249 2789 355 2853 scribo
388 2810 426 2852 ex
458 2789 610 2872 opinione
637 2788 805 2852 hominum
834 2795 930 2870 atque
957 2787 1053 2850 fama.

99 2875 186 2940 Tuas
208 2877 333 2940 litteras
357 2876 448 2940 avide
472 2880 631 2960 exspecto.
676 2875 767 2941 Vale.

168 3102 220 3172 Ep.
239 3108 265 3168 4,
280 3108 305 3154 2.
342 3106 367 3155 te
390 3117 444 3155 esse
466 3103 498 3154 in
521 3100 606 3170 Syria
628 3101 693 3172 (N.)
739 3107 764 3157 te
785 3102 837 3157 isse
859 3103 891 3155 in
913 3099 998 3168 Syrie
1016 3098 1052 3153 M.

98 3177 124 3228 ie
141 3174 193 3229 isse
209 3174 242 3230 iu
259 3172 373 3245 Syriam
391 3172 453 3228 cdd.
472 3171 590 3242 aliquot,
607 3171 638 3227 B.
