2370 3878
183 172 247 234 242
466 172 503 226 Μ.
523 160 646 226 TULLII
665 171 854 229 CICERONIS

183 317 260 382 cias
285 317 389 380 mitti
413 320 626 400 oporteret3
649 318 681 382 si
704 318 787 402 quis
810 319 899 383 huic
923 341 946 384 s.
970 341 995 385 c.
1018 322 1139 386 inter-

183 405 378 489 cessisset,
415 407 630 470 auctoritas
667 407 981 489 perscriberetur.
1040 410 1139 475 Huic

183 514 207 558 s.
236 514 262 556 c.
298 494 524 558 intercessit
561 492 595 559 Ο.
627 491 794 578 Caelius,
830 493 864 560 C.
896 495 1033 582 Pansa,
1069 501 1138 562 tri-

182 582 345 664 bunipl

146 682 162 732 9
248 669 310 733 Illa
340 674 506 753 praeterea
538 669 595 735 Cn.
622 670 766 755 Pompeii
799 676 876 736 sunt
907 674 1138 760 animadversa,

182 779 263 842 quae
295 759 432 822 maxime
465 758 693 824 confidentiam
729 761 908 825 attulerunt
942 762 1138 848 hominibus,

180 850 217 909 ut
240 846 360 910 diceret
383 868 416 911 se
439 850 514 911 ante
537 847 609 910 Kal.
632 847 767 912 Martias
790 870 857 913 non
880 872 974 932 posse
998 852 1066 915 sine
1090 854 1137 916 in·

180 935 263 998 iuria
281 935 319 999 de
338 935 511 1018 provinciis
530 933 676 1000 Caesaris
696 939 844 1020 statuere,
866 941 942 1020 post
959 938 1030 1002 Kal.
1052 939 1136 1003 Mar-

180 1023 242 1087 tias
266 1045 300 1088 se
323 1044 390 1088 non
413 1024 646 1107 dubitaturum3
674 1047 773 1108 quum
795 1025 1062 1111 interrogaretur,
1091 1030 1137 1112 „si

181 1113 236 1196 qui
262 1115 332 1176 tum
358 1111 622 1197 intercederent“,
654 1113 735 1177 dixit
765 1113 828 1177 hoe
859 1114 941 1177 nihil
973 1115 1136 1200 interesse,

180 1204 289 1264 utrum
321 1198 439 1265 Caesar
471 1201 597 1265 senatui
628 1201 713 1265 dicto
746 1201 879 1265 audiens
911 1202 1038 1267 futurus
1069 1226 1136 1268 non

181 1291 265 1353 esset
287 1310 330 1352 an
352 1292 494 1372 pararet,
518 1290 572 1372 qui
595 1292 742 1353 senatum
765 1289 934 1354 decernere
956 1313 1024 1355 non
1046 1296 1135 1374 pate-

179 1379 281 1458 retur,
314 1376 422 1460 „quid,
445 1376 502 1461 si“,
529 1378 635 1460 inquit
662 1378 757 1459 alius,
788 1382 839 1461 „et
866 1381 978 1442 consul
1011 1401 1079 1444 esse
1104 1386 1136 1444 et

180 1464 353 1528 exercitum
379 1464 498 1528 habere
525 1462 656 1530 νοίεὲῖα
682 1466 797 1529 atille
825 1488 922 1549 quam
949 1468 1134 1532 clementer:

178 1552 283 1635 „quid
306 1553 333 1615 si
355 1552 440 1616 filius
458 1573 548 1617 meus
567 1553 689 1616 fustum
707 1553 787 1616 mihi
806 1554 984 1639 impingere
1002 1556 1135 1620 volet?“

178 1639 239 1704 His
257 1640 398 1724 vocibus,
420 1645 458 1704 ut
476 1641 695 1705 existimarent
717 1641 865 1706 homines
883 1642 1036 1726 Pompeio
1061 1666 1134 1708 cum

179 1726 315 1793 Caesare
343 1750 412 1793 esse
439 1730 618 1814 negotium,
641 1729 758 1812 effecit,
785 1730 894 1813 itaque
922 1732 1000 1814 iam,
1029 1735 1071 1796 ut.
1088 1735 1133 1796 vi-

179 1817 248 1901 deo,
271 1819 406 1883 alteram
428 1821 534 1882 utram
557 1818 598 1882 ad
616 1818 837 1883 condicionem
856 1820 1046 1885 descendere
1064 1823 1134 1885 vult

180 1904 310 1990 Caesar,
337 1909 375 1970 ut
402 1910 459 1972 aut
481 1910 611 1971 maneat
637 1929 741 1991 neque
767 1908 829 1972 hoc
860 1929 946 1972 anno
970 1931 1028 1973 sua
1049 1911 1132 1974 ratio

126 2006 160 2055 10
178 1994 336 2059 habeatur
359 1999 428 2080 aut,
456 1996 483 2060 si
507 1996 668 2080 designari
690 1997 822 2080 poterit,
850 1996 990 2061 decedat.
1036 1995 1132 2062 Curio

179 2104 212 2146 se
243 2086 355 2147 contra
387 2105 460 2148 eum
490 2087 597 2149 totum
623 2088 729 2168 parat:
762 2085 838 2169 quid
868 2085 995 2167 assequi
1021 2087 1133 2168 possit,

178 2171 299 2253 nescio,
322 2172 401 2235 illud
424 2172 526 2255 video,
548 2173 630 2236 bene
649 2173 848 2255 sentientem,
871 2172 932 2235 etsi
954 2172 1036 2234 nihil
1060 2174 1132 2237 effe-

178 2258 265 2341 cerit,
288 2258 399 2322 cadere
422 2280 489 2323 non
512 2281 617 2342 posse.
657 2260 711 2324 Me
733 2263 852 2323 tractat
873 2259 1047 2321 liberaliter
1071 2257 1132 2322 Ou-

177 2345 225 2409 rio
249 2349 281 2409 et
308 2346 387 2409 mihi
415 2368 473 2410 suo
500 2369 633 2412 munere
660 2347 826 2431 negotium
853 2344 1019 2427 imposuit;
1046 2367 1132 2429 nam,

178 2433 206 2496 si
237 2433 316 2497 mihi
348 2455 415 2498 non
447 2434 587 2498 dedisset
618 2457 685 2518 eas,
717 2455 798 2516 quae
829 2432 871 2497 ad
896 2431 990 2496 ludos
1018 2433 1047 2496 ei
1078 2435 1131 2497 ad-

178 2525 288 2586 vectae
312 2525 404 2586 erant
427 2519 609 2606 Africanae,
631 2522 772 2606 'spotuit
795 2520 1013 2604 supersederet
1035 2543 1132 2606 nune,

178 2611 331 2694 quoniam
349 2610 424 2674 dare
443 2631 571 2674 necesse
591 2612 648 2692 est,
670 2609 766 2673 velim
785 2608 845 2673 tibi
864 2630 957 2674 curae
977 2611 1027 2692 sit,
1046 2612 1131 2694 quod

179 2702 252 2762 ate
276 2719 402 2783 semper
424 2697 515 2782 petii,
543 2701 580 2761 ut
607 2697 727 2781 aliquid
754 2697 850 2762 istinc
877 2697 1053 2762 bestiarum
1075 2698 1131 2761 ha-

177 2786 318 2851 beamus.
355 2785 589 2870 Sittianamque
613 2786 831 2871 syngrapham
849 2785 909 2849 tibi
930 2787 1132 2870 commendo,

177 2873 328 2938 libertum
355 2874 524 2941 Philonem
538 2876 633 2976 ,istuc
665 2875 738 2940 misi
769 2879 802 2941 et
828 2873 1009 2959 Diogenem
1035 2873 1130 2938 Grae-

248 3082 299 3152 Ep.
318 3089 343 3152 8,
358 3090 381 3138 9.
410 3083 617 3150 dedicaturum
634 3101 717 3153 quum
731 3126 737 3138 .
749 3124 755 3137 .
767 3124 773 3138 .
783 3088 940 3153 petorrita,-
957 3081 1042 3150 ‚naid
1057 3079 1130 3151 (W).

177 3155 204 3210 d.
243 3155 332 3224 Quum
408 3159 469 3222 pat.
506 3155 600 3224 „Quid
616 3156 709 3225 vulgo.
733 3185 768 3194 —
795 3160 889 3208 atrum
907 3153 1008 3208 Oucsar
1027 3151 1130 3221 (Crat).

178 3241 205 3279 a.
226 3225 255 3280 0.
276 3225 376 3280 Caesar
393 3225 458 3279 ΜΒ.
501 3230 542 3280 10.
570 3229 589 3292 †
598 3228 692 3293 potuit
709 3226 893 3293 sanandam
915 3239 998 3289 uuae,
1023 3240 1046 3291 q.
1066 3224 1134 3276 dare

179 3296 287 3365 (ΜΝ).
329 3297 412 3364 potui
429 3311 466 3361 s.;
488 3313 530 3362 ra,
552 3311 575 3364 q.
595 3296 662 3350 dare
681 3295 762 3363 (Pluy
784 3298 837 3364 ers)
862 3296 911 3348 aut
929 3294 1023 3362 potuit
1040 3308 1131 3360 super·

178 3367 264 3421 cederi
283 3365 334 3434 (sic
351 3367 413 3421 edd.
433 3368 526 3436 vett.)3
549 3383 590 3432 a,
608 3382 632 3435 q.
652 3366 744 3433 dari(
783 3368 809 3433 .).
841 3365 935 3434 potati
957 3363 1131 3433 supasederc'.

170 3451 212 3498 a„
231 3453 256 3504 q.
277 3437 348 3493 clare
362 3437 395 3492 Β.
425 3466 458 3476 -
486 3437 638 3493 iubeamus.
676 3434 739 3490 sut.
763 3435 837 3504 (W.).
873 3435 914 3502 la,
932 3433 962 3490 S.
984 3433 1077 3504 vulgo.
1097 3464 1133 3473 -

156 3503 237 3557 aletae
254 3507 351 3578 vulgo.
393 3509 463 3566 istoc
481 3508 547 3565 Ma.
