2370 3878
379 179 638 235 EPISTOLARUM
655 179 690 234 X.
710 186 735 234 4.
755 186 778 234 5.
991 179 1054 244 301

99 327 227 390 11111111
250 325 476 410 perferrentur.
521 323 571 389 Ex
599 325 714 408 quibus
738 323 807 408 cepi
836 323 977 388 fructum
1000 325 1055 389 du·

100 416 216 499 plicem
239 415 381 497 mihique
404 414 439 478 in
462 414 703 497 comparatione
727 413 890 477 difficilem
913 412 953 476 ad
976 414 1056 477 iudi-

101 503 251 585 candum,
278 523 462 566 amoremne
491 523 569 587 erga
595 523 646 566 mc
674 505 766 566 tuum
789 523 832 565 an
855 501 999 566 animum
1021 503 1057 565 in

100 613 168 655 rem
199 589 362 673 publicam
394 590 495 674 pluris
528 590 763 654 aestimandum
794 592 950 673 putarem.
995 587 1057 654 Est

102 678 233 743 omnino
252 679 376 761 patriae
396 679 512 742 caritas
530 699 602 742 meo
621 677 750 760 quidem
768 676 885 742 iudicio
908 678 1057 761 maxima,

102 764 157 830 sed
181 787 272 830 amor
295 767 535 849 voluntatisque
554 765 738 830 coniunctio
759 766 832 848 plus
851 769 935 830 certe
958 766 1057 830 habet

102 854 280 918 suavitatis.
325 853 439 937 Itaque
462 853 724 918 commemoratio
746 856 805 917 tua
827 856 980 936 paternae
1002 875 1056 917 nc·

102 940 306 1007 cessitudinis
329 942 635 1024 benevolentiaeque
659 942 735 1026 eius,
758 962 855 1024 quam
874 961 950 1025 erga
968 963 1018 1005 me
1038 964 1058 1005 a

101 1031 239 1114 pueritia
267 1031 471 1112 contulisses,
494 1033 734 1111 ceterarumque
760 1050 881 1113 rerum,
908 1050 989 1111 quae
1017 1031 1058 1092 ad

102 1141 173 1182 eam
197 1120 390 1183 sententiam
413 1117 629 1202 pertinebant,
650 1117 870 1182 incredibilem
893 1116 973 1181 mihi
994 1118 1058 1182 lae-

102 1207 208 1272 titiam
232 1207 392 1271 attulerat.
429 1206 553 1270 Rursus
572 1206 746 1270 declaratio
766 1205 866 1269 animi
883 1205 941 1290 tui,
964 1219 1093 1289 querna

102 1295 238 1359 haberes
270 1295 309 1359 de
347 1316 381 1358 re
412 1294 543 1379 publica
574 1316 731 1378 quemque
763 1293 932 1358 habiturus
964 1315 1060 1379 esses,

104 1383 183 1447 mihi
207 1385 276 1447 erat
297 1382 534 1466 iucundissima,
557 1405 658 1466 eoque
681 1383 784 1447 maior
806 1386 876 1446 crat
893 1383 972 1447 haec
995 1384 1058 1446 lae·

103 1471 185 1554 titia,
208 1470 294 1554 quod
322 1470 362 1535 ad
389 1472 446 1535 illa
468 1472 634 1556 superiora
661 1471 840 1536 accedebat.
884 1471 998 1556 Itaque
1026 1477 1058 1536 te

103 1580 171 1624 non
193 1559 308 1624 hortor
331 1561 443 1643 solum,
466 1561 510 1624 mi
528 1559 656 1645 Plance,
679 1562 734 1625 sed
757 1561 853 1645 plane
877 1561 974 1624 etiam
993 1582 1060 1644 oro,
1141 1552 1146 1565 ⁸

104 1649 189 1730 quod
206 1647 270 1712 feci
288 1648 327 1711 iis
345 1648 472 1733 litteris,
490 1649 605 1732 quibus
624 1653 660 1713 tu
678 1649 909 1713 humanissime
928 1671 1059 1733 respon-

104 1736 187 1818 disti,
210 1739 247 1800 ut
268 1739 339 1802 tota
361 1740 469 1801 me'nte
493 1738 643 1821 omnique
667 1738 766 1801 animi
788 1738 911 1820 impetu
933 1739 969 1801 in
991 1759 1060 1801 rem

104 1825 267 1908 publicam
281 1825 460 1890 incumbas:
474 1826 557 1889 nihil
571 1828 630 1909 est,
640 1825 724 1907 quod
738 1825 798 1888 tibi
812 1825 926 1889 maiori
939 1825 1060 1888 fructui

105 1912 290 1998 gloriaeque
313 1934 382 1976 esse
409 1913 526 1996 possit,
553 1934 613 1976 nec
641 1912 816 1995 quidquam
844 1934 882 1976 ex
910 1912 1060 1976 omnibus

105 2001 201 2063 rebus
214 2001 365 2063 humanis
380 2003 429 2063 est
442 2000 637 2084 praeclarius
656 2003 713 2063 aut
730 2000 947 2083 praestantius
964 2021 1061 2083 quam

106 2088 145 2152 de
168 2109 202 2151 re
225 2087 355 2171 publica
377 2088 459 2151 benc
482 2088 606 2153 mereri.
641 2087 758 2153 Adhuc
782 2089 867 2152 enim
881 2125 923 2134 —
937 2089 1061 2172 patitur
1079 2101 1095 2148 3

104 2181 163 2241 tua
176 2197 302 2240 summa
315 2176 501 2240 humanitas
516 2180 549 2240 et
563 2177 722 2260 sapientia
735 2198 795 2260 me,
814 2176 899 2260 quod
913 2178 1061 2262 sentiam,

105 2266 204 2329 libere
219 2265 323 2328 dicere
338 2265 527 2329 -fortuna
545 2266 742 2351 suffragante
762 2265 878 2330 videris
896 2266 1061 2330 11111111-

105 2375 175 2417 mas
199 2358 402 2436 consecutus,
430 2354 515 2437 quod
539 2376 733 2438 quamquam
760 2353 829 2418 sinc
851 2354 970 2419 virtute
993 2376 1063 2420 non

106 2442 274 2528 potuisses,
283 2446 394 2506 tamen
407 2464 446 2506 ex
459 2443 599 2507 maxima
611 2447 702 2526 parte
717 2465 764 2527 ea,
773 2464 854 2526 quae
869 2465 902 2507 es
917 2444 1062 2527 adeptus,

105 2531 257 2595 fortunae
280 2531 542 2616 temporibusque
565 2532 764 2596 tribuuntur:
787 2531 839 2596 his
861 2531 1061 2615 temporibus

106 2619 302 2685 difficillimis
324 2620 371 2685 rei
393 2621 540 2704 publicae
559 2620 712 2704 quidquid
731 2621 926 2702 subveneris,
949 2619 981 2681 id
1001 2619 1063 2682 erit

106 2712 211 2774 totum
226 2713 259 2772 ct
271 2709 438 2793 proprium
451 2713 552 2774 tuum.
588 2708 779 2774 Incredibile
798 2711 848 2772 cst
862 2707 1005 2772 omnium
1019 2708 1061 2771 ci·

107 2797 194 2862 vium
207 2798 387 2867 latronibus
402 2799 542 2881 exceptis
557 2797 666 2862 odium
686 2798 721 2861 in
734 2795 924 2879 Antonium,
942 2817 1062 2881 magna

108 2907 181 2968 spes
207 2886 296 2949 inte
325 2889 357 2949 et
379 2886 415 2949 in
441 2890 497 2950 tuo
526 2886 680 2969 exercitu,
709 2905 829 2969 magna
857 2886 1062 2969 exspectatio,

107 2973 210 3055 cuius,
241 2994 298 3056 per
331 2973 419 3037 deos!
453 2973 577 3058 gratiae
609 2972 793 3057 gloriaeque
826 2995 902 3037 care
933 2977 1061 3057 tempus

107 3061 246 3124 amittas.
292 3059 344 3125 Sic
367 3082 483 3125 moneo
506 3064 544 3124 ut
565 3060 681 3145 filium,
704 3061 749 3125 sic
773 3062 893 3127 suadeo
915 3065 952 3126 ut
973 3061 1062 3143 mihi,

107 3149 153 3212 sic
175 3148 289 3213 hortor
311 3152 349 3212 ut
371 3152 404 3213 ct
425 3171 485 3233 pro
507 3149 614 3233 patria
636 3153 669 3213 et
681 3150 929 3221 amicissimum.

176 3304 268 3373 Epo,
285 3311 308 3359 1.
340 3306 413 3374 perf.
450 3305 500 3358 Ea
517 3306 616 3374 quitur
633 3305 728 3376 vulgo.
765 3322 806 3374 p,
825 3320 900 3372 111.
919 3302 950 3355 Β.
969 3332 1002 3341 -
1022 3307 1061 3355 at-

105 3375 207 3429 tulerat
220 3374 280 3458 (L.).
314 3377 466 3430 attuleruut
479 3376 516 3429 M.
550 3377 644 3430 attulit
657 3376 688 3428 B.
705 3445 710 3457 υ
725 3381 750 3429 3.
768 3374 964 3448 quadrantium
978 3373 1044 3439 (W.)

105 3451 357 3583 mallim
374 3447 563 3592 lldtt‘l
608 3461 723 3516 llll
740 3449 762 3500 l·
783 3445 828 3515 ¹²*
842 3445 878 3499 a.
904 3475 938 3483 “
966 3444 1071 3497 llll
