2370 3878
305 185 566 242 EPISTOLARUM
584 185 645 240 vn.
666 191 707 239 17.
728 191 769 239 rs.
950 184 1014 246 211

55 353 170 417 sapere
193 331 315 416 aliquid
338 334 395 395 aut
417 331 498 394 velle
520 333 579 394 tua
606 351 703 393 eausa
725 332 834 412 putas,
860 349 902 395 ne
926 328 1015 392 dimi·

56 420 153 504 seris,
175 424 221 503 et,
243 421 273 486 si
295 441 376 503 quae
404 423 437 483 te
459 419 544 483 forte
566 440 617 483 res
642 418 815 501 aliquando
839 417 1016 500 offenderit,

56 530 159 593 quum
185 507 239 572 ille
268 512 325 573 aut
353 507 563 591 occupatione
590 510 647 570 aut
674 505 864 570 difficultate
894 505 1017 569 tardior

55 597 118 663 tibi
141 596 203 661 erit
224 597 322 680 visus,
343 596 485 680 perferto
510 599 542 659 et
568 595 683 659 ultima
710 598 907 677 exspectato,
935 616 1016 677 quae

56 707 119 770 ego
146 685 208 749 tibi
239 685 380 749 iucunda
406 688 439 748 et
469 683 607 748 honesta
635 683 817 767 praestabo.
866 682 1052 750 Pluribus3

55 779 90 838 te
113 773 239 838 hortari
261 795 329 838 non
357 773 470 837 debeo:
497 775 626 835 tantum
653 793 784 854 mones,
811 793 915 854 neque
939 772 1016 835 ami·

56 861 153 926 citiae
181 861 419 926 confirmandae
447 860 615 925 clarissimi
643 881 680 924 ac
710 860 925 924 liberalissimi
957 860 1017 923 viri

55 970 164 1033 neque
186 949 343 1013 uberioris
362 949 545 1032 provinciae
564 970 668 1031 neque
688 947 804 1011 aetatis
823 949 927 1032 magis
949 948 1016 1012 ido·

56 1058 157 1103 neum
179 1040 320 1121 tempus,
348 1038 375 1100 si
402 1037 465 1101 hoo
488 1037 646 1119 amiseris,
675 1039 707 1099 te
732 1057 801 1099 esse
825 1036 926 1100 ullum
949 1059 1016 1099 um·

56 1147 157 1210 quam
179 1129 390 1209 reperturum.
440 1138 520 1207 1100,
552 1123 822 1208 quemadmodum
851 1145 908 1187 vos
941 1125 1016 1187 scri-

55 1215 135 1278 bere
168 1214 277 1278 soletis
309 1213 344 1276 in
376 1212 491 1276 vestris
522 1212 626 1296 libris,
660 1226 750 1274 Imrn
771 1210 808 1287 Q.
836 1209 1016 1276 CORNELIO

56 1314 274 1362 vlnnnnrvr.
310 1301 351 1364 In
373 1300 576 1364 Britanniam
599 1304 632 1364 te
655 1300 836 1384 profectum
858 1321 925 1364 non
948 1320 1017 1362 esse

57 1388 196 1475 gaudeo,
218 1389 304 1472 quod
327 1392 360 1453 et
381 1389 492 1453 labore
515 1390 647 1454 caruisti
669 1393 702 1453 et
724 1409 784 1474 ego
808 1392 840 1453 te
864 1389 902 1453 de
921 1389 1016 1452 rebus

56 1477 125 1541 illis
147 1498 215 1541 non
238 1478 376 1541 audiam.
412 1477 477 1542 Ubi
501 1478 545 1542 sis
568 1479 796 1543 hibernaturus
820 1481 852 1542 et
875 1499 938 1560 qua
961 1497 1017 1561 spe

59 1568 118 1630 aut
141 1565 338 1649 condicione,
360 1567 540 1650 perscribas
564 1567 605 1631 ad
627 1589 678 1631 me
701 1567 805 1631 velim.

477 1743 599 1807 XVIII.

156 1852 213 1908 Sor.
232 1854 262 1908 in
280 1855 430 1923 Pomptino
449 1855 495 1908 Vl.
516 1855 581 1908 Idus
599 1854 709 1923 Apriles
729 1870 753 1908 a.
772 1870 799 1907 n.
819 1871 842 1906 o.
863 1859 921 1906 701.

326 1964 454 2031 crosno
474 1974 657 2029 rannlrrc
678 1974 752 2028 san.

129 2074 250 2159 Accepi
273 2099 292 2140 a
314 2079 346 2139 te
366 2076 489 2159 aliquot
507 2075 659 2158 epistolas
678 2096 743 2139 uno
761 2077 915 2158 tempore,
937 2096 1017 2158 quas
1038 2089 1051 2136 1

60 2169 98 2229 tu
122 2164 255 2229 diversis
283 2164 482 2247 temporibus
510 2163 655 2228 dederas:
685 2163 719 2226 in
748 2163 862 2246 quibus
890 2186 941 2227 me
969 2185 1016 2228 ce-

60 2258 132 2317 tera
155 2253 368 2334 delectarunt3
396 2251 623 2336 significabant
650 2251 735 2316 enim
757 2255 790 2316 te
813 2252 909 2316 istam
936 2252 1016 2316 mili-

61 2341 143 2405 tiam
164 2341 230 2404 iam
251 2342 345 2405 firmo
373 2341 480 2405 animo
508 2340 591 2404 ferre
619 2344 652 2404 et
678 2362 746 2404 esse
768 2340 887 2405 fortem
914 2342 1018 2405 virum

61 2433 96 2493 et
119 2432 335 2511 constantem3
363 2451 444 2512 quae
467 2448 528 2513 ego
551 2430 726 2512 paullisper
754 2429 789 2493 in
811 2433 844 2493 te
867 2430 914 2493 ita
936 2430 1017 2493 desi-

62 2518 181 2601 deravi,
203 2517 305 2596 †non
327 2517 545 2581 imbecillitate
569 2518 668 2581 animi
690 2517 752 2600 tui,
775 2517 831 2581 sed
853 2517 958 2601 magis
981 2521 1018 2580 ut

62 2606 219 2670 desiderio
243 2605 346 2669 nostri
368 2609 400 2669 te
424 2609 570 2670 aestuare
592 2609 748 2688 putarem.
785 2605 889 2680 Quare
909 2623 1017 2689 perge,

61 2698 100 2759 ut
114 2693 260 2777 coepisti3
278 2693 357 2757 lorti
371 2694 478 2758 animo
493 2694 590 2758 istam
606 2694 709 2758 tolera
721 2694 882 2757 milltiam:
906 2694 1017 2776 multa,

62 2782 263 2866 mihicrede,
286 2803 468 2865 assequere3
491 2803 551 2866 ego
571 2783 656 2846 enim
674 2783 837 2846 renovabo
857 2803 1016 2847 commen-

62 2871 240 2954 dationem,
268 2871 322 2933 sed
345 2873 497 2953 tempore.
544 2868 595 2934 sic
618 2870 751 2953 habeto,
777 2892 844 2935 non
866 2871 927 2935 tibi
950 2893 1015 2935 ma·

62 2961 124 3023 iori
146 2980 215 3023 esse
239 2979 346 3040 curae,
373 2961 410 3021 ut
432 2959 493 3022 iste
516 2961 590 3022 tuus
614 2980 633 3021 a
655 2981 706 3023 me
734 2959 892 3024 discessus
920 2982 1016 3043 quam

61 3046 335 3112 fructuosissimus
366 3045 427 3109 tibi
459 3046 514 3129 sit,
543 3068 640 3129 quam
666 3047 758 3130 mihi3
789 3048 911 3131 itaque,
939 3069 1015 3130 quo·

61 3136 151 3200 niam
182 3138 307 3200 vestrae
339 3133 504 3198 cautiones
535 3134 681 3199 infirmae
711 3139 800 3218 sunt,
827 3135 1016 3199 Graeculam

60 3224 122 3288 tibi
145 3224 218 3288 misi
241 3224 423 3287 cautionem
441 3222 647 3308 chirographi
665 3224 737 3288 mei.
773 3223 823 3287 Tu
846 3223 1015 3287 mavelim

132 3380 185 3450 Ep.
206 3386 247 3447 18,
264 3386 286 3433 1.
323 3385 411 3447 †aoa
425 3381 513 3436 imbec
529 3399 554 3436 o.
569 3383 621 3448 tul,
639 3382 685 3436 sed
698 3382 786 3449 mosis
799 3385 830 3434 at
848 3378 923 3448 (W.).
959 3393 1016 3433 aon

60 3456 92 3505 ut
109 3452 173 3507 turb.
272 3455 304 3504 ατ
322 3449 418 3519 (Orat.)
438 3455 487 3506 aut
509 3457 540 3506 at
558 3467 614 3507 oca
632 3451 694 3505 tmb.
793 3455 825 3506 ut
843 3449 918 3519 (W.).
960 3465 1015 3505 noa

60 3523 79 3576 i.
99 3538 124 3578 a.
144 3527 173 3590 t,
191 3521 237 3577 sed
253 3537 298 3589 m„
315 3526 347 3576 at
364 3520 410 3590 M„
428 3522 523 3592 vulgo.

759 3588 815 3666 dr
