2370 3878
148 191 211 254 302
429 191 466 245 Μ.
486 189 609 245 TULLII
628 189 818 246 CICERONIS

593 439 650 505 VI.

276 552 333 606 Ser.
352 552 457 607 Romae
476 551 549 605 XIII.
569 552 637 605 Kal..
650 552 760 621 Apriles
780 569 804 606 a.
824 572 850 606 u.
870 571 892 607 c.
914 560 973 607 711.

475 675 604 730 CICERO
622 675 774 730 PLANCO.

113 789 126 835 1
214 774 301 850 Quae
324 776 451 840 locutus
479 780 531 866 est
550 775 689 839 Furnius
718 779 828 840 noster
851 775 889 839 de
913 776 1021 840 animo
1044 780 1102 841 tuo

147 864 182 928 in
214 886 282 928 rem
313 863 490 947 publicam,
522 885 559 927 ea
592 864 775 948 gratissima
806 863 939 928 fuerunt
967 865 1102 947 senatui,

146 952 267 1036 populo
285 951 433 1016 Romano
452 952 691 1036 probatissima3
715 973 795 1035 quae
820 956 928 1016 autem
950 953 1102 1020 recitatae

146 1040 272 1104 litterae
296 1043 372 1104 sunt
393 1040 428 1103 in
452 1043 575 1123 senatu,
597 1061 801 1122 nequaquam
824 1042 1005 1104 consentire
1029 1062 1101 1104 cum

146 1127 259 1193 Furnii
282 1129 428 1193 oratione
451 1129 538 1192 visae
563 1132 651 1210 sunt,
674 1128 762 1211 pacis
782 1128 867 1192 enim
887 1132 999 1192 auctor
1022 1150 1102 1211 eras,

147 1240 246 1300 quum
273 1217 397 1302 collega
423 1220 512 1300 tuus,
543 1216 592 1281 vir
622 1216 829 1300 clarissime,
861 1237 881 1279 a
906 1216 1101 1280 foedissimis

145 1306 325 1370 latronibus
349 1305 557 1388 obsideretur,
581 1305 635 1388 qui
658 1308 715 1368 aut
732 1305 846 1387 positis
870 1305 966 1369 armis
990 1326 1101 1387 pacem

146 1398 254 1478 petere
287 1393 405 1457 debent
436 1397 505 1477 aut,
542 1393 569 1456 si
601 1397 784 1477 pugnantes
817 1415 888 1457 eam
924 1395 1102 1476 postulant,

145 1481 280 1547 victoria
302 1504 378 1565 pax,
405 1503 474 1546 non
496 1481 645 1564 pactione
668 1481 823 1564 parienda
851 1484 908 1545 est.
960 1480 1034 1564 Sed,
1062 1480 1101 1544 de

146 1592 224 1654 pace
246 1570 372 1634 litterae
400 1571 451 1634 vel
474 1569 587 1653 Lepidi
614 1569 664 1633 vel
686 1573 761 1633 tuae
790 1591 886 1652 quam
912 1570 948 1633 in
975 1573 1101 1653 partem

147 1663 295 1742 acceptae
319 1659 398 1741 sint,
420 1680 459 1723 ex
480 1658 549 1723 viro
574 1658 706 1741 optimo,
727 1657 827 1737 fratre
851 1661 921 1740 tuo,
949 1660 1044 1720 etex
1066 1655 1100 1720 C.

111 1746 267 1812 2Furnio
290 1747 412 1831 poteris
435 1767 636 1832 cognoscere.
682 1745 735 1810 Me
763 1749 870 1810 autem
897 1745 1027 1830 impulit
1052 1747 1101 1809 tui

147 1837 276 1920 caritas,
302 1840 352 1918 ut,
380 1857 574 1920 quamquam
597 1856 657 1898 nec
683 1834 743 1898 tibi
766 1835 829 1918 ipsi
856 1835 1026 1898 consilium
1049 1834 1100 1897 de-

147 1929 231 1990 esset
262 1928 296 1988 et
326 1924 436 1989 fratris
467 1923 642 2007 Furniique
678 1923 904 1987 benevolentia
934 1922 1100 2005 fidelisque

146 2013 318 2098 prudentia
344 2012 404 2077 tibi
431 2017 560 2097 praesto
589 2016 673 2077 esset
698 2011 821 2094 futura,
848 2011 964 2075 vellem
990 2014 1100 2075 tamen

146 2123 235 2164 meae
259 2123 384 2184 quoque
412 2101 613 2166 auctoritatis
640 2123 698 2183 pro
726 2099 872 2183 plurimis
899 2100 1019 2164 nostris
1046 2121 1100 2162 ne·

147 2189 393 2253 cessitudinibus
416 2193 622 2273 praeceptum
650 2188 690 2252 ad
712 2192 745 2251 te
769 2187 899 2272 aliquod
925 2187 1100 2271 pervenire.

147 2275 247 2340 Crede
270 2277 371 2361 igitur
392 2277 481 2360 mihi,
503 2277 630 2361 Plance,
653 2298 773 2360 omnes,
796 2297 877 2360 quos
901 2275 1004 2340 adhuc
1027 2296 1098 2359 gra-

147 2365 206 2429 dus
230 2365 397 2449 dignitatis
421 2370 610 2430 consecutus
638 2365 681 2430 sis
705 2401 747 2410 -
771 2385 805 2428 es
829 2368 935 2428 autem
963 2363 1098 2447 adeptus

147 2453 361 2538 amplissimos
385 2491 440 2536 -,
468 2475 522 2519 eos
554 2455 715 2518 honorum
744 2453 901 2517 vocabula
922 2451 1100 2535 habituros,

146 2564 214 2606 non
237 2542 404 2627 dignitatis
427 2542 577 2627 insignia,
599 2542 663 2606 nisi
680 2546 712 2605 te
732 2563 804 2605 cum
821 2541 970 2605 libertate
988 2540 1100 2624 populi

146 2630 286 2694 Romani
322 2632 355 2694 et
386 2653 459 2694 curn
496 2633 627 2695 senatus
660 2630 851 2695 auctoritate
888 2629 1100 2694 coniunxeris.

147 2717 286 2804 Seiunge
308 2722 355 2802 te,
383 2740 515 2802 quaeso,
538 2719 711 2802 aliquando
739 2718 780 2781 ab
807 2718 861 2802 iis,
888 2736 961 2782 cum
984 2716 1100 2800 quibus

146 2811 179 2870 te
202 2828 269 2871 non
296 2811 388 2871 tuum
415 2807 581 2890 iudicium,
609 2807 664 2871 sed
687 2809 870 2890 temporum
892 2805 999 2870 vincla
1026 2825 1099 2868 con·

112 2903 127 2952 3
146 2895 329 2959 iunxerunt.
365 2893 553 2980 Complures
572 2896 607 2959 in
624 2895 866 2979 perturbatione
890 2895 936 2958 rei
954 2893 1100 2978 publicae

147 2985 331 3055 consulares
360 2983 449 3067 dicti,
477 3006 614 3067 quorum
641 3005 736 3048 nemo
766 2982 943 3047 consularis
970 2981 1100 3046 habitus

51 3134 54 3139 .
147 3078 191 3138 est
211 3073 274 3136 nisi
297 3072 352 3154 qui
375 3073 483 3137 animo
507 3073 630 3137 exstitit
652 3073 686 3135 in
710 3093 777 3135 rem
804 3071 965 3156 publicam
989 3091 1100 3156 consu-

147 3162 215 3225 lari.
261 3160 372 3224 Talem
394 3161 495 3246 igitur
516 3164 548 3225 te
571 3182 640 3224 esse
665 3162 805 3244 oportet,
828 3161 883 3243 qui
905 3159 1045 3243 primum
1069 3162 1101 3220 te

148 3250 188 3314 ab
215 3250 387 3334 impiorum
415 3249 531 3314 civium
562 3249 610 3313 tui
638 3247 922 3313 dissimillimorum
950 3247 1101 3312 socictate

112 3457 255 3588 vulgo&
279 3465 308 3525 θ’
326 3428 354 3515 '¹'
398 3459 524 3528 ‘immi’
546 3473 568 3529 1)
570 3472 604 3529 ⁰1⁹
606 3457 652 3514 ΜΟ
675 3457 711 3513 R·
732 3457 800 3528 (Ml.
842 3471 865 3513 ⁸·
891 3456 1044 3527 PCWIOW
1066 3454 1102 3508 R·
