2370 3878
161 124 222 207 196
440 143 477 197 n.
497 140 621 197 ruam
639 140 829 198 mosaoms

615 389 656 456 V.

434 501 490 557 Sor.
509 502 614 557 Romae
635 518 659 556 a.
678 520 705 556 u.
725 519 747 556 c.
767 508 827 558 693.

275 625 312 680 Μ.
333 624 460 680 CICERO
481 625 507 679 S.
527 625 560 679 D.
581 624 609 680 C.
629 625 795 681 ANTONIO
814 626 851 679 M.
871 625 901 680 F,
920 626 996 691 IMP,

122 738 134 784 1
221 724 293 789 Etsi
317 729 492 789 statueram
511 725 617 789 nullas
635 725 676 788 ad
698 729 731 789 te
754 725 878 789 litteras
897 726 1024 791 mittere
1048 728 1114 793 nisi

156 813 501 878 commendaticias-
525 834 593 876 non
621 834 683 896 quo
712 834 765 877 eas
793 813 1008 898 intelligerem
1032 817 1113 880 satis

155 902 240 985 apud
263 903 295 964 te
318 902 433 985 valere,
456 901 570 965 sedne
589 902 637 983 iis,
661 900 716 984 qui
734 922 784 964 me
802 906 966 986 rogarent,
988 902 1112 986 aliquid

155 989 193 1054 de
225 993 337 1055 nostra
368 989 594 1055 coniunctione
625 989 830 1053 imminutum
862 1010 931 1054 esse
963 991 1112 1056 ostende-

154 1100 222 1143 rem
237 1116 288 1161 -‚
310 1081 428 1161 tamen,
447 1100 545 1161 quum
564 1077 598 1141 T.
617 1077 824 1162 Pomponius,
848 1078 946 1143 homo
966 1078 1111 1144 omnium

153 1188 297 1231 meorum
316 1168 351 1230 in
369 1171 401 1231 te
425 1167 603 1231 studiorum
621 1170 654 1230 et
677 1165 856 1229 officiorum
874 1166 1012 1230 maxime
1035 1187 1110 1231 eon-

155 1256 252 1338 scius,
274 1256 323 1318 tui
346 1254 493 1338 cupidus,
516 1254 619 1318 nostri
642 1253 894 1337 amantissimus,
917 1254 958 1317 ad
980 1258 1014 1317 te
1036 1277 1110 1339 pro-

154 1341 361 1424 ficisceretur,
389 1339 510 1423 aliquid
537 1340 615 1403 mihi
640 1340 843 1404 scribendum
865 1341 991 1425 putavi,
1017 1364 1108 1426 prae·

155 1430 264 1493 sertim
292 1451 391 1513 quum
418 1429 511 1492 aliter
536 1428 598 1512 ipsi
621 1426 800 1512 Pomponio
829 1429 1014 1494 satisfacere
1041 1452 1108 1496 non

119 1536 289 1600 spossem.
334 1517 407 1601 Ego
435 1516 462 1580 si
489 1516 546 1580 abs
573 1520 606 1580 te
634 1538 759 1580 summa
788 1516 895 1581 officia
922 1517 1108 1603 desiderem,

154 1606 271 1669 mirum
293 1605 415 1669 nemini
437 1604 537 1668 videri
560 1605 687 1686 debeat3
716 1605 824 1670 omnia
847 1605 933 1668 enim
956 1627 976 1669 a
998 1627 1050 1670 me
1072 1607 1108 1670 in

153 1698 185 1758 te
208 1694 353 1778 profecta
376 1696 465 1776 sunt,
494 1713 575 1776 quae
599 1693 639 1756 ad
662 1696 754 1756 tuum
781 1693 998 1777 commodum,
1026 1715 1107 1779 quae

154 1782 194 1846 ad
217 1783 388 1866 honorem,
419 1803 500 1865 quae
524 1782 564 1846 od
592 1781 782 1865 dignitatem
809 1781 1021 1864 pertinerent:
1047 1804 1107 1866 pro

152 1871 203 1936 his
225 1872 320 1937 rebus
343 1872 466 1936 nullam
489 1870 568 1935 mihi
591 1870 648 1933 abs
672 1872 703 1934 te
722 1870 856 1933 relatam
876 1890 944 1933 esse
968 1870 1107 1954 gratiam

152 1963 188 2024 tu
213 1982 246 2025 es
270 1961 409 2046 optimus
431 1959 534 2044 testis,
557 1962 669 2024 eontra
692 1958 789 2021 etiam
813 1978 882 2021 esse
905 1957 1025 2040 aliquid
1044 1958 1107 2023 abs

152 2051 185 2111 te
212 2049 392 2130 profectum
420 2069 459 2112 ex
485 2048 595 2111 multis
624 2047 743 2128 audivi3
774 2066 851 2109 nam
877 2044 1107 2129 ,‚e0mperisse“

152 2157 203 2198 me
230 2157 298 2200 non
325 2137 426 2201 audeo
454 2136 570 2218 dicere,
602 2155 643 2198 ne
670 2135 754 2198 forte
780 2133 813 2197 id
840 2133 946 2217 ipsum
973 2134 1107 2199 verbum

152 2244 285 2307 ponam,
308 2223 393 2306 quod
417 2223 530 2286 abste
553 2223 645 2286 aiunt
666 2221 750 2286 falso
773 2222 808 2284 in
830 2242 881 2286 me
905 2222 1007 2286 solere
1030 2242 1105 2287 con·

151 2312 241 2393 ferri3
265 2311 319 2374 sed
344 2333 389 2394 ea,
412 2331 493 2393 quae
521 2310 561 2373 ad
584 2330 635 2373 me
658 2309 764 2373 delata
787 2313 874 2393 sunt,
903 2311 989 2375 malo
1011 2312 1044 2374 te
1067 2331 1107 2374 ex

152 2397 345 2482 Pomponio,
373 2399 424 2462 cui
451 2419 519 2462 non
545 2397 651 2461 minus
679 2397 815 2461 molesta
837 2398 982 2481 fuerunt,
1008 2418 1106 2481 quem

153 2509 191 2551 ex
218 2488 297 2552 meis
329 2486 443 2551 litteris
476 2506 677 2569 cognoscere.
726 2483 818 2549 Meus
845 2485 880 2548 in
911 2490 944 2550 te
977 2487 1105 2550 animus

153 2598 249 2660 quam
273 2575 428 2660 singulari
452 2574 558 2639 officio
576 2574 682 2658 fuerit,
706 2577 738 2638 et
756 2576 887 2639 senatus
910 2578 943 2638 et
964 2572 1104 2658 populus

152 2664 319 2729 Romanus
337 2664 429 2728 testis
448 2665 509 2726 est:
531 2665 567 2726 tu
587 2683 683 2745 quarn
702 2665 814 2747 gratus
833 2682 910 2746 erga
927 2683 979 2726 me
996 2661 1106 2744 fueris,

152 2752 221 2835 ipse
245 2753 426 2816 existimare
449 2753 555 2835 potes3
578 2754 734 2833 quantum
757 2749 836 2813 mihi
860 2749 986 2834 debeas,
1008 2750 1107 2814 ceteri

117 2857 133 2905 3
153 2840 345 2905 existiment.
380 2839 453 2924 Ego
478 2859 558 2922 quae
581 2841 638 2902 tua
661 2860 757 2902 causa
780 2841 876 2902 antea
898 2837 970 2923 feci,
992 2838 1106 2902 volun-

151 2930 219 2992 tate
233 2949 304 2992 sum
318 2928 473 2992 adductus
487 2931 662 3012 posteaque
680 2926 878 3008 constantim
900 2925 956 2990 sed
973 2925 1108 3009 reliqua,

152 3016 231 3080 mihi
255 3015 360 3099 crede,
385 3018 488 3080 multo
512 3017 615 3080 maius
638 3036 744 3079 meum
768 3013 909 3078 studium
939 3014 1106 3079 maiorem-

153 3127 214 3189 que
237 3104 429 3191 gravitatem
452 3108 485 3168 et
506 3105 649 3169 laborem
672 3102 867 3185 desiderant3
891 3121 1056 3187 quaeego
1079 3101 1107 3165 si

151 3215 219 3258 non
241 3192 435 3277 profundere
464 3213 500 3257 ao
523 3193 655 3276 perdere
678 3190 824 3273 videbor,
850 3190 999 3254 omnibus
1025 3189 1107 3253 meis

152 3283 272 3347 viribus
296 3280 475 3363 sustinebo3
503 3280 683 3344 sinautem
710 3279 840 3363 ingrata
868 3299 936 3343 esse
960 3277 1107 3361 sentiam,

222 3473 274 3544 Ep.
294 3480 318 3541 5,
334 3479 358 3527 2.
396 3472 549 3527 existiraeut
567 3470 632 3539 (N).
669 3471 827 3525 existimant
845 3469 891 3537 Μ.,
910 3469 940 3523 Β.
