2370 3878
287 240 296 255 ‚
334 175 594 234 EPISTOLARUM
611 175 685 231 xm.
700 181 814 231 11-40.
987 175 1053 239 453

96 323 249 390 observat
280 321 538 406 diligentissime,
574 321 664 385 cuius
696 341 769 386 cum
806 324 897 404 patre
934 342 1054 404 magna

95 411 176 476 mihi
198 411 263 475 fuit
286 410 427 475 amicitia
448 410 514 472 iam
541 409 616 472 inde
645 431 665 472 a
687 412 859 493 quaestura
881 429 953 472 mea
976 407 1053 472 Sici·

95 498 200 564 liensi.
245 497 385 562 Omnino
408 519 495 560 nune
522 496 591 580 ipse
614 495 760 561 Bruttius
783 497 905 562 Romae
928 517 1054 560 mecum

97 591 160 670 est3
192 587 246 651 sed
274 590 385 650 tamen
412 586 543 649 domum
566 586 633 649 eius
657 589 690 649 et
712 607 779 648 rem
806 584 998 649 familiarem
1021 589 1054 648 et

98 678 322 760 procuratores
349 674 409 737 tibi
438 675 482 737 sic
506 673 708 754 commendo,
734 677 772 736 ut
798 675 919 738 maiore
947 673 1053 737 studio

98 763 323 829 commendare
350 783 426 826 non·
447 761 577 844 possim.
622 759 848 826 Gratissimum
870 761 949 825 mihi
971 762 1053 825 fece-

97 853 152 935 riS,
175 852 202 916 si
226 850 356 933 curaris,
378 854 415 914 ut
433 850 594 933 intelligat
612 847 768 933 Bruttius,
790 849 823 912 id
846 850 931 932 quod
955 851 984 912 ei
1006 871 1053 913 re-

98 939 176 1023 repi,
194 939 279 1003 hane
297 959 403 1002 meam
417 937 729 1003 commendationem
747 937 808 1002 sibi
828 959 947 1022 magno
967 938 1054 1002 adiu-

98 1031 208 1092 mento
231 1026 340 1092 fuisse.

502 1201 654 1267 XXXIX.

385 1313 442 1369 Sor.
461 1315 567 1369 Romae
586 1331 611 1368 a.
629 1333 655 1368 u.
675 1332 698 1369 c.
719 1320 778 1370 708.

234 1436 382 1493 CICERO
400 1436 544 1492 AOILIO
564 1437 822 1492 PROCONSULI
839 1437 922 1493 SAL.

168 1534 250 1602 Cum
272 1537 396 1600 familia
418 1537 567 1602 Titurnia
589 1539 791 1603 necessitudo
820 1538 900 1602 mihi
922 1539 1055 1603 interce

101 1625 149 1690 dit
170 1629 277 1710 vetus,
300 1647 338 1688 ex
361 1647 424 1709 qua
447 1627 587 1709 reliquus
615 1631 664 1691 est
686 1627 730 1692 M.
754 1627 919 1691 Titurnius
942 1627 1056 1710 Rufus,

101 1714 156 1798 qui
178 1713 259 1777 mihi
282 1713 371 1778 omni
393 1714 562 1798 diligentia
584 1719 680 1798 atque
702 1716 809 1781 officio
833 1720 882 1779 est
904 1716 1056 1796 tuendus3

102 1804 152 1865 est
173 1802 274 1886 igitur
296 1802 411 1866 intua
433 1806 603 1885 potestate,
625 1804 738 1867 utillo
761 1804 796 1866 in
818 1824 869 1866 mc
893 1804 971 1866 satis
995 1803 1056 1867 sibi

100 1889 253 1974 praesidii
284 1892 378 1973 putet
410 1911 488 1954 esse.
542 1889 744 1974 Quapropter
776 1913 849 1954 eum
880 1891 940 1954 tibi
972 1912 1056 1953 com-

101 1977 218 2042 mendo
241 1978 277 2041 in
299 1978 453 2042 maiorem
475 1978 607 2043 modum
631 1982 663 2042 et
684 1980 741 2042 abs
764 1981 797 2042 te
819 1982 905 2061 peto,
928 1977 1057 2062 efficias,

100 2069 139 2130 ut
160 2065 188 2130 is
212 2066 523 2130 commendationem
549 2066 635 2130 hanc
663 2066 826 2151 intelligat
853 2066 914 2130 sibi
936 2086 1056 2150 magno

101 2153 288 2218 adiumento
311 2153 424 2218 fuisse:
451 2155 512 2218 erit
534 2155 569 2219 id
589 2153 670 2218 mihi
692 2155 897 2219 vehementer
919 2158 1057 2240 gratum.

539 2347 606 2414 XL.

381 2458 437 2514 Sor.
457 2460 562 2514 Romae
581 2475 606 2514 a.
625 2477 652 2515 u.
671 2477 694 2516 e.
713 2467 774 2517 699.

172 2579 210 2634 Μ.
229 2580 357 2636 CICERO
378 2581 404 2636 S.
424 2583 456 2636 D.
478 2582 508 2648 Q.
528 2583 715 2639 ANCHARIO
735 2584 765 2650 Q.
785 2585 815 2640 F.
834 2585 981 2640 PROCOS.

168 2677 204 2742 L.
227 2683 259 2742 et
282 2677 315 2745 O.
338 2680 487 2748 Aurelios
515 2682 550 2747 L.
578 2684 674 2767 filios,
702 2684 831 2768 quibus,
858 2688 891 2748 et
916 2685 997 2768 ipsis
1025 2688 1058 2749 et

101 2769 192 2848 patre
211 2788 331 2852 eorum,
352 2771 421 2834 viro
442 2772 573 2855 optimo,
595 2771 843 2836 fandliarissime
865 2775 949 2857 utor,
972 2795 1055 2839 com-

100 2854 217 2919 mendo
240 2856 301 2918 tibi
323 2859 477 2922 maiorem
499 2860 535 2922 in
553 2859 693 2942 modum,
716 2859 934 2926 adolescentes
955 2862 1055 2927 omni-

99 2940 161 3005 bus
193 2942 323 3026 optimis
356 2946 478 3010 artibus
502 2948 647 3030 ornatos,
674 2968 763 3011 meos
791 2951 1056 3033 pernecessarios,

99 3031 157 3093 tua
175 3031 316 3095 amicitia
335 3032 548 3118 dignissimos.
585 3032 619 3098 si
641 3035 709 3099 ulla
726 3057 798 3099 mea
816 3037 901 3120 apud
919 3041 952 3101 te
971 3058 1055 3102 oom-

99 3117 263 3183 mcndatio
286 3120 443 3184 valuit-
459 3122 544 3204 quod
568 3123 643 3206 scio,
666 3124 785 3188 multas
806 3125 980 3207 plurimum
1002 3146 1056 3188 va·

98 3205 197 3271 luisse
212 3243 264 3291 —,
286 3208 366 3272 haec
388 3213 425 3272 ut
446 3210 561 3294 valeat,
584 3232 674 3296 rogo.
710 3210 803 3287 Quod
827 3213 854 3275 si
877 3233 932 3276 eos
954 3211 1055 3276 hono·

169 3361 221 3432 Ep.
241 3369 283 3447 4⁰:
311 3364 418 3433 quitus,
436 3369 461 3420 et
477 3366 548 3435 apauli
567 3367 640 3434 (W.).
677 3384 701 3435 q.
720 3371 745 3421 et
762 3368 782 3420 i.
800 3367 895 3436 vulgo.
915 3397 949 3450 “.‘
966 3367 1057 3423 coluit

96 3461 132 3570 ᾗ
148 3434 306 3575 priamo,
324 3451 358 3490 m.
372 3436 414 3504 pl.
433 3437 486 3492 ccl.
506 3467 554 3504 —-,
572 3438 637 3492 haec
655 3437 729 3505 (W.).
765 3437 830 3503 oct,
848 3454 872 3508 q.
891 3452 947 3493 seso
964 3454 998 3493 m.
1012 3439 1054 3508 pl.
