2370 3878
127 187 193 251 386
410 188 447 241 Μ.
467 186 589 240 TULLII
607 185 797 241 CICERONIS

128 336 218 395 catus
242 334 291 394 cst
314 329 486 412 ceterique,
513 330 568 412 qui
590 351 656 393 una
679 351 751 393 cum
773 331 830 394 illo
853 353 873 394 a
895 353 930 396 rc
955 334 1091 416 publica

127 419 326 499 defecerunt,
362 418 477 500 quibus
509 421 619 480 tamen
651 417 691 481 ad
724 418 896 482 sanitatem
926 421 1089 485 redeundi

128 510 202 571 ante
225 505 266 569 Κ.
289 503 374 587 Sept.
397 507 541 588 potestas
563 505 650 568 facta
673 508 730 568 est.
765 504 872 570 Fortis
892 528 974 571 sane
994 531 1087 572 sena·

127 602 189 675 tus,
213 593 268 656 sed
290 593 426 656 maxime
450 613 505 675 spe
529 592 662 657 subsidii
688 594 745 657 tui.
789 592 916 657 Bellum
945 596 1086 679 quidem,

128 703 226 764 quum
253 681 333 743 haec
360 680 551 763 scribebam,
581 702 658 744 sane
684 701 839 764 magnum
866 685 936 745 erat
965 685 1085 747 scelere

128 772 160 832 et
182 768 312 833 levitate
335 767 457 851 Lepidi.
492 767 562 832 Nos
581 768 620 831 de
634 767 803 832 Dolabella
824 770 978 853 quotidie,
1001 793 1084 854 quae

127 856 285 939 volumus,
307 856 467 938 audimuS,
495 856 550 920 sed
573 855 677 920 adhuc
701 856 769 920 sine
793 857 910 940 capite,
933 858 1005 922 sine
1030 881 1084 922 au-

92 948 225 1025 actore,
247 965 374 1009 rumore
392 944 517 1007 nuntio.
554 942 646 1018 Quod
665 965 763 1026 quum
785 944 832 1007 ita
855 948 949 1027 essct,
971 948 1083 1010 tamen

127 1031 243 1095 litteris
266 1033 345 1115 tuisr,
368 1053 447 1115 quas
470 1029 574 1094 Nonis
598 1029 693 1094 Maiis
717 1053 755 1094 ex
777 1032 890 1094 castris
914 1032 1008 1096 datas
1033 1055 1082 1097 ac-

128 1141 322 1202 ceperamus
339 1120 387 1182 ita
404 1140 593 1203 persuasum
611 1122 680 1182 erat
699 1119 889 1202 civitati-ut
906 1119 999 1182 illum
1017 1121 1083 1183 iam

128 1228 317 1290 oppressum
347 1227 458 1270 omnes
486 1206 731 1289 arbitrarentur,
760 1209 792 1268 te
821 1210 927 1269 autern
955 1207 991 1270 in
1017 1207 1082 1270 Ita-

28 1315 33 1327 ·
126 1295 204 1358 liam
227 1294 335 1358 venire
359 1314 431 1356 cum
454 1293 607 1375 exercitu,
629 1296 679 1375 ut,
707 1293 734 1356 si
756 1293 836 1356 haec
859 1315 897 1357 ex
921 1296 1083 1359 sententia

129 1382 276 1445 confecta
299 1383 419 1461 essent,
441 1381 575 1444 consilio
599 1383 695 1462 atque
719 1381 909 1444 auctoritate
932 1385 1004 1465 tua,
1032 1383 1083 1446 sin

129 1468 205 1551 quid
227 1467 311 1532 forte
334 1467 522 1549 titubatum,
552 1471 590 1531 ut
615 1467 653 1530 fit
674 1468 709 1529 in
731 1467 829 1551 bello,
857 1469 998 1533 exercitu
1024 1473 1082 1534 tuo

24 1561 28 1569 '
128 1556 315 1619 niteremur:
339 1576 433 1637 quem
456 1555 584 1637 quidem
607 1575 668 1638 ego
687 1555 860 1620 exercitum
878 1556 1083 1638 quibuscum·

129 1664 190 1725 que
217 1645 352 1725 potuero
380 1641 475 1704 rebus
504 1641 639 1724 ornab03
667 1642 757 1705 cuius
783 1643 831 1705 rei
856 1646 926 1706 tum
953 1647 1083 1728 tempus

128 1730 201 1813 erit,
225 1751 337 1812 quum,
366 1729 442 1812 quid
466 1729 536 1813 opis
558 1730 606 1793 rei
627 1730 774 1813 publicae
797 1731 921 1793 laturus
944 1731 972 1795 is
996 1753 1083 1795 exer·

129 1819 210 1882 citus
234 1818 276 1881 sit
299 1820 356 1881 aut
378 1817 455 1900 quid
477 1818 542 1881 iam
564 1818 683 1900 tulerit,
705 1821 820 1882 notum
838 1838 907 1882 esse
926 1820 1084 1902 coeperit,

128 1928 205 1970 nam
232 1906 336 1970 adhuc
363 1909 490 1969 tantum
518 1909 652 1969 conatus
680 1904 867 1988 audiuntur,
895 1905 1009 1988 optimi
1036 1908 1085 1971 illi

129 1995 257 2079 quidem
281 1997 313 2057 et
334 1993 590 2077 praeclarissimi,
613 1993 668 2056 sed
691 1996 783 2076 gesta
800 2013 851 2056 res
871 1997 1085 2079 exspectatur,

129 2104 226 2165 quam
249 2082 377 2164 quidem
404 2085 461 2145 aut
482 2082 547 2143 iam
571 2101 639 2144 esse
663 2081 804 2163 aliquam
830 2083 887 2145 aut
909 2083 1084 2164 appropin-

94 2180 227 2252 3quare
255 2169 391 2233 confido.
436 2169 506 2232 Tua
532 2169 651 2231 virtute
673 2173 702 2231 ct
727 2167 950 2251 magnitudine
983 2169 1085 2233 animi

129 2256 211 2320 nihil
230 2255 450 2337 estnobilius3
472 2257 581 2338 itaque
601 2258 758 2339 optamus,
776 2259 814 2319 ut
832 2256 1085 2339 quamprimum

129 2347 162 2407 te
193 2343 229 2405 in
258 2341 354 2405 Italia
385 2343 562 2406 videamus:
593 2365 662 2406 rem
688 2342 850 2425 publicam
876 2365 936 2406 nos
962 2343 1085 2408 habere

130 2429 371 2512 arbitrabimur,
398 2430 426 2492 si
452 2451 510 2495 vos
533 2431 731 2494 habebimus.
775 2428 941 2493 Praeclare
964 2432 1084 2495 vicera·

130 2541 215 2602 mus,
242 2517 305 2581 nisi
328 2517 515 2600 spoliatum,
541 2517 710 2600 inermem,
736 2517 915 2601 fugientem
942 2514 1085 2601 Lepidus

130 2607 303 2690 recepisset
329 2604 522 2686 Antonium,
549 2604 657 2686 itaque
685 2625 861 2688 numquam
887 2608 979 2669 tanto
1009 2607 1084 2670 odio

130 2695 253 2759 civitati
270 2691 434 2756 Antonius
452 2691 523 2772 fuit,
542 2694 664 2773 quanto
683 2694 731 2756 est
749 2692 902 2776 Lepidus3
923 2693 977 2756 ille
997 2694 1086 2758 enim

131 2804 169 2845 ex
196 2781 443 2844 turbulentare
469 2779 612 2862 publica,
637 2779 691 2842 hic
718 2800 756 2843 ex
782 2801 861 2863 pace
889 2783 922 2845 et
948 2781 1086 2846 victoria

129 2869 250 2932 bellum
273 2866 431 2930 excitavit.
467 2865 551 2930 Huic
575 2867 740 2951 oppositos
764 2869 911 2932 consules
935 2868 1086 2953 designa-

129 2960 181 3020 tos
199 2955 365 3037 habemus,
387 2954 421 3016 in
441 2955 555 3038 quibus
576 2958 625 3018 est
642 2976 762 3039 magna
779 2956 836 3019 illa
854 2955 982 3038 quidem
1002 2978 1087 3040 spes,

130 3043 186 3108 sed
218 3063 336 3124 anceps
368 3063 444 3104 cura
479 3046 612 3126 propter
641 3043 781 3106 incertos
813 3043 916 3106 exitus
947 3044 1086 3126 proelio·

130 3239 199 3283 esse
232 3217 350 3300 omnia,
380 3238 438 3281 ros
470 3218 658 3301 exspectari,
689 3217 827 3283 Brutum
859 3218 988 3300 quidem
1018 3219 1086 3283 iam

129 3307 266 3388 iamque.
312 3303 404 3379 Quod
427 3304 467 3386 si,
489 3308 527 3368 ut
549 3326 656 3389 spem,
677 3304 771 3369 uictis
793 3305 941 3369 hostibus
964 3308 1086 3371 nostris

129 3393 295 3475 veneritis,
321 3397 431 3457 tamen
459 3393 650 3457 auctoritate
673 3395 780 3456 vestra
802 3414 854 3456 res
880 3393 1011 3476 publica
1034 3415 1086 3457 ex-

119 3485 239 3571 surget
259 3483 295 3550 et
314 3482 350 3551 in
375 3480 484 3571 aliquo
513 3483 603 3546 statu
626 3479 792 3546 tolerabili
815 3481 986 3563 consistet,
1008 3486 1087 3545 sunt

40 3800 144 3816 πώ...
