2370 3878
145 156 207 220 140
424 155 462 211 Μ.
481 148 604 210 TULLII
623 154 813 212 CICERONIS

91 316 122 364 10
140 304 252 366 nostra
274 298 485 384 perfruamur.
525 298 586 364 His
609 299 648 363 de
671 299 766 364 rebus
790 300 866 385 quid
889 304 1019 366 acturus
1043 303 1101 388 sie,

141 390 168 453 si
190 388 250 453 tibi
272 409 340 452 non
363 391 412 452 est
434 387 619 472 molestum,
645 387 802 453 rescribas
829 388 909 453 mihi
931 391 1041 474 velim3
1069 393 1097 456 si

140 477 226 541 enim
250 475 384 559 suscipis
408 496 552 560 eausam,
582 475 749 541 conficiam
777 478 1025 543 commentarios
1048 501 1096 544 re-

42 624 46 629 .
139 586 211 628 rum
235 564 387 647 omnium,
410 564 461 628 siu
479 566 588 628 autem
607 564 713 628 differs
732 585 783 628 me
801 564 837 628 in
853 567 981 649 tempus
1000 567 1098 650 aliud,

140 672 248 716 coram
274 655 381 716 tecum
407 652 530 735 loquar.
577 656 624 716 Tu
650 652 775 716 interea
800 674 868 717 non
896 654 1036 718 cessabis
1064 660 1097 720 et

140 761 187 824 eo,
210 761 291 824 quae
313 738 414 804 habes
436 740 594 820 instituta,
616 741 776 824 perpolies
798 762 921 824 nosque
945 741 1068 828 diliges.

571 1001 662 1068 XIII.

285 1141 343 1198 Ser.
366 1143 488 1198 Asturae
509 1158 605 1198 mense
626 1142 719 1210 Aprili
742 1159 767 1196 a.
790 1160 817 1196 u.
840 1159 863 1197 c.
889 1148 948 1198 ⁷09.

327 1298 365 1353 Μ.
380 1298 508 1355 CICERO
524 1298 551 1354 S.
565 1297 598 1353 D.
613 1298 644 1352 L.
659 1298 812 1356 Leccam
827 1302 858 1366 Q.
872 1299 903 1355 F.

104 1441 118 1490 1
205 1394 406 1509 Quamduam
436 1425 508 1508 ipsa
539 1425 717 1492 consolatio
753 1408 934 1492 litterarum
964 1412 1099 1493 tuamm

138 1512 218 1578 mihi
241 1513 424 1598 gratissima
447 1515 561 1577 est-
585 1513 727 1579 declarat
749 1515 836 1579 enirn
859 1537 1018 1580 summam
1040 1517 1096 1581 be

138 1601 355 1666 nevolentiam
377 1600 582 1666 coniunctam
608 1602 680 1685 pari
706 1603 878 1686 prudentia
901 1639 957 1688 -‚
983 1608 1095 1670 tamen

137 1690 229 1755 illum
242 1689 383 1754 fructum
402 1710 440 1754 ex
457 1689 498 1753 iis
515 1689 631 1754 litteris
649 1692 700 1755 rel
718 1691 894 1756 maximum
907 1692 987 1776 cepi,
1007 1694 1094 1776 quod

137 1782 170 1842 te
193 1779 356 1862 praeclare
377 1798 429 1842 res
452 1777 611 1842 humanas
634 1781 895 1844 contemnentem
918 1784 950 1845 et
973 1781 1095 1864 optime

138 1870 251 1932 contra
286 1866 452 1933 fortunam
491 1869 641 1952 paratum
682 1871 905 1951 armatumque
942 1871 1100 1954 cognovi,

138 1976 235 2039 quam
257 1955 385 2041 quidem
407 1953 535 2020 laudem
562 1955 738 2040 sapientiae
761 1959 869 2020 statuo
898 1977 966 2020 esse
994 1958 1094 2021 maxi·

137 2064 318 2126 memnon
336 2044 465 2109 aliunde
483 2043 622 2128 pendere
640 2065 701 2108 nec
719 2044 915 2108 extrinsecus
936 2047 994 2108 aut
1010 2045 1098 2110 bene

102 2135 195 2196 aaut
215 2132 299 2195 male
322 2131 450 2196 vivendi
473 2152 645 2216 suspensas
666 2131 786 2196 habere
808 2132 959 2197 rationes.
1005 2130 1094 2208 Quae

137 2218 291 2304 cogitatio
315 2239 414 2302 quum
436 2219 517 2283 mihi
538 2240 607 2286 non
630 2220 762 2285 omnino
789 2219 959 2284 excidisset
981 2254 1023 2267 -
1048 2226 1092 2286 et·

137 2307 224 2371 enim
250 2306 379 2390 penitus
405 2306 568 2370 insederat
590 2341 646 2390 -,
667 2307 700 2371 vi
726 2310 837 2372 tamen
863 2311 1094 2392 tempestatum

138 2398 170 2458 et
184 2414 341 2459 concursu
360 2394 581 2459 calamitatum
600 2398 669 2459 erat
683 2395 884 2479 aliquantum
897 2396 1094 2462 labefactata

138 2487 233 2566 atque
257 2482 424 2566 convulsa3
451 2482 504 2548 cui
529 2485 562 2548 te
586 2483 738 2567 opitulari
760 2487 793 2548 et
819 2484 912 2549 video
936 2487 969 2548 et
990 2484 1024 2548 id
1046 2485 1091 2549 fe·

138 2572 217 2636 cisse
245 2571 343 2636 etiam
369 2571 524 2656 proximis
550 2571 666 2636 litteris
695 2573 895 2656 multumque
918 2572 1096 2656 profecisse·

138 2661 251 2725 sentio.
295 2656 410 2744 Itaque
436 2658 500 2725 hoc
528 2661 654 2744 saepius
669 2660 853 2763 ‘dicendum
879 2660 1002 2743 tibique
1025 2680 1095 2761 non

136 2749 531 2920 {sstjfittllttttr
555 2747 1094 2922 ttusslttdtlttdttd.

101 2937 117 2986 a
136 2923 189 2988 Ad
212 2924 445 2989 consolandum
468 2927 576 2989 autem
599 2945 698 3008 quum
715 2925 771 2989 illa
789 2926 907 3009 valent,
931 2945 1012 3009 quae
1031 2925 1094 2988 ele*

137 3015 253 3098 genter
275 3012 466 3096 copioseque
493 3013 664 3098 collegisti,
689 3016 760 3078 tum
787 3012 869 3076 nihil
895 3013 968 3097 plus
996 3033 1093 3096 quam

136 3100 223 3184 quod
236 3099 467 3181 firmitudinem
481 3100 735 3185 gravitatemque
753 3100 853 3165 animi
870 3101 918 3164 tui
936 3101 1095 3184 perspexi,

138 3208 234 3272 quam
252 3210 320 3254 non
337 3188 457 3253 imitari
474 3188 696 3273 turpissimum
716 3189 872 3253 existimo.
908 3187 1016 3272 Atque
1030 3189 1093 3253 hoc

137 3278 235 3342 etiam
266 3277 433 3344 fortiorem
465 3295 516 3340 me
547 3281 627 3360 puto
659 3297 756 3361 quam
787 3280 820 3341 te
851 3276 971 3361 ipsum,
1002 3298 1094 3360 prae·

208 3485 259 3555 Ep.
270 3492 322 3565 ¹13,
336 3493 361 3541 2.
397 3491 423 3542 et
440 3500 516 3542 nuuc
532 3485 609 3541 uideo
628 3473 729 3556 (Wlt‘¹
