2370 3878
324 817 434 872 nisan
453 816 609 872 suarius
628 816 794 873 uncinus.

177 943 252 1009 AD.
284 941 592 1009 0.MEMM1UM
624 942 687 1009 ΕΤ
715 941 946 1010 CETEROS.

545 1117 571 1183 I.

161 1239 217 1295 Ser.
236 1238 354 1294 Athenis
372 1239 486 1294 ineunte
504 1255 599 1295 meuse
617 1238 752 1305 Quinotili
771 1255 795 1294 a.
815 1257 841 1294 u.
861 1245 964 1296 alos.

304 1380 341 1434 M.
361 1379 488 1435 CICERO
509 1379 535 1435 S.
554 1380 587 1434 D.
606 1379 635 1434 0.
654 1379 812 1436 MEMMIO.

150 1487 222 1554 Etsi
245 1510 313 1553 non
341 1488 418 1554 satis
448 1489 528 1553 mihi
557 1489 758 1572 constiterat,
790 1511 863 1554 eum
891 1491 1073 1574 aliquaner

84 1578 183 1642 animi
211 1577 274 1641 mei
301 1577 448 1641 molestia
475 1599 518 1642 an
546 1577 654 1662 potius
681 1540 820 1642 libenter
846 1581 878 1642 te
901 1577 1040 1643 Athenis

83 1666 211 1729 visurus
235 1686 346 1749 essem,
369 1665 487 1748 quod'
478 1666 604 1749 rniuria,
627 1687 724 1748 quam
747 1666 907 1767 aceepisti
930 1666 1040 1731 dolore

82 1775 135 1818 me
159 1753 314 1837 afficeret,
344 1754 502 1837 sapientia
524 1757 594 1836 tua,
618 1774 681 1836 qua
702 1753 800 1817 fers
791 1754 955 1837 miuriam,
976 1755 1040 1817 lae-

83 1841 166 1925 titia,
188 1846 298 1906 tamen
320 1841 437 1906 vidisse
459 1845 491 1906 te
514 1804 657 1923 mallem3
679 1862 771 1925 nam,
794 1842 880 1924 quod
903 1845 952 1905 est
974 1863 1040 1906 mo-

83 1930 210 2013 lestiae,
237 1951 304 1994 non
332 1951 409 1993 sane
437 1931 538 1994 multo
566 1929 668 1994 levius
697 1932 758 2012 est,
788 1950 887 2012 quum
913 1933 945 1993 te
973 1951 1041 1993 non

83 2017 192 2101 video,
214 2018 300 2100 quod
328 2039 396 2082 esse
418 2019 525 2102 potuit
547 2018 737 2101 voluptatis,
764 2021 863 2100 certe,
891 2017 918 2099 si
945 2017 1040 2082 vidis·

85 2127 154 2171 sern
171 2109 213 2189 te,
231 2107 304 2189 plus
323 2105 446 2170 fuisset.
462 2116 464 2120 ‘
481 2106 594 2189 Itaque
613 2127 681 2170 non
699 2106 853 2170 dubitabo
875 2105 950 2170 dare
965 2128 1039 2190 ope·

84 2215 168 2277 ram,
190 2199 228 2258 ut
249 2197 281 2258 te
304 2194 445 2279 videam,
468 2217 568 2277 quum
590 2194 623 2258 id
646 2194 724 2258 satis
747 2194 912 2258 commode
934 2195 1040 2259 faeere

84 2286 212 2367 potero:
239 2283 376 2366 interea,
403 2282 489 2366 quod
511 2304 570 2367 per
591 2283 716 2346 litteras
739 2285 772 2346 et
794 2282 848 2367 agi
870 2286 975 2347 tecum
1000 2287 1041 2366 et,

83 2374 123 2434 ut
146 2371 298 2454 arbitror,
321 2371 435 2436 eonfiei
457 2374 578 2455 potest,
602 2391 705 2456 agam.
749 2369 799 2434 Ae
821 2377 851 2436 te
874 2371 954 2435 illud
976 2372 1040 2454 pri·
1059 2381 1074 2428 2

84 2481 174 2523 mum
197 2459 329 2545 rogabo,
351 2481 392 2524 ne
416 2460 492 2544 quid
510 2460 631 2524 invitus
649 2480 721 2523 mea
739 2479 835 2523 eausa
852 2458 963 2542 facias,
985 2458 1041 2522 sed

83 2547 128 2632 id,
151 2547 236 2632 quod
259 2569 330 2612 mea
347 2549 509 2633 intelliges
527 2549 674 2631 multum,
696 2551 752 2612 tua
770 2547 893 2610 nullam
912 2547 947 2609 in
969 2568 1040 2629 par-

83 2641 152 2700 tem
174 2637 342 2720 interesse,
369 2637 415 2700 ita
442 2637 522 2701 mihi
545 2636 614 2720 des,
644 2636 671 2699 si
693 2635 766 2717 tibi,
788 2638 826 2699 ut
847 2634 881 2697 id
903 2635 1041 2698 libenter

43 2792 48 2804 ,
84 2724 200 2807 facias,
236 2727 311 2788 ante
342 2725 547 2808 persuaseris.
601 2721 682 2788 Ounr
712 2722 854 2787 Patrone
887 2721 1040 2807 Epicurio

84 2812 166 2876 mihi
193 2812 302 2876 omnia
330 2815 418 2896 sunt,
449 2812 512 2875 nisi
540 2812 626 2895 quod
652 2811 688 2874 in
714 2811 921 2895 philosophia
947 2813 1040 2876 vehe-

84 2903 211 2964 menter
234 2900 274 2964 ab
298 2920 336 2964 eo
360 2899 528 2982 dissenti03
551 2898 606 2963 sed
629 2902 662 2962 et
680 2899 773 2964 initio
788 2899 919 2983 Romae,
942 2922 1041 2983 quum

83 2992 118 3052 te
141 3009 267 3072 quoque
291 2992 324 3052 et
345 2991 420 3052 tuos
443 3007 554 3052 omnes
577 2986 784 3072 observabat,
810 3009 861 3052 me
885 2988 1015 3052 coluit
1006 3009 1041 3050 1n

84 3077 197 3160 primis
229 3080 263 3141 et
292 3096 409 3161 nuper,
442 3097 540 3160 quum
572 3096 623 3160 ea,
654 3096 736 3160 quae
758 3038 874 3159 ioluit,
906 3075 945 3137 de
975 3075 1040 3137 suis

156 3303 207 3374 Ep
224 3310 287 3372 1,.1
314 3305 413 3360 vidisse
426 3307 452 3358 te
465 3302 522 3371 (Μ.,
535 3302 584 3358 vul
585 3304 641 3373 go)
677 3302 802 3357 uidissem
816 3301 934 3356 t.-eB
901 3317 1038 3371 Rapum
1160 3365 1165 3370 ⁸

83 3373 127 3430 Aa
145 3373 240 3445 (Seh).
277 3392 302 3430 a.
321 3391 403 3430 naue.
431 3374 474 3429 Ac
491 3374 556 3428 ΜΒ
594 3379 618 3428 2.
646 3387 739 3428 anaia
751 3372 897 3442 suntffl)
935 3386 1040 3426 o.·eom

83 3446 219 3501 menelae
239 3444 362 3512 0121,Β
