2370 3878
351 189 609 247 EPISTOLARUM
628 191 688 245 XII.
707 197 750 245 29.
769 196 811 245 30.
992 189 1057 252 413

101 333 293 418 crebriores,
330 357 428 418 quum
459 339 496 400 tu
527 335 608 399 mihi
639 357 711 399 raro
743 335 867 417 mittas,
903 332 1058 418 flagitare.

101 421 206 507 Nam,
233 444 332 506 quum
356 426 451 488 antea
474 423 650 487 distinebar
672 423 818 487 maximis
842 422 1094 506 occupationi-e

101 510 179 595 bus,
209 513 381 595 propterea
407 511 493 594 quod
525 512 674 575 omnibus
704 511 788 575 curis
814 530 879 574 rem
901 509 1060 592 qmblicom

103 598 185 663 mihi
215 599 370 663 tuendam
400 599 569 682 putabam,
599 603 669 664 tum
694 598 757 664 hoc
783 602 927 681 tempore
957 599 1058 662 multo

104 686 263 752 distineor
288 686 522 770 vehementius3
553 691 591 751 ut
618 687 704 752 enim
732 688 861 771 gravius
888 690 1060 771 aegrotant

104 774 142 858 ii,
164 775 233 859 qui,
260 797 360 858 quum
386 775 484 839 levati
511 776 624 840 morbo
647 775 844 856 viderentur,
866 775 901 838 iu
925 796 998 839 eum
1022 776 1059 839 de

104 863 233 947 integro
256 863 451 944 inciderunt,
474 863 519 928 sic
542 863 761 929 vehementius
785 885 845 927 nos
867 863 1061 944 laboramus,

106 951 162 1034 qui
189 951 361 1036 profligato
391 951 476 1016 bello
509 973 546 1016 ao
578 974 679 1036 paene
712 952 839 1016 sublato
871 956 1061 1016 renovatum

106 1039 228 1104 bellum
254 1058 364 1124 gerere
392 1060 554 1124 cogamur.
604 1039 666 1106 Sed
692 1040 772 1104 haec
799 1040 964 1104 hactenus.
1011 1039 1095 1103 'lua

105 1126 180 1210 tibi,
207 1127 252 1190 mi
275 1125 439 1210 Cornifici,
465 1127 518 1192 fac
545 1132 583 1193 ut
604 1127 797 1212 persuadeas
824 1149 892 1191 nou
919 1147 987 1190 esse
1011 1149 1061 1190 me

106 1218 174 1280 tam
196 1216 356 1281 imbecillo
380 1217 503 1300 animo,
524 1237 565 1281 ne
589 1217 693 1281 dicam
715 1216 906 1297 inhumano,
929 1218 966 1278 ut
989 1237 1007 1278 a
1029 1220 1061 1278 te

106 1302 193 1367 vinci
214 1305 336 1387 possim
364 1307 420 1369 aut
447 1305 561 1369 officiis
589 1309 646 1369 aut
673 1313 789 1369 amore.
834 1301 911 1367 Non
938 1303 1061 1367 dubita-

106 1392 183 1455 bam
215 1392 374 1476 equidem,
405 1397 626 1458 verumtamen
657 1394 758 1459 multo
792 1392 872 1456 mihi
903 1392 1062 1457 notiorem

107 1501 250 1545 amorem
272 1484 364 1544 tuum
388 1481 492 1546 effecit
510 1478 718 1564 Chaerippus.
755 1479 782 1544 0
800 1480 963 1545 hominem
982 1502 1062 1544 sem·

107 1589 165 1651 per
196 1568 288 1632 illum
319 1569 448 1652 quidem
478 1569 558 1633 mihi
590 1574 714 1655 aptum,
746 1590 833 1633 nuuc
859 1591 935 1635 vero
966 1570 1062 1634 etiam

107 1658 252 1721 suavem!
281 1657 389 1738 vultus
412 1658 591 1722 mehercule
618 1661 692 1722 tuos
716 1656 794 1721 mihi
818 1657 974 1740 expressit
996 1679 1061 1721 om-

108 1765 176 1826 nes,
205 1766 272 1808 non
300 1747 404 1810 solum
431 1746 574 1810 animum
602 1766 639 1809 ao
661 1746 759 1823 verba
782 1746 927 1828 pertulit3
954 1745 1062 1827 itaquo

106 1833 176 1897 noli
190 1833 301 1916 vereri,
310 1854 351 1898 ne
365 1834 425 1897 tibi
440 1834 682 1916 suscensuerim,
692 1833 777 1916 quod
792 1832 903 1896 eodem
918 1834 1062 1914 exemplo

108 1919 237 2004 adme,
261 1943 324 2005 quo
348 1920 388 1985 ad
412 1925 549 1986 ceteros:
572 1921 724 2004 requisivi
748 1919 893 2004 equidem
917 1920 1063 2002 proprias

107 2007 150 2072 ad
181 2030 232 2072 me
264 2031 365 2073 uuum
397 2010 536 2093 litteras,
573 2011 628 2073 sed
659 2030 763 2092 neque
794 2008 1000 2071 vehementer
1033 2012 1065 2071 et

107 2101 263 2161 amanter.
284 2097 357 2162 .De
385 2102 527 2183 sumptu,
555 2119 651 2182 quem
677 2101 709 2160 te
737 2098 771 2161 in
798 2117 865 2160 rem
893 2095 1100 2159 militarema

105 2184 214 2249 facere
237 2189 270 2250 et
291 2186 405 2250 fecisse
429 2187 520 2269 diois,
546 2186 629 2250 nihil
652 2207 728 2249 sane
756 2206 888 2269 possum
914 2184 974 2248 tibi
998 2186 1064 2268 opi-

106 2273 221 2356 tulari,
248 2278 418 2375 propterea
441 2274 526 2358 quod
550 2279 583 2338 et
610 2274 708 2338 orbus
731 2278 775 2338 est
762 2277 927 2337 tsenatus
951 2295 1064 2337 oonsu-

107 2361 196 2425 libus'
208 2383 333 2426 am1ss1s
347 2366 380 2426 e
366 2363 595 2427 tinoredibiles
610 2362 779 2447 angustiae
793 2362 947 2445 pecuniae
961 2362 1064 2444 publi·

108 2470 179 2532 cae,
206 2471 288 2533 quae
316 2451 517 2552 conquiritur
543 2451 768 2534 undique,ut
796 2450 915 2533 optime
943 2450 1064 2512 meritis

109 2537 266 2602 militibus
285 2539 443 2622 promissa
462 2539 637 2622 solvantur,
658 2538 743 2623 quod
762 2538 889 2621 quidem
908 2536 1021 2599 fieri
997 2557 1065 2599 sine

107 2625 231 2691 tributo
263 2648 358 2710 posse
390 2649 457 2692 nou
489 2628 574 2691 arbit
560 2632 636 2693 t.ror
695 2626 744 2690 De
776 2625 868 2689 Attio
899 2623 1101 2706 Dionysius

108 2713 191 2777 nihil
214 2720 293 2798 puto
317 2735 395 2799 esse,
418 2716 571 2799 quoniam
594 2715 673 2779 mibi
691 2714 774 2778 nihil
792 2713 872 2776 dixit
891 2711 1065 2775 Tratorius

109 2801 158 2866 De
181 2801 216 2866 P
244 2802 394 2887 Lucceio,
421 2803 504 2867 nihil
530 2803 591 2867 tibi
618 2802 773 2901 concedo,
801 2804 923 2884 quest
893 2798 1066 2864 studiosior

109 2891 178 2954 eius
201 2892 260 2974 sis,
287 2913 385 2975 quam
412 2912 472 2976 ego
501 2913 585 2971 sum,
612 2894 661 2954 est
684 2890 770 2953 enim
797 2888 891 2954 nobis
921 2909 1065 2952 neeessa-

108 2979 189 3060 rius;
213 2978 277 3062 sed,
300 3001 320 3042 a
342 2979 505 3064 magistris
529 2999 628 3061 quum
651 2981 728 3042 cont
713 2977 879 3043 etnderem
902 2975 940 3040 do
960 2977 1064 3059 profe

108 3067 210 3130 rendo
234 3029 293 3150 di'e,
316 3067 495 3151 probarunt
480 3066 597 3130 tmihi
620 3087 699 3149 sese,
722 3067 911 3150 quominus
932 3064 1065 3127 idface-

108 3159 191 3237 rent,
209 3158 242 3219 et
256 3176 485 3240 compromisso
501 3158 533 3218 e
546 3154 614 3218 iure
628 3154 765 3219 iurando
785 3152 957 3250 impediri,
968 3171 1065 3233 quare

108 3242 303 3308 veniendum
335 3243 419 3307 arbit
405 3248 473 3308 tror
508 3241 658 3307 Lucceio.
696 3262 903 3325 quamquam,
933 3238 960 3302 si
987 3239 1066 3301 meis

180 3450 231 3521 Ep
242 3457 317 3517 30‚2
346 3466 474 3521 coquntur
488 3451 592 3520 (Man).
620 3466 752 3505 conamur·
765 3449 801 3502 M.
805 3447 912 3516 ,tulga
942 3452 1067 3500 3.ιιιιιιιιι

108 3522 304 3590 litterusledd
325 3525 372 3576 vet
373 3525 411 3593 t..)
449 3539 476 3577 ιι.
497 3523 570 3578 adl
590 3521 627 3577 M
664 3538 693 3576 ιι.
714 3519 814 3576 utel
831 3518 922 3587 Crob,
932 3516 972 3572 Β.
