2370 3878
334 186 593 243 EPISTOLARUM
611 186 632 238 l.
654 191 676 238 1.
696 191 720 238 2.
989 181 1009 245 3

52 335 151 418 uasti,
178 356 247 400 non
274 336 351 397 sunt
374 332 481 416 amici3
507 352 568 396 nos
595 331 631 393 in
658 351 756 394 causa
783 328 1046 395 auctoritatem

53 446 90 488 eo
113 423 271 488 minorem
294 420 464 504 habemus,
491 419 578 503 quod
599 418 661 482 tibi
683 418 848 499 debemus,
871 416 1010 500 gratiam

53 515 161 575 autem
183 513 330 576 nostram
353 509 530 594 exstinguit
552 507 721 572 hominum
744 504 896 588 suspicio,
925 503 1011 588 quod

52 600 205 683 Pompeio
230 620 263 662 se
287 597 462 683 gratificari
488 599 614 681 putant.
658 593 763 673 Utin
789 593 886 657 rebus
908 593 1010 657 multo

54 691 139 771 ante,
162 709 259 771 quam
281 686 446 771 profectus
470 707 512 768 es,
535 685 576 748 ab
599 685 670 768 ipso
684 703 761 768 rege
784 685 817 746 et
833 681 873 746 ab
888 681 1011 745 intimis

54 798 91 840 ae
115 775 298 841 domesticis
320 773 466 859 Pompeii
488 774 570 837 clam
593 772 796 854 exulceratis,
819 769 933 834 deinde
956 792 1011 853 pa-

52 866 120 928 lam
142 887 162 928 a
185 863 407 929 consularibus
435 862 605 948 exagitatis
634 864 666 925 et
692 860 727 925 in
751 880 909 924 1111111111
930 859 1011 922 invi-

55 952 141 1016 diam
164 952 319 1035 adductis,
342 952 388 1015 ita
410 972 589 1016 versamur:
612 953 758 1014 nostram
780 948 877 1012 fidem
891 969 1013 1030 omnes,

56 1061 198 1105 amorem
220 1040 269 1103 tui
296 1039 439 1104 absentis
462 1042 648 1124 praesentes
675 1038 725 1101 tui
748 1039 958 1122 cognoscent,
985 1036 1013 1099 si

56 1134 140 1193 esset
162 1129 198 1192 in
224 1128 266 1192 iis
292 1128 386 1211 fides,
411 1127 447 1191 11
474 1127 590 1210 quibus
619 1147 744 1190 summa
771 1146 841 1189 esse
869 1125 1014 1208 debebat,

56 1238 124 1282 non
148 1216 378 1281 laboraremus.

512 1406 554 1472 11.

134 1519 191 1574 Scr.
205 1520 310 1573 Romae
325 1535 350 1573 a.
365 1519 391 1573 d.
406 1519 479 1573 XVI.
495 1520 556 1573 Kal.
571 1518 739 1574 Februarias
753 1536 778 1573 a.
793 1537 820 1572 u.
835 1536 858 1573 c.
873 1524 935 1574 698.

203 1644 241 1698 Μ.
256 1642 384 1698 CICERO
400 1643 427 1697 S.
441 1642 475 1696 D.
489 1643 519 1696 P.
534 1642 868 1716 LENTULOQPROCOS.

123 1742 235 1808 Idibus
252 1743 412 1807 Ianuariis
439 1743 475 1806 11
502 1747 617 1807 senatu
644 1743 725 1807 nihil
749 1746 799 1807 est
824 1743 1049 1827 confectum,1

58 1835 229 1915 propterea
258 1831 344 1915 qnod
370 1831 439 1896 dies
466 1852 586 1916 magna
617 1853 657 1894 ex
685 1834 777 1914 parte
806 1842 1016 1914 consumptus

59 1923 108 1983 est
128 1920 337 1984 altercatione
360 1918 491 1983 Lentuli
514 1920 655 1984 consulis
684 1923 717 1982 et
738 1916 867 1983 Caninii
893 1920 1017 1983 tribuni

58 2007 101 2092 pl.
137 2006 188 2071 llo
212 2007 263 2069 dic
285 2028 346 2070 nos
370 2028 496 2089 quoqne
519 2007 622 2070 multa
644 2006 743 2071 verba
760 2007 894 2071 fecimus
917 2008 1015 2071 maxi-

59 2115 174 2177 meque
202 2093 263 2165 visi
295 2115 405 2157 smnus
435 2098 584 2158 senatum
611 2095 914 2160 commemoratione
940 2099 1016 2161 tuae

59 2182 238 2247 voluntatis
267 2201 345 2266 erga
371 2181 464 2247 illum
491 2183 637 2247 ordinem
663 2205 858 2267 permovere.
902 2184 1016 2268 Itaque

59 2269 214 2355 postridie
236 2270 359 2354 placuit
385 2275 423 2335 ut
445 2270 586 2337 breviter
608 2273 803 2337 sententiam
826 2273 1017 2356 diceremus,

59 2359 229 2424 videbatur
242 2359 330 2424 enim
342 2360 550 2425 reconciliata
562 2360 657 2425 nobis
671 2362 822 2426 voluntas
842 2383 910 2426 esse
925 2383 1016 2426 sena-

59 2452 127 2531 tus,
155 2447 241 2531 quod
264 2469 364 2531 quum
387 2449 535 2533 dicendo,
561 2453 633 2513 tum
656 2449 792 2534 singulis
816 2450 1017 2535 appellandis

59 2535 276 2620 rogandisque
302 2558 540 2622 perspexeram3
571 2539 694 2622 itaque,
726 2560 824 2621 quum
857 2539 1018 2602 sententia

59 2625 164 2708 prima
176 2623 286 2688 Bibuli
299 2626 510 2709 pronuntiata
532 2629 625 2710 esset,
647 2630 685 2691 ut
705 2630 772 2691 tres
794 2627 895 2711 legati
908 2647 1018 2710 regem

60 2712 261 2796 reducerent,
290 2714 430 2779 secunda
451 2712 632 2798 Hortensii,
661 2718 699 2778 ut
720 2718 757 2778 tu
785 2715 853 2778 sine
878 2714 1018 2778 exercitu

60 2801 241 2885 reduceres,
273 2802 370 2866 tertia
396 2800 551 2886 Vulcatii,
581 2806 619 2866 ut
645 2802 817 2886 Pompeius
844 2804 1018 2888 reduceret,

11 2910 14 2914 ·
60 2891 260 2973 postulatum
282 2894 340 2974 est,
363 2894 400 2955 ut
413 2889 522 2955 Bibuli
536 2891 697 2955 sententia
711 2891 917 2956 divideretur:
941 2914 1017 2976 qua-

60 2982 155 3041 tenus
178 2978 217 3043 de
239 2978 395 3063 religione
419 2980 558 3064 dicebat,
580 2980 632 3044 cui
655 2979 784 3063 quidem
805 2981 852 3045 rei
875 2981 939 3045 iam
963 2981 1017 3045 ob-

62 3066 131 3130 sisti
158 3088 226 3131 non
253 3070 394 3151 poterat,
422 3065 539 3133 Bibulo
568 3090 734 3133 assensum
757 3073 818 3153 est,
848 3069 886 3134 de
913 3069 1017 3133 tribus

60 3154 177 3236 legatis
204 3154 388 3239 frequentes
415 3156 522 3221 icrunt
548 3157 584 3220 11
613 3157 676 3221 alia
706 3158 823 3222 omnia.
867 3157 1052 3222 Proximaa

62 3245 133 3305 erat
154 3240 322 3309 Hortensii
345 3245 514 3328 sententia,
537 3267 636 3328 quum
650 3244 770 3330 Lupus,
792 3246 942 3310 tribunus
964 3246 1018 3328 pl,

61 3329 148 3414 quod
175 3330 244 3414 ipse
272 3332 311 3395 de
337 3332 491 3418 Pompeio
520 3333 695 3417 retulisset,
722 3334 888 3398 intendere
912 3333 1018 3416 coepit

131 3521 223 3593 Epa,
240 3529 263 3576 1.
300 3526 459 3580 senteutiam
478 3527 553 3594 (W.).
590 3525 740 3582 aeuteutlos
754 3524 1011 3596 1111111111.

784 3616 826 3675 1*
