2370 3878
358 144 618 227 nrr'sromaun
635 171 682 226 xr.
703 178 780 227 e-u
985 175 1048 239 351

94 317 241 383 existimo
268 321 301 381 te
328 316 408 381 mihi
436 338 540 382 meam
574 313 690 402 [dignit
692 313 788 403 atem]
817 318 1050 403 commendare,

95 427 192 491 quam
218 405 398 470 mehercule
430 426 498 469 non
529 405 633 469 habeo
665 410 723 470 tua
750 405 918 472 cariorem:
952 429 1049 490 quare

94 493 174 559 mihi
196 494 415 578 gratissimum
435 493 592 576 facies,
567 515 594 557 s1
612 493 813 577 exploratum
831 494 966 559 habebis
984 497 1049 560 tuis

93 581 242 647 laudibus
274 583 364 647 nullo
401 583 472 646 loco
509 602 569 646 nee
605 582 776 646 consilium
811 605 871 647 nec
907 582 1049 648 studium

93 692 201 735 meum
224 669 418 735 defuturum.
459 667 565 744 Quum
586 670 708 734 tribuni
730 672 774 754 pl.
797 671 980 756 edixissent,
1003 684 1084 736 sea

93 761 190 823 natus
214 758 340 822 adesset
363 780 390 822 a.
414 757 443 822 d.
466 772 542 818 xm.
565 756 637 821 Kal.
664 757 747 841 Ian,
773 758 992 844 haberentque
1015 761 1050 824 in

95 849 204 911 animo
228 846 266 910 de
289 846 448 930 praesidio
473 846 640 910 consulum
664 847 905 930 designatorum
923 849 1050 932 referre,

95 956 290 1019 quamquam
322 938 498 999 statueram
529 934 564 996 in
596 937 745 998 senatum
777 939 851 1001 ante
883 936 955 1000 Kal.
981 936 1050 1002 Ian.

94 1045 162 1087 non
185 1023 303 1106 venire,
325 1027 444 1107 tamen,
466 1044 566 1105 quum
584 1043 622 1087 eo
642 1022 693 1086 die
710 1023 782 1105 ipso
801 1023 940 1088 edictum
958 1029 1050 1090 tuum

95 1112 298 1195 propositum
326 1115 423 1194 esset,
453 1110 546 1174 nefas
578 1132 647 1174 esse
676 1110 752 1174 duxi
784 1114 841 1175 aut
867 1112 913 1175 ita
939 1113 1051 1177 haberi

97 1203 258 1282 senatum,
285 1203 322 1263 ut
349 1199 388 1262 de
415 1199 480 1262 tuis
507 1198 624 1263 divinis
651 1199 686 1262 in
709 1219 777 1262 rem
804 1199 965 1283 publicam
988 1222 1051 1264 me

95 1288 167 1351 ritis
191 1288 338 1351 sileretur
352 1323 394 1332 —
410 1287 495 1371 quod
517 1287 640 1351 factum
663 1290 756 1370 esset,
778 1288 842 1352 nisi
864 1309 925 1373 ego
948 1289 1051 1353 renis-
1091 1364 1099 1375 .

97 1397 165 1439 sem
180 1411 231 1458 -,
250 1375 426 1459 autetiam,
444 1375 472 1439 si
489 1376 619 1460 quidde
637 1379 670 1440 te
690 1375 867 1440 honorifice
886 1377 1053 1461 diceretur,

98 1484 149 1526 me
181 1484 249 1528 non
281 1463 399 1528 adesse.
448 1463 562 1548 Itaque
593 1464 629 1528 in
661 1467 809 1529 senatum
838 1465 912 1529 veni
944 1486 1086 1548 mane33

98 1551 183 1634 quod
207 1573 305 1634 quum
328 1556 413 1616 esset
435 1552 707 1637 animadversum,
729 1553 981 1636 frequentissimi
1005 1576 1051 1618 se·

96 1644 226 1705 natores
250 1644 478 1705 convenerunt.
514 1640 603 1717 Quae
622 1641 660 1705 de
683 1644 716 1704 te
734 1641 769 1704 in
788 1645 902 1707 senatu
923 1643 1052 1727 egerim,

98 1751 178 1810 quae
205 1729 241 1792 in
268 1730 421 1795 concione
448 1731 589 1795 maxima
611 1729 759 1814 dixerim,
787 1730 923 1794 aliorum
945 1734 977 1794 te
1000 1731 1051 1794 lit-

96 1817 173 1880 teris
196 1819 282 1882 malo
306 1838 512 1903 cognoscere:
539 1817 619 1882 illud
642 1817 702 1881 tibi
731 1818 925 1902 persuadeas
947 1819 1052 1901 velim,

98 1925 148 1967 me
181 1906 302 1988 omnia,
338 1926 419 1989 quae
452 1907 492 1970 ad
524 1909 616 1970 tuam
647 1905 839 1991 dignitatem
871 1906 1052 1991 augendam

97 1992 319 2076 pertinebunt,
347 2015 427 2076 quae
460 1997 510 2058 est
540 2016 598 2078 per
625 2016 659 2059 se
689 1994 900 2078 amplissima,
928 2016 1051 2059 summo

99 2101 224 2162 semper
257 2080 362 2145 studio
395 2085 617 2165 suscepturum
649 2085 681 2146 et
712 2083 930 2166 defensurum,
967 2083 1052 2166 quod

98 2189 293 2252 quamquam
316 2168 462 2255 intelligo
485 2191 537 2234 me
560 2192 633 2235 eum
655 2171 765 2235 multis
793 2193 861 2236 esse
883 2173 1053 2255 facturum,

97 2261 208 2321 tamen
232 2260 382 2341 appetam
404 2258 500 2323 huius
523 2259 570 2323 rei
592 2258 817 2343 principatum

535 2469 609 2535 VH.

153 2586 210 2643 Ser.
234 2588 339 2644 Romae
362 2593 480 2645 exeunte
504 2607 598 2646 mense
621 2591 768 2646 Decembri
791 2608 815 2646 a.
839 2609 866 2645 u.
890 2607 912 2645 e.
941 2597 998 2644 710.

191 2730 228 2784 Μ.
244 2729 371 2786 CICERO
387 2731 413 2786 S.
427 2731 461 2786 D.
475 2732 508 2786 D.
522 2732 645 2787 BRUTO
660 2732 733 2787 IMP.
749 2732 822 2787 COS.
837 2730 953 2786 DESIG.

165 2837 270 2914 Quum
293 2840 493 2905 adhibuisset
515 2840 603 2904 domi
625 2861 714 2904 meae
737 2840 847 2924 Lupus
871 2862 922 2905 me
945 2844 978 2906 et
1000 2841 1052 2905 Li·
1073 2860 1087 2908 1

97 2926 215 2992 bonem
243 2932 276 2992 et
299 2927 458 3011 Servium,
485 2928 713 2992 consobrinum
740 2933 845 3013 tuum,
873 2952 954 3013 quae
981 2951 1053 2993 mea

96 3014 195 3079 fuerit
223 3019 351 3080 sentent
351 3017 396 3099 ia,
423 3036 580 3117 cognosse
606 3019 639 3080 te
667 3037 706 3079 ex
731 3015 775 3081 M.
804 3016 876 3082 Seio
905 3018 1053 3098 arbitror,

98 3104 153 3186 qui
185 3108 296 3170 nostro
325 3105 465 3169 sermoni
496 3104 546 3168 int
532 3103 658 3169 terfuit:
630 3105 826 3190 treliqna,
858 3126 1053 3189 quamquam

98 3192 208 3255 statim
236 3191 343 3257 Seium
371 3192 541 3257 Graeceius
569 3198 618 3258 est
646 3192 848 3277 subsecutus,
876 3197 986 3257 tamen
1014 3214 1052 3256 ex

96 3276 249 3346 Graeceio
272 3282 393 3364 poteris
416 3303 618 3368 cognoscere.
655 3279 761 3367 Caput
783 3286 891 3347 autem
913 3285 963 3345 est
980 3281 1051 3364 hoc,
1070 3301 1086 3392 ².

96 3507 218 3577 w·Ep.
240 3513 264 3574 6,
283 3513 307 3563 2.
343 3514 394 3564 aut
410 3512 499 3581 etiam,
518 3511 544 3566 ei
561 3510 638 3583 (W).
677 3528 714 3579 u,
732 3510 816 3566 etium
833 3509 859 3565 ci
874 3507 976 3580 suino.
