2370 3878
326 154 585 210 EPISTOLARUM
604 153 663 208 VII.
683 159 760 209 3-5.
961 153 1023 218 199

511 403 569 469 IV.

327 515 384 572 Sor.
399 516 429 569 in
443 516 567 571 Cumano
581 531 606 569 a.
621 533 648 570 u.
663 531 686 569 c.
703 521 761 570 708.

277 639 315 692 M.
343 637 471 695 CICERO
500 639 527 693 S.
553 638 586 692 D.
614 638 651 692 Μ.
679 637 805 693 MARIO.

132 737 172 803 R
194 739 222 802 d.
245 751 335 802 vnn.
353 738 425 803 Kal.
448 739 484 802 in
502 737 683 804 Cumanum
705 738 780 802 veni
804 759 877 802 cum
899 735 1023 802 Libone
1043 750 1054 797 1

18 868 23 877 ·
59 832 123 894 tuo
145 827 198 892 vel
219 829 332 891 nostro
360 827 483 911 potius3
512 827 548 891 in
573 825 807 910 Pompeianum
834 826 946 889 statim
973 847 1024 890 co·

63 917 145 1002 gito,
168 914 224 978 sed
246 915 364 978 faciam
388 917 463 979 ante
486 918 518 979 te
543 915 719 979 certiorem.
756 914 802 977 Te
821 935 921 997 quum
944 935 1024 978 sem-

62 1026 125 1090 per
146 1004 252 1067 valere
276 1003 380 1087 cupio,
402 1006 473 1067 tum
496 1005 591 1085 certe,
614 1002 690 1066 dum
712 1000 766 1065 hic
790 1023 913 1083 sumus3
936 1003 1025 1067 vides

64 1092 167 1176 enim,
199 1095 320 1174 quanto
353 1096 428 1175 post
459 1112 526 1154 una
556 1090 657 1153 futuri
689 1089 797 1153 simus.
847 1087 965 1171 Quare,
998 1091 1025 1152 si

65 1180 154 1264 quod
181 1179 395 1244 constItutum
422 1199 496 1243 cum
522 1178 667 1262 podagra
693 1177 808 1260 habes,
834 1176 900 1261 fac,
926 1181 963 1241 ut
990 1177 1025 1240 in

66 1268 167 1332 alium
190 1267 274 1330 diem
298 1267 436 1331 differas.
482 1264 567 1331 Cura
589 1266 698 1350 igitur,
720 1269 757 1330 ut
778 1265 896 1350 valeas,
920 1268 952 1328 et
974 1285 1025 1329 me

66 1356 130 1421 hoc
152 1355 250 1420 biduo
275 1359 332 1419 aut
354 1355 462 1420 triduo
486 1358 645 1440 exspecta.

524 1547 564 1613 V.

233 1658 289 1716 Ser.
309 1660 414 1715 Romae
434 1676 529 1716 mense
546 1660 650 1716 Martio
669 1675 693 1713 a.
713 1677 740 1714 u.
760 1677 782 1714 c.
803 1664 863 1715 ⁷00.

301 1783 427 1839 CICERO
447 1783 602 1838 CAESARI
620 1783 693 1837 IMP.
713 1782 740 1837 S.
759 1783 791 1836 D.

137 1880 234 1966 Vide,
262 1904 358 1965 quam
380 1883 460 1946 mibi
482 1883 696 1967 persuaserim
723 1885 756 1946 te
778 1903 829 1945 me
857 1903 927 1947 essa
950 1883 1062 1946 alte-1

70 1992 144 2035 rum
170 1992 239 2035 non
265 1971 361 2035 modo
389 1971 424 2033 in
450 1970 490 2033 iis
517 1970 626 2052 rebus,
656 1990 737 2053 quae
766 1969 806 2033 ad
834 1991 885 2033 me
912 1970 1028 2053 ipsum,

71 2059 129 2124 sed
152 2059 249 2123 etiam
272 2059 307 2122 in
329 2058 383 2141 iis,
406 2078 487 2141 quae
511 2057 552 2120 ad
574 2078 662 2122 meos
690 2057 865 2140 pertinent:
894 2055 928 2122 C.
952 2059 1027 2122 'Ire-

71 2147 197 2212 batium
220 2147 411 2231 cogitaram,
435 2165 635 2228 quocumque
659 2145 791 2229 exirem,
818 2166 944 2210 mecum
972 2147 1027 2211 du·

72 2256 153 2318 cere,
175 2239 213 2300 ut
235 2257 309 2299 eum
332 2234 411 2298 meis
435 2233 584 2298 omnibus
604 2233 727 2317 studiis,
749 2233 912 2299 beneficiis
932 2258 1029 2319 quam

74 2323 316 2388 ornatissimum
338 2322 469 2386 domum
496 2322 694 2406 reducerem3
722 2322 790 2406 sed,
816 2327 1029 2408 posteaquam

74 2415 108 2475 et
128 2410 273 2496 Pompeii
296 2409 506 2475 commorati0
530 2410 711 2474 diuturnior
738 2415 820 2495 erat,
848 2434 945 2495 quam
972 2436 1029 2497 pu·

72 2502 192 2583 taram,
219 2503 252 2563 et
274 2520 347 2564 mea
373 2499 531 2583 quaedam
553 2498 614 2561 tibi
636 2519 703 2563 non
729 2498 844 2583 ignota
870 2500 1028 2564 dubItatio

74 2590 132 2650 aut
144 2587 298 2671 impedire
312 2587 546 2671 profectionem
564 2607 669 2650 meam
687 2586 856 2651 videbatur
874 2591 931 2651 aut
944 2592 1029 2651 certe

74 2675 211 2758 tardare,
234 2675 315 2759 vide,
338 2676 414 2759 quid
437 2675 517 2740 mihi
541 2675 744 2759 sumpserim:
775 2675 866 2758 coepi
888 2675 969 2738 velle
992 2697 1031 2740 ea

75 2762 263 2827 Trebatium
294 2768 478 2847 exspectare
506 2786 526 2828 a
551 2768 598 2848 te,
626 2785 706 2847 quae
735 2764 895 2847 sperasset
924 2785 944 2827 a
970 2786 1031 2848 me,

74 2871 179 2934 neque
201 2851 382 2916 mehercule
404 2852 512 2915 minus
536 2851 565 2914 ei
587 2851 709 2935 prolirre
731 2852 770 2915 de
788 2855 845 2916 tua
863 2853 1030 2917 voluntate

74 2939 217 3022 promisi,
236 2961 333 3022 quam
352 2961 440 3003 eram
459 2939 572 3003 solitus
592 2939 630 3002 de
649 2960 720 3003 mea
738 2940 891 3023 polliceri.
928 2939 1030 3006 Casus
1049 2954 1065 3002 2

75 3046 151 3089 vero
183 3027 336 3090 mirificus
368 3025 498 3109 quidam
529 3026 702 3102 intervenit
734 3029 825 3111 quasi
856 3031 907 3094 vel
938 3030 1031 3093 testis

77 3112 239 3194 opinionis
262 3134 352 3178 meae
374 3115 426 3177 vel
449 3134 585 3197 sponsor
602 3113 813 3180 humanitatis
835 3119 923 3180 tuae:
947 3138 1032 3199 nam,

76 3221 177 3283 quum
213 3201 251 3265 de
286 3202 349 3265 hoc
380 3202 451 3286 ipso
485 3200 635 3266 Trebatio
675 3224 747 3267 cum
778 3203 882 3268 Balbo
919 3208 1031 3267 nostro
1057 3205 1061 3211 ’

75 3288 224 3372 loquerer
247 3290 425 3355 accuratius
444 3290 532 3354 domi
551 3312 649 3372 meae,
672 3290 797 3354 litterae
816 3291 896 3354 mihi
915 3291 1033 3354 dantur

146 3479 198 3550 Ep.
219 3485 243 3548 5,
260 3488 283 3534 1.
319 3482 419 3536 stadiis
437 3481 622 3551 beneficiisque
640 3498 722 3550 qaam
741 3481 778 3550 (N
780 3484 815 3543 ,11
