2370 3878
389 857 499 913 LIBER
517 855 692 914 OCTAVUS.

234 984 279 1055 M.
305 981 497 1050 CAELII
534 981 849 1050 EPISTCLAE

514 1105 563 1158 AD

267 1211 312 1279 M.
330 1210 530 1278 TULLIUM
549 1211 813 1280 CICERONEM.

529 1389 556 1454 I.

79 1511 139 1567 Set.
159 1502 265 1565 Romae
284 1525 378 1564 mense
396 1509 471 1564 Maio
491 1511 566 1579 (post
584 1510 623 1564 IX
642 1509 704 1565 Ksl.
723 1511 795 1579 lun.)
815 1526 839 1564 a.
859 1529 885 1565 u.
904 1528 927 1566 e.
944 1518 1002 1566 703.

326 1649 479 1705 CAELIUS
494 1649 665 1706 CICERONI
684 1651 759 1706 SAL.

131 1758 226 1835 Quod
253 1758 314 1823 tibi
341 1758 506 1822 discedens
538 1759 700 1842 pollioiius
732 1780 804 1822 sum
831 1780 881 1821 me
911 1773 1056 1824 omnesl

61 1870 115 1915 res
138 1848 280 1913 urbanas
308 1846 553 1930 diligentissime
575 1846 636 1909 tibi
658 1847 923 1930 perseripiurum,
947 1847 1023 1911 dats

63 1958 166 2021 opero
187 1935 311 2019 pareri,
340 1934 395 2017 qui
422 1934 467 1996 sio
495 1934 604 1997 omnia
629 1938 885 2017 persequeretur,
912 1938 949 1999 ui
970 1957 1022 2000 ve-

63 2046 148 2108 rear,
169 2044 210 2087 ne
228 2023 289 2087 tibi
306 2022 443 2086 nimium
462 2023 578 2106 arguto
596 2022 676 2085 haee
695 2022 847 2086 sedulitas
868 2022 1022 2088 videatur.

63 2112 211 2177 Tame’osi
231 2115 269 2175 iu
293 2111 359 2174 scio
383 2132 480 2192 quem
503 2111 546 2173 sis
570 2111 714 2175 curiosus
742 2115 774 2174 et
801 2132 898 2194 quam
921 2114 1022 2177 omni-

63 2202 128 2265 bus
149 2198 433 2284 peregrinantibus
456 2202 585 2283 graium
609 2199 651 2262 sit
673 2199 877 2263 minimarum
896 2222 1022 2284 quoque

63 2308 188 2371 rerum,
215 2308 296 2371 quae
325 2286 412 2350 domi
435 2289 601 2370 gerantur,
627 2287 697 2350 fieri
720 2287 884 2371 certiores,
912 2294 1022 2353 tamen

64 2378 100 2441 in
123 2374 187 2441 hoo
214 2379 246 2439 te
270 2375 436 2458 deprecor,
467 2396 507 2438 ne
535 2396 643 2439 meum
673 2375 735 2440 hoo
767 2375 908 2439 officium
936 2399 1021 2441 arro·

65 2463 199 2549 gantiae
226 2463 433 2545 condemnes,
460 2462 546 2545 quod
568 2462 655 2527 huno
683 2463 826 2527 laborem
855 2464 948 2525 alteri
970 2462 1022 2526 de·

63 2551 183 2637 legavi,
204 2572 273 2616 non
296 2550 374 2634 quin
397 2550 476 2613 mihi
499 2551 723 2615 suavissimum
746 2551 788 2614 sii
811 2554 844 2614 et
866 2554 1021 2633 occupato

64 2644 100 2704 et
123 2638 166 2702 ad
196 2639 321 2702 litteras
353 2638 550 2722 scribendas,
581 2643 618 2702 ut
649 2642 685 2702 tu
717 2638 817 2721 nosti,
848 2638 1021 2721 pigerrimo

64 2732 144 2791 tuae
171 2727 343 2791 memoriae
371 2727 446 2789 dere
474 2748 618 2810 operam,
648 2726 702 2790 sed
729 2726 837 2810 ipsum
863 2726 1022 2812 volumen,

64 2813 155 2899 quod
176 2814 238 2878 tibi
260 2814 342 2898 misi,
363 2813 467 2897 facile,
489 2818 526 2877 ui
548 2834 609 2898 ego
632 2814 783 2897 arbitror,
810 2835 861 2877 me
884 2821 1022 2880 excusat.

64 2900 186 2967 Nesoio
209 2903 299 2966 euius
323 2902 380 2966 otii
403 2904 487 2964 esset
508 2923 575 2965 non
597 2900 693 2966 modo
716 2902 912 2985 perscribere
934 2904 1023 2987 haee,

64 2989 124 3055 sed
157 2990 289 3054 omnino
322 2989 587 3071 animadvertere,
619 2989 727 3053 omnio
757 2990 843 3054 enim
874 2994 951 3054 suni
976 2991 1022 3053 ibi

64 3080 200 3143 senatus
237 3079 384 3142 consulto
404 3076 537 3161 edicta,
571 3077 701 3141 fabulae
736 3099 896 3160 rumores,
937 3078 1022 3161 quod

64 3166 249 3249 exemplum
268 3166 295 3229 si
312 3165 396 3230 forie
415 3165 520 3229 minus
538 3170 570 3229 te
590 3164 764 3250 delectarit,
781 3186 823 3229 ne
841 3164 1022 3229 molestiam

63 3410 85 3467 a
125 3338 190 3465 ”Ep
217 3346 241 3407 1,
245 3345 285 3462 Bl
322 3338 469 3396 discedenti
487 3339 571 3408 (W.)?
590 3367 624 3379 —
643 3339 772 3408 delegavi,
790 3353 847 3393 non
861 3337 929 3406 quin
947 3336 1022 3406 (W.).

85 3431 108 3465 ..·
201 3426 227 3478 q.
274 3451 277 3459 .

757 3496 811 3550 15*
