2370 3878
353 214 614 270 EPISTOLARUM
632 215 666 270 11.
687 221 728 271 1c.
750 222 791 271 19.
1011 215 1054 278 59

93 357 248 444 probent3
281 360 351 442 sed,
373 359 401 424 si
428 381 479 423 me
508 360 632 444 audies,
658 359 777 425 vitabis
803 359 992 425 inimicitias
1022 364 1056 424 et

93 448 296 532 posteritatis
320 448 385 513 otio
409 449 567 513 consules.

530 657 622 724 XIX.

190 769 247 826 scr.
267 770 350 827 rarsi
363 786 388 825 1.
408 770 433 825 1.
453 770 568 825 11111.
588 734 742 836 cunctus
761 787 785 825 a.
806 788 831 825 1.
852 787 874 825 1.
895 776 954 826 1111.

94 892 133 949 Μ.
152 893 308 949 TULLIUS
327 894 365 947 M.
383 894 414 947 F.
432 894 469 947 Μ.
488 894 524 948 N.
543 893 671 950 CICERO
690 894 763 948 ΙΜΡ.
784 893 810 947 S.
825 894 858 949 D.
877 893 1054 950 cesamo

326 964 357 1018 L.
377 964 407 1018 F.
427 963 455 1019 C.
475 964 510 1019 N.
529 964 648 1020 CALDO
667 963 818 1030 QUAEST.

164 1062 270 1139 Quum
284 1063 524 1148 optatissimum
541 1064 693 1128 nuntium
711 1064 906 1147 accepissem
923 1067 956 1127 te
974 1064 1055 1128 mihi
1074 1074 1086 1122 1

95 1155 303 1236 quaestorem
321 1152 486 1236 obtigisse,
507 1173 546 1216 eo
563 1152 786 1217 iucundiorem
803 1150 883 1215 mihi
902 1172 973 1215 eam
988 1173 1054 1217 sor·

94 1243 164 1306 tem
186 1241 357 1324 sperabam
383 1239 468 1324 fore,
496 1261 559 1324 quo
587 1239 707 1305 diutius
736 1241 771 1304 in
798 1240 965 1323 provincia
990 1262 1056 1304 me·

96 1348 172 1394 cum
203 1329 334 1411 fuisses,
366 1329 478 1414 magni
509 1328 596 1393 enim
627 1328 796 1393 videbatur
827 1329 982 1393 interesse
1014 1329 1055 1393 ad

96 1438 171 1482 eam
201 1417 485 1502 necessitudinem,
522 1438 620 1501 quam
651 1418 746 1482 nobis
778 1438 848 1482 sors
879 1418 1056 1499 tribuisset,

95 1505 365 1570 consuetudinem
384 1527 510 1590 quoque
529 1505 691 1570 accedere:
714 1508 838 1590 postea,
856 1528 955 1590 quum
976 1506 1056 1569 mihi

96 1593 180 1658 nihil
207 1615 312 1677 neque
340 1615 360 1656 a
385 1596 418 1658 te
446 1595 517 1678 ipso
545 1615 649 1678 neque
680 1595 720 1658 ab
748 1595 815 1659 ullo
844 1595 906 1659 alio
934 1594 973 1657 de
1002 1593 1055 1657 ad·

96 1686 198 1746 ventu
224 1685 281 1746 tuo
310 1682 515 1766 scriberetur,
542 1682 689 1766 verebar,
716 1704 756 1746 ne
783 1682 817 1746 id
844 1683 891 1746 ita
919 1683 1055 1764 caderet,

97 1770 185 1854 quod
209 1770 307 1834 etiam
329 1792 416 1834 nunc
439 1793 559 1855 vereor,
581 1792 623 1836 ne
643 1773 727 1855 ante,
751 1792 847 1854 quarn
870 1774 906 1834 tu
929 1770 964 1833 in
982 1791 1055 1853 pro·

97 1858 239 1923 vinciam
261 1859 418 1942 venisses,
442 1880 503 1944 ego
526 1859 565 1922 de
588 1859 755 1942 provincia
778 1858 975 1936 decederem3
1005 1878 1055 1920 ac·

97 1946 171 2031 cepi
198 1950 306 2012 autem
334 1969 354 2010 a
379 1951 413 2010 te
442 1947 558 2011 missas
589 1947 714 2010 litteras
741 1946 776 2008 in
803 1943 927 2026 Cilicia,
957 1965 1056 2026 quum

99 2056 205 2099 essem
226 2035 262 2098 in
284 2035 412 2117 castris,
440 2035 521 2099 ad.
547 2058 577 2098 x.
603 2034 676 2098 Kal.
699 2032 889 2115 Quinctiles,
920 2032 1056 2115 scriptas

97 2123 341 2207 humanissime,
363 2123 479 2207 quibus
502 2122 597 2187 facile
620 2125 653 2186 et
676 2120 818 2185 officium
837 2123 870 2184 et
889 2120 1056 2205 ingenium

99 2216 193 2275 tuum
215 2212 354 2295 perspici
376 2215 500 2296 posset,
524 2211 579 2276 sed
601 2232 705 2294 neque
728 2209 812 2273 unde
835 2229 895 2272 nec
918 2230 981 2292 quo
1005 2208 1056 2273 die

101 2300 195 2364 datae
218 2303 327 2364 essent
350 2303 406 2364 aut
424 2322 488 2384 quo
507 2304 651 2383 tempore
668 2302 701 2362 te
721 2299 939 2381 exspectarem
959 2297 1056 2382 signi·

100 2387 255 2471 ficabant,
277 2409 338 2452 nec
365 2388 407 2472 is,
435 2389 490 2472 qui
513 2389 679 2470 attulerat,
707 2407 727 2448 a
753 2389 786 2449 te
814 2389 994 2469 acceperat,
1021 2389 1058 2450 ut

101 2497 141 2540 ex
164 2496 201 2540 eo
226 2476 350 2559 scirem,
373 2498 436 2560 quo
460 2498 499 2540 ex
520 2477 592 2540 loco
616 2477 672 2538 aut
695 2494 757 2557 quo
780 2476 925 2556 tempore
949 2477 1058 2538 essent

101 2563 207 2627 datae.
243 2563 332 2640 Quae
352 2584 451 2647 quum
470 2567 578 2627 essent
595 2563 727 2646 incerta,
751 2560 931 2625 existimavi
947 2564 1092 2625 tamena

101 2651 290 2716 faciundum
313 2673 395 2735 esse,
422 2655 460 2715 ut
482 2651 523 2716 ad
544 2653 577 2714 te
601 2654 739 2715 statores
762 2670 851 2714 meos
875 2651 907 2712 et
929 2648 1058 2712 lictores

102 2761 176 2805 cum
194 2740 311 2803 litteris
329 2740 504 2822 mitterem,
527 2760 607 2823 quas
631 2739 659 2803 si
678 2738 757 2802 satis
777 2739 960 2821 opportuno
979 2739 1058 2800 tem-

99 2849 181 2911 pore
204 2827 370 2912 accepisti,
394 2828 613 2912 gratissimum
635 2826 716 2890 mihi
738 2825 866 2907 feceris,
895 2823 987 2890 si‘ad
1007 2846 1058 2890 me

100 2916 138 2979 in
161 2913 308 2981 Ciliciam
334 2937 432 2999 quam
458 2915 598 2999 primum
620 2914 760 2995 veneris3
787 2935 877 2996 nam,
905 2913 991 2998 quod
1018 2912 1059 2977 ad

102 3024 154 3067 me
173 3001 299 3087 Curius,
321 3002 533 3068 consobrinus
551 3005 636 3087 tuus,
658 3001 748 3084 mihi,
769 3005 807 3065 ut
827 3002 899 3086 scis,
921 3001 1059 3066 maxime

103 3092 317 3174 necessarius,
353 3091 439 3174 quod
474 3091 553 3155 item
584 3088 618 3155 O.
651 3089 822 3174 Virgilius,
859 3090 1059 3174 propinquus

103 3181 194 3262 tuus,
224 3178 494 3244 familiarissimus
525 3181 649 3261 noster,
687 3179 725 3242 de
757 3181 789 3241 te
822 3175 1059 3241 accuratissime

104 3266 247 3352 scripsit,
274 3267 360 3332 valet
385 3267 419 3331 id
447 3266 575 3350 quidem
603 3265 689 3350 apud
711 3286 763 3330 me
786 3266 937 3347 multum,
965 3263 1061 3328 sicuti

174 3476 329 3600 Ep.19,113.
365 3475 774 3545 11111111,111111..111111,111
793 3470 870 3540 (Wl.
904 3485 977 3526 c-
991 3471 1069 3538 1111111

105 3586 127 3600 ..
145 3563 234 3615 o.-,
252 3563 286 3602 ae
327 3586 334 3599 .
