2370 3878
165 181 230 245 584
447 185 485 234 n.
503 180 627 236 'runnu
646 178 835 235 elesaoms

610 393 669 458 ΙΙΙ.

271 506 326 560 Ser.
352 506 565 561 Thessalonicae
589 507 684 561 Idibus
708 506 794 560 Iuniis
819 520 844 559 a.
863 524 890 560 n.
910 523 934 558 c.
954 513 1018 562 696.

314 627 459 683 MARCUS
479 628 617 694 QUINTO
636 627 771 683 FRATRI
790 628 971 683 SALUTEM.

134 756 144 790 1
231 725 278 791 Mi
300 727 414 810 frater,
436 730 480 793 mi
502 729 616 810 frater,
639 728 683 792 mi
705 728 821 811 frater,
842 724 921 792 tune
944 729 978 793 id
1004 731 1129 796 veritus

165 838 208 899 es,
231 836 271 881 ne
295 836 355 900 ego
378 817 545 880 iracundia
567 817 675 899 aliqua
698 816 853 881 adductus
883 838 1004 899 pueros
1029 819 1071 882 ad
1094 823 1126 883 te

166 906 234 968 sine
256 904 372 968 litteris
399 904 562 968 miserim?
595 907 651 968 aut
678 904 775 968 etiam
801 925 843 968 ne
869 907 901 968 te
929 905 1040 970 videre
1069 929 1125 971 no-

164 991 301 1056 luerim?
336 991 409 1076 Ego
423 993 483 1056 tibi
501 991 675 1056 irascerer?
698 993 757 1056 tibi
777 1012 837 1076 ego
855 1014 987 1075 possem
1005 994 1126 1058 irasci?

166 1079 307 1164 Scilicet,
333 1084 370 1144 tu
393 1081 477 1144 enim
500 1102 551 1144 me
580 1079 736 1162 afflixiss13
762 1081 810 1144 tui
832 1101 883 1144 me
905 1081 1045 1165 inimici,
1068 1088 1126 1147 tua

165 1190 216 1233 me
239 1169 373 1251 invidia,
404 1190 440 1232 ac
467 1191 535 1232 non
562 1188 622 1252 ego
650 1172 682 1231 te
710 1168 823 1233 misere
850 1168 984 1251 perdidi.
1030 1168 1126 1235 Meus

165 1258 218 1321 ille
242 1258 391 1321 laudatus
415 1257 600 1320 consulatus
627 1255 706 1319 mihi
732 1260 779 1338 te,
810 1256 941 1339 liberos,
973 1259 1125 1342 patriam,

165 1347 322 1428 fortunas,
343 1344 403 1408 tibi
426 1344 522 1408 velim
544 1366 585 1408 ne
605 1344 681 1427 quid
700 1344 852 1426 eripuerit
868 1347 999 1427 praeter
1022 1368 1124 1411 unum

166 1456 225 1497 me.
271 1431 333 1497 Sed
361 1436 446 1496 certe
479 1455 498 1497 a
524 1436 557 1496 te
583 1432 663 1496 mihi
695 1433 803 1496 omnia
830 1453 955 1515 semper
983 1432 1125 1498 honesta

166 1525 198 1585 et
220 1521 358 1585 iucunda
382 1520 576 1603 ceciderunt,
599 1542 619 1583 a
641 1541 692 1583 me
714 1520 774 1583 tibi
796 1520 901 1583 luctus
925 1541 1017 1584 meae
1041 1524 1124 1586 cala·

165 1609 301 1689 mitatis,
329 1611 433 1671 metus
460 1611 549 1690 tuae,
576 1607 781 1691 desiderium,
803 1629 941 1691 maeror,
970 1608 1125 1675 solitudo.

165 1695 255 1780 „Ego
282 1699 315 1759 te
342 1696 449 1759 videre
476 1695 679 1760 noluerim?“
727 1695 831 1760 Immo
859 1717 934 1760 vero
961 1718 1014 1761 me
1044 1718 1065 1762 a
1093 1703 1124 1762 te

165 1785 266 1849 videri
289 1784 391 1867 nolui3
413 1805 481 1848 non
504 1785 590 1847 enim
612 1783 746 1849 vidisses
769 1784 902 1847 fratrem
924 1787 1031 1867 tuum,
1056 1808 1124 1851 non

166 1895 248 1957 eum,
271 1895 365 1956 quem
387 1873 575 1956 reliqueras,
602 1893 669 1936 non
692 1893 778 1955 eum,
802 1892 896 1955 quem
918 1892 1030 1955 noras,
1055 1895 1125 1938 non

166 1983 248 2044 eum,
271 1982 366 2044 quem
388 1961 469 2024 flens
487 1960 627 2043 flentem,
649 1962 895 2043 prosequentem
913 1959 1124 2042 proficiscens

166 2051 341 2132 dimiseras
358 2070 399 2112 ne
414 2049 585 2132 vestigium
599 2048 727 2131 quidem
746 2048 813 2111 eius
832 2068 892 2111 nee
906 2047 1128 2133 simulacrum,

167 2138 221 2203 sed
245 2137 406 2221 quandam
429 2137 569 2221 effigiem
592 2136 745 2219 spirantis
763 2136 890 2199 mortui.
927 2134 1037 2218 Atque
1062 2139 1124 2201 uti-

165 2248 242 2291 nam
264 2248 315 2291 me
338 2229 500 2290 mortuum
522 2225 611 2308 prius
634 2224 767 2288 vidisses
791 2226 848 2287 aut
874 2223 1031 2287 audisses!
1062 2226 1125 2289 uti-

165 2335 241 2377 nam
264 2317 296 2377 te
319 2335 386 2377 non
410 2315 514 2377 solum
532 2313 626 2395 vitae,
649 2312 704 2376 sed
723 2312 820 2375 etiam
839 2310 1006 2396 dignitatis
1029 2333 1125 2378 meae

139 2402 371 2485 ssuperstitem
402 2401 614 2484 reliquissem!
669 2399 730 2464 Sed
762 2403 863 2463 testor
895 2419 1007 2462 omnes
1045 2400 1124 2466 deos

166 2512 217 2554 me
244 2490 305 2554 hac
332 2510 398 2553 una
420 2510 497 2552 voce
530 2511 549 2551 a
575 2492 679 2552 morte
712 2509 781 2552 esse
803 2490 1001 2568 revocatum,
1034 2490 1122 2571 quod

167 2600 278 2643 omnes
301 2579 335 2642 in
362 2599 434 2642 mea
461 2577 528 2640 vita
550 2580 674 2659 partem
699 2577 838 2658 aliquam
861 2578 935 2638 tuae
963 2575 1050 2638 vitae
1075 2599 1123 2640 re-

165 2669 305 2750 positam
328 2688 397 2731 esse
421 2664 582 2729 dicebant:
606 2685 669 2747 qua
691 2663 725 2727 in
748 2684 782 2727 ra
804 2662 933 2746 peccari
952 2663 1122 2728 scelerate-

166 2777 227 2838 que
259 2756 334 2838 feci;
370 2776 460 2837 nam,
497 2753 524 2817 si
556 2752 755 2834 occidissem,
790 2771 877 2814 mors
912 2751 983 2833 ipsa
1015 2773 1127 2817 meam

165 2843 318 2925 pietatem
341 2861 544 2924 amoremque
571 2841 607 2903 in
629 2844 661 2904 te
688 2840 782 2904 facile
805 2838 1003 2903 defenderet:
1032 2860 1126 2905 nunc

166 2930 323 3012 commisi,
345 2934 382 2994 ut
404 2951 455 2994 me
477 2929 550 2993 vivo
575 2950 711 3012 careres,
733 2929 806 2992 vivo
830 2948 880 2991 me
904 2927 974 2990 aliis
996 2927 1126 3013 indige·

164 3041 229 3102 res,
260 3039 332 3082 mea
362 3038 425 3082 vox
455 3019 490 3080 in
523 3016 704 3082 domesticis
735 3015 885 3100 periculis
916 3014 1126 3098 potissimum

165 3107 335 3190 occideret,
366 3128 446 3190 quae
471 3126 565 3188 saepe
588 3104 791 3169 alienissimis
814 3103 973 3187 praesidio
996 3102 1127 3169 fuisset.

58 3222 61 3231 ·
143 3194 258 3279 Nam,
281 3195 367 3278 quod
391 3193 431 3258 ad
453 3198 485 3258 te
508 3194 599 3276 pueri
623 3194 691 3257 sinc
714 3193 829 3257 litteris
852 3194 1019 3273 venerunt,
1043 3213 1125 3274 quo-

164 3283 251 3348 niam
283 3282 372 3347 vides
404 3303 471 3346 non
502 3281 601 3345 luisse
633 3280 831 3364 iracundiam
860 3300 1003 3360 causam,
1035 3285 1128 3344 certe

234 3439 286 3511 Ep.
310 3447 338 3507 3,
361 3445 385 3494 1.
421 3437 502 3508 „aas
522 3480 528 3492 .
545 3480 573 3492 ..
596 3436 772 3493 aolmriur?“
799 3437 874 3506 (Ν).
920 3434 982 3504 ayo
1003 3476 1053 3489 ...
1075 3452 1127 3490 ao-

154 3510 278 3570 laerta?
297 3511 395 3589 vulgo.
434 3516 458 3568 2.
478 3527 535 3584 quo
552 3510 585 3566 ta
602 3526 632 3565 re
648 3510 757 3579 peccaui
774 3510 830 3576 leq.
863 3522 946 3575 querc
964 3504 1011 3571 M.,
1025 3505 1125 3577 vulgo.
