2370 3878
127 126 193 190 454
408 127 445 180 M.
465 125 588 180 TULLII
607 124 797 181 CICERONIS

127 271 213 335 rifioe
228 270 463 353 liberaliterque
477 271 636 353 tractaris,
654 273 686 334 11
703 270 764 334 tibi
782 271 991 354 gratissimos
1008 270 1087 355 opti

127 381 260 512 qqqqqiqe
275 358 493 422 adolescentes
513 358 694 423 adiunxeris
713 358 843 423 etmihi
862 358 1086 444 gratissimum

559 638 644 704 XLI.

419 749 476 805 Sor.
491 751 595 805 Romae
611 767 635 804 a.
650 769 676 805 u.
690 768 713 805 c.
728 757 787 806 695.

387 874 516 929 CICERO
536 872 724 928 CULLEOLO
747 873 823 928 SAL.

95 987 108 1035 1
195 973 282 1050 Quae
314 975 419 1038 fecisti
452 973 487 1038 L.
518 973 646 1037 Lucceii
678 996 786 1058 causa,
819 975 899 1039 scire
926 977 960 1038 te
987 975 1084 1058 plane

128 1064 201 1128 volo
229 1067 261 1127 11
292 1063 418 1128 homini
445 1063 628 1148 gratissimo
657 1062 889 1146 commodasse,
921 1066 955 1127 et
984 1085 1085 1146 quum

127 1152 203 1236 ipsi,
235 1173 316 1234 quae
347 1151 466 1235 fecisti,
497 1154 649 1235 pergrata
681 1153 769 1234 sunt,
800 1154 870 1214 tum
901 1150 1085 1236 Pompeius,

129 1240 390 1322 quotiescumque
417 1261 468 1303 me
495 1239 647 1303 111111-
670 1238 757 1302 videt
781 1241 888 1302 autem
912 1260 1009 1322 saepe
1032 1276 1084 1322 —,

128 1329 249 1412 gratias
272 1328 332 1391 tibi
355 1327 424 1411 agit
447 1328 638 1411 singularem
662 1327 743 1390 addo
766 1326 863 1390 etiam
885 1327 974 1410 illud,
998 1327 1084 1410 quod

127 1416 188 1478 tibi
214 1415 479 1479 iucundissimum
506 1436 575 1479 esse
605 1418 691 1479 certo
720 1414 799 1498 scio,
831 1436 882 1479 me
909 1415 1017 1498 ipsum
1046 1437 1084 1478 ex

127 1507 185 1565 tua
212 1522 289 1586 erga
316 1501 488 1566 Lucceium
517 1503 717 1587 benignitate
744 1503 884 1567 maxima
914 1504 1083 1586 voluptate

93 1590 221 1654 saffici.
258 1589 351 1665 Quod
374 1593 528 1674 superest,
550 1612 744 1674 quamquam
766 1590 846 1655 mihi
867 1612 936 1656 non
958 1594 1010 1655 est
1028 1591 1083 1655 du-

128 1678 230 1760 bium,
257 1678 348 1762 quin,
376 1700 474 1762 quum
501 1681 597 1743 antea
624 1683 738 1744 nostra
760 1700 869 1762 cause,
900 1699 987 1743 nunc
1018 1680 1083 1743 iam

128 1766 226 1830 etiam
239 1770 314 1831 tuae
329 1767 529 1832 constantiae
549 1767 653 1852 gratia
671 1789 841 1831 mansurus
860 1767 903 1831 sis
921 1767 957 1831 in
970 1767 1084 1832 eadem

127 1855 191 1920 ista
222 1856 427 1940 liberalitate,
457 1858 567 1920 tamen
599 1855 656 1919 abs
688 1859 720 1919 te
747 1855 953 1919 vehementer
985 1856 1084 1919 etiam

129 1947 224 2028 atque
243 1945 340 2009 etiam
357 1948 443 2029 pete,
460 1948 497 2008 ut
516 1966 562 2027 ea,
585 1964 666 2026 quae
684 1944 777 2008 initio
797 1942 976 2027 ostendisti,
995 1943 1083 2007 dein·

129 2054 203 2116 ceps
225 2034 344 2117 fecisti,
376 2033 416 2097 ad
446 2033 566 2096 exitum
594 2032 705 2116 augeri
732 2036 764 2095 et
787 2032 942 2095 cumulari
969 2053 1028 2115 per
1051 2034 1084 2095 11

127 2121 220 2185 velis:
242 2122 276 2185 id
299 2125 332 2185 et
354 2121 490 2185 Lucceio
515 2122 547 2184 et
568 2119 722 2203 Pompeio
745 2119 837 2184 valde
861 2123 990 2204 gratum
1013 2119 1084 2184 fore

127 2211 223 2292 teque
255 2209 340 2293 apud
372 2232 426 2274 eos
457 2209 620 2293 praeclare
651 2208 832 2291 positurum
864 2208 1018 2272 confirmo
1052 2211 1085 2271 et

129 2295 294 2378 spondeo.v
321 2296 370 2361 De
393 2297 578 2381 republica
601 2297 702 2380 deque
724 2295 938 2380 hisnegotiis
961 2295 1083 2380 cogita-

128 2384 335 2466 tionibusque
361 2386 481 2448 nostris
509 2385 757 2468 perscripseram
789 2383 829 2447 ad
856 2386 888 2447 te
912 2383 1085 2468 diligenter

128 2473 239 2555 paucis
262 2475 337 2536 ante
365 2472 476 2536 diebus
504 2495 620 2556 easque
642 2472 767 2537 litteras
798 2471 948 2537 dederam
974 2472 1084 2558 pueris

128 2561 202 2626 tuis.
246 2560 338 2626 Vale.

530 2742 534 2750 ⁸
552 2753 653 2819 XLII.

407 2864 463 2922 Sor.
482 2866 587 2921 Romae
606 2883 630 2920 a.
650 2884 677 2922 u.
697 2883 720 2921 c.
740 2869 799 2922 691.

247 2989 285 3043 Μ.
304 2987 431 3043 CICERO
452 2989 478 3044 S.
497 2989 530 3043 D.
550 2989 580 3044 L.
600 2989 790 3045 CULLEOLO
810 2986 957 3044 PROCOS.

95 3111 109 3160 1
195 3089 232 3154 L.
259 3089 414 3154 Lucceius
441 3110 544 3173 meus,
573 3089 670 3156 homo
702 3089 845 3155 omnium
873 3088 1087 3174 gratissimus,

128 3179 279 3243 mirificas
306 3177 365 3242 tibi
393 3177 479 3261 apud
501 3199 552 3242 me
580 3180 702 3263 gratias
730 3178 811 3262 egit,
837 3199 938 3261 quum
966 3177 1088 3242 diceret

129 3269 238 3332 omnia
260 3271 292 3332 te
316 3266 567 3332 cumulatissime
595 3270 628 3330 et
649 3266 872 3331 liberalissime
899 3268 1087 3349 procurato·

128 3356 217 3420 ribus
241 3356 307 3420 suis
330 3355 509 3439 pollicitum
532 3375 613 3418 esse:
637 3375 736 3438 quum
760 3353 863 3419 oratio
886 3357 943 3418 1111
965 3356 1034 3417 tam
1058 3353 1089 3418 ei

129 3448 223 3528 grata
254 3445 366 3530 fuerit,
398 3464 495 3529 quam
527 3445 654 3528 gratem
684 3463 753 3506 rem
784 3443 891 3527 ipsam
922 3442 1090 3506 existimas
