2370 3878
342 170 602 237 EPISTOLARUM
620 169 680 223 xil.
700 173 742 224 aa
762 173 805 221 aa
985 160 1052 225 405

93 328 204 390 tecum
218 340 322 406 agam,
340 321 377 382 ut
390 315 592 382 necessitudo
610 317 723 379 nostra
736 311 893 396 postulat:
915 308 951 372 in
966 304 1052 372 Sern-

94 409 223 495 prcnio,
246 409 274 473 si
297 406 376 471 meis
394 405 510 471 litteris
532 405 793 486 obtemperasses,
816 398 989 462 maximam
1012 395 1053 459 ab
1134 478 1137 483 ι

96 497 249 562 omnibus
276 495 403 559 laudem
431 493 566 577 adeptus
594 512 692 573 esses3
720 489 774 553 sed
801 486 880 553 illud
909 489 942 549 et
963 505 1053 568 prae-

96 586 187 650 teriit
205 589 239 648 et
255 583 357 648 levius
376 586 433 667 est,
455 581 535 645 haec
553 600 672 664 magna
690 600 741 642 res
761 580 821 641 est:
844 575 906 658 fac,
927 576 964 637 ut
981 593 1054 656 pro-

98 674 239 737 vinciam
265 671 406 735 retineas
434 671 468 733 in
495 671 655 753 potestate
682 667 729 730 rei
757 664 912 749 publicae.
957 660 1055 724 Plura

99 760 313 844 scripsissem,
340 759 404 823 nisi
430 758 479 823 tui
501 756 705 820 festinarent:
737 753 846 838 itaque
874 749 1054 832 Chaerippo

98 853 212 914 nostro
236 869 287 911 me
310 847 406 911 velim
429 866 569 910 excuses,

519 1037 642 1103 XXIII.

205 1152 261 1206 Ser.
281 1152 386 1206 Itomae
405 1150 496 1205 medio
514 1165 609 1203 mense
628 1148 744 1204 Octobri
762 1164 786 1200 a.
806 1165 832 1201 u.
852 1165 875 1202 c.
895 1152 955 1201 ⁷10.

323 1272 470 1328 CICERO
490 1270 734 1327 CORNIFICIO
753 1271 836 1326 SAL.

170 1373 307 1439 Omnem
330 1372 550 1438 condicionem
568 1372 695 1456 imperii
717 1373 765 1436 tui
785 1375 967 1454 statumque
985 1393 1057 1454 pro·
1078 1383 1092 1431 1
1115 1451 1116 1454 Ἴ

101 1463 227 1528 vinciae
250 1461 330 1525 mihi
360 1461 592 1527 demonstravit
615 1460 791 1525 Tratorius.
836 1459 863 1524 Ο
885 1460 988 1523 multa
1011 1460 1057 1523 in-

101 1551 284 1616 tolerabilia
306 1551 385 1614 locis
405 1550 566 1614 omnibus!
590 1549 655 1633 sed,
678 1571 741 1633 quo
759 1553 816 1613 tua
834 1547 936 1612 maior
955 1548 1057 1633 digni-

102 1644 164 1721 tas,
186 1661 234 1723 ec,
257 1660 338 1722 quae
362 1638 422 1701 tibi
446 1638 640 1722 acciderunt,
662 1638 768 1702 minus
786 1630 932 1720 ferenda,
954 1658 1058 1720 neque

104 1728 204 1810 enim,
232 1748 313 1810 quae
336 1730 373 1790 tu
400 1731 533 1810 propter
561 1726 817 1810 magnitudinem
845 1729 878 1788 et
905 1725 1004 1788 animi
1031 1731 1060 1788 et

104 1815 228 1900 ingenii
241 1815 405 1879 moderate
418 1815 493 1896 fers,
507 1836 544 1878 ea
558 1835 625 1878 non
638 1814 821 1877 ulciscenda
835 1815 920 1894 sunt,
934 1812 1058 1874 etiamsi

105 1925 173 1968 non
197 1908 273 1967 sunt
296 1902 441 1966 dolenda.
479 1900 540 1965 Sed
563 1901 643 1965 haec
665 1901 834 1984 posterius.
870 1899 989 1962 Rerum
1008 1910 1093 1962 ur-2

104 1992 262 2055 banarum
294 1994 367 2054 acta
398 1989 458 2053 tibi
490 1990 575 2053 mitti
607 1992 694 2053 certo
725 1989 804 2070 sci03
835 1987 920 2071 quod
952 1987 987 2048 ni
1013 1988 1060 2050 ita

104 2083 266 2164 putarem,
296 2079 364 2162 ipse
387 2078 630 2162 perscriberem,
659 2075 890 2158 inprimisque
914 2072 1059 2139 Caesaris

106 2166 275 2233 Octaviani
303 2171 469 2249 conatum,
496 2167 534 2230 de
563 2187 626 2249 quo
654 2164 854 2228 multitudini
879 2163 990 2227 fictum
1018 2165 1058 2228 ab

105 2255 251 2320 Antonio
266 2256 387 2318 crimen
400 2255 535 2336 videtur,
553 2259 590 2318 ut
608 2254 642 2317 in
659 2253 829 2337 pecuniam
847 2251 1059 2317 adolescentis

104 2342 618 2514 {reticeremus
646 2345 753 2505 adlit
762 2341 917 2512 ,till
941 2342 1060 2514 litt

105 2540 179 2602 spes
202 2524 252 2583 est
274 2519 309 2582 in
332 2540 382 2582 eo:
406 2518 488 2582 nihil
506 2521 564 2601 est,
587 2518 672 2602 quod
690 2538 757 2582 non
776 2518 975 2582 existimetur
992 2519 1059 2580 lau-

105 2607 156 2671 dis
187 2610 220 2671 et
251 2607 372 2691 gloriae
409 2627 505 2670 causa
540 2606 695 2672 facturus.
748 2604 912 2670 Antonius
943 2609 1060 2689 autem,

104 2698 217 2759 noster
240 2695 421 2779 familiaris,
448 2699 541 2759 tanto
570 2717 603 2759 se
631 2695 704 2759 odio
735 2715 804 2758 esse
826 2693 993 2778 intelligit,
1015 2698 1060 2776 ut,

106 2804 206 2867 quum
228 2783 450 2847 interfectores
474 2805 549 2848 suos
573 2783 660 2847 domi
683 2781 969 2866 comprehendent,
991 2803 1060 2846 rem

104 2871 249 2955 proferre
276 2893 344 2937 non
371 2872 496 2935 audeat.
545 2870 584 2934 A.
613 2872 642 2934 d.
667 2888 725 2935 vn.
752 2869 799 2934 Id.
826 2868 895 2934 Oct.
921 2869 1060 2934 Brundi-

105 2960 190 3024 sium
214 2964 283 3024 erat
305 2959 468 3043 profectus
492 2959 619 3024 obuiam
641 2958 822 3044 legionibus
845 2957 1060 3024 Macedonicis

105 3052 271 3133 quattuor,
308 3069 387 3132 quas
425 3048 486 3112 sibi
519 3047 688 3112 conciliare
724 3047 860 3132 pecunia
896 3047 1061 3132 cogItabat

105 3158 223 3220 easque
246 3137 287 3201 ad
309 3137 422 3200 urbem
445 3134 601 3201 adducere
625 3139 657 3200 et
678 3137 713 3200 in
736 3135 911 3200 cervicibus
940 3134 1061 3199 nostris

105 3226 271 3289 collocare.
307 3223 418 3289 Habes
440 3225 578 3289 formam
600 3225 648 3289 rei
670 3225 825 3309 publicae,
849 3224 876 3286 si
894 3224 928 3286 in
947 3223 1099 3286 castriae

104 3317 213 3397 potest
240 3334 308 3378 esse
330 3335 382 3378 res
405 3313 546 3398 publica3
573 3314 609 3377 in
636 3335 699 3397 quo
722 3317 812 3376 tuam
840 3309 942 3375 vicem
965 3331 1060 3394 saepe

175 3503 227 3574 Ep.
247 3510 329 3573 23,1.
356 3505 486 3574 dipaitas,
505 3522 542 3576 eo,
563 3505 619 3577 (M,
638 3505 744 3578 vulgo).
782 3504 810 3560 d.
824 3508 873 3575 eat,
889 3519 920 3560 eo
938 3502 1068 3574 (leam
