2370 3878
182 176 249 240 484
465 174 647 230 MTULLII
665 173 855 231 CICERONIS

182 320 314 404 propria
328 321 386 382 est
363 316 531 383 tMeum
549 317 612 382 fuit
626 317 769 383 officium
786 319 838 383 vel
855 319 1023 419 legatione
1042 323 1181 387 vitare

181 407 358 505 periculum
381 405 432 469 ιιι
455 404 623 505 diligentia
650 410 683 470 et
705 407 806 490 copiis
833 407 985 473 resistere
1014 411 1067 473 vel
1096 432 1141 476 ca·

182 495 255 559 dere
279 492 418 558 fortiter:
440 493 503 557 hoc
521 493 679 576 miserius,
701 495 837 579 turpius,
859 494 1029 581 indignius
1048 499 1141 564 nobis

146 596 162 643 ι
181 582 264 646 nihil
286 580 357 646 fuit
394 579 499 657 Quare
522 603 621 665 quum
640 581 749 647 dolore
768 582 929 667 conficior,
950 588 1024 649 tum
1043 587 1138 655 etiam

181 669 316 771 pudore:
344 669 445 754 pudet
468 669 553 734 enim
580 691 631 734 me
653 670 746 735 uxori
775 692 864 735 meae
888 672 1046 758 optimae,
1071 696 1139 739 sua·

181 757 320 823 vissimis
347 758 456 822 liberis
483 757 584 823 virtut
585 778 635 822 em
663 762 696 823 et
724 756 926 843 diligentiam
952 781 1022 825 non
1050 784 1138 846 prae·

182 846 315 929 stitisse,
343 868 419 911 nam
441 845 601 911 mihit
544 849 619 913 ante
648 847 757 911 oculos
782 847 848 914 dies
871 851 1049 932 noctesque
1074 872 1137 915 ιιι-

182 937 272 999 satur
300 935 430 1018 squalor
456 937 561 998 vester
593 938 625 997 et
651 955 778 1000 maeror
800 939 833 999 et
858 934 1032 1001 infirmitas
1056 940 1137 1003 vale·-

180 1023 331 1088 tudinist
316 1026 391 1087 tuae
393 1043 493 1107 ,spes
511 1025 568 1087 aut
569 1043 619 1086 em
634 1023 718 1087 salut
704 1023 746 1088 tis
765 1024 929 1107 pertenuis
948 1025 1136 1091 ostenditur

181 1098 307 1177 Inimici
330 1114 407 1176 sunt
429 1110 531 1193 multi,
553 1109 654 1176 invidi
670 1132 773 1195 paene
793 1133 917 1177 omnes:
941 1113 1055 1178 eiicere
1079 1136 1136 1180 nos

181 1220 337 1285 magnum
354 1199 425 1283 fuit,
444 1197 609 1264 excludere
627 1198 721 1273 facile
736 1203 798 1282 est,
821 1199 877 1265 sed
890 1203 1010 1284 tamen,
1028 1224 1136 1286 quam-

182 1288 237 1352 diu
259 1310 317 1354 vos
341 1287 461 1353 eritis'
452 1308 488 1352 m
510 1308 580 1371 spe,
602 1307 670 1359 non
693 1286 847 1370 deficiam,
869 1308 910 1353 ne
934 1289 1045 1353 omnia
1068 1312 1136 1354 mea

147 1376 276 1458 sculpe
300 1374 449 1441 cecidisse
472 1373 603 1440 videant
588 1379 649 1442 tur.
686 1373 733 1440 Ut
755 1376 776 1454 †
795 1379 866 1440 tuto
890 1377 960 1460 sim,
983 1378 1072 1460 quod
1094 1379 1135 1442 la·

181 1465 291 1545 boras,
321 1463 354 1527 id
386 1463 465 1528 mihi
497 1485 583 1531 nunc
610 1463 876 1529 facillimumt
827 1467 889 1549 est,
916 1485 1013 1548 quem
1040 1467 1136 1530 etiam

181 1551 304 1616 inimici
334 1551 449 1616 volunt
479 1551 584 1616 vivere
617 1552 652 1616 in
678 1551 729 1616 his
760 1553 861 1616 tantis
893 1551 1044 1635 miseriis,
1078 1575 1135 1638 ego

180 1643 292 1704 tamen
315 1639 441 1723 faciam,
464 1658 544 1722 quae
567 1639 735 1724 praecipis.
779 1638 915 1723 Amicis,
943 1641 1061 1726 quibus
1083 1663 1135 1707 ιο-

181 1728 284 1812 luisti,
307 1727 359 1814 egi
382 1727 503 1813 gratias
526 1731 559 1792 et
581 1749 635 1793 eas
658 1727 783 1793 litteras
805 1727 953 1812 Dexippo
977 1727 1052 1792 dedi
1074 1751 1135 1794 me·

183 1828 244 1901 que
277 1816 315 1882 de
348 1838 458 1882 eorum
490 1814 596 1883 officio
625 1815 738 1901 scripsi
765 1837 784 1880 ι
810 1820 843 1880 te
871 1815 1040 1882 certiorem
1069 1839 1135 1882 esse

182 1906 249 1971 fact
249 1928 313 1971 um.
358 1904 509 1973 Pisonem
536 1907 684 1969 nostrum
711 1903 844 1969 mirifico
873 1925 941 1968 esse
971 1904 1112 1970 studio
1103 1926 1136 1968 ιιι

182 1999 299 2060 noset
285 1992 480 2061 tofficioet
466 1997 559 2078 tego
577 1992 787 2080 perspicioet
806 2013 917 2057 omnes
936 1992 1135 2079 praedicant:

184 2084 216 2146 di
246 2083 365 2168 faxint,
400 2086 437 2148 ut
423 2080 526 2148 ttali
563 2101 682 2182 genero
718 2079 798 2145 mihi
834 2081 997 2165 praesenti
1031 2084 1136 2146 tecum

185 2171 334 2235 simult
302 2175 334 2235 ιι
357 2192 429 2236 cum
451 2169 560 2235 liberis
578 2168 698 2235 nostris
716 2168 780 2239 frui
800 2169 907 2234 liceat!
944 2166 1041 2234 Nunc
1066 2190 1136 2254 spes

184 2258 307 2341 reliqua
330 2260 409 2322 est
401 2281 435 2324 ιιι
458 2259 549 2324 novis
577 2256 716 2322 tribunis
742 2258 785 2340 pl.
809 2257 876 2321 et
867 2279 902 2321 ιιι
929 2257 1042 2342 primis
1072 2258 1136 2341 qui·

149 2356 166 2407 4
186 2345 258 2409 dem
282 2345 406 2429 diebus,
429 2368 515 2431 nam,
539 2346 566 2410 si
588 2345 784 2428 inveterarit,
807 2348 914 2409 actum
936 2348 995 2409 est.
1031 2343 1083 2409 Ea
1106 2366 1137 2408 re

185 2433 226 2498 ad
248 2437 280 2497 ιι
305 2434 414 2498 statim
432 2433 659 2498 Aristocritum
682 2433 765 2517 misi,
787 2435 824 2496 ιι
846 2431 887 2496 ad
909 2453 960 2496 me
983 2434 1137 2498 continuo

184 2521 279 2587 initia
301 2542 407 2585 rerum
431 2524 463 2584 et
485 2521 643 2588 rationem
664 2521 765 2587 totius
789 2521 912 2606 negotii
929 2541 1042 2605 posses
1065 2522 1137 2586 scri-

184 2611 274 2693 bere,
301 2610 361 2674 etsi
383 2608 530 2691 Dexippo
554 2627 679 2692 quoque
702 2608 749 2677 ιιι
775 2607 942 2693 imperavi,
970 2609 1082 2672 statim
1104 2613 1140 2673 ut

185 2701 372 2781 recurreret
394 2695 489 2761 etad
512 2694 578 2760 frat
563 2698 646 2759 trem
663 2695 746 2780 misi,
768 2700 805 2760 ut
823 2695 933 2761 crebro
952 2695 1139 2762 tabellarios

185 2787 341 2868 mitteret,
369 2806 446 2851 nam
468 2803 529 2871 ego
553 2804 590 2848 eo
613 2784 744 2853 nomine
768 2805 839 2849 sum
860 2783 1056 2869 Dyrrhachii
1079 2784 1140 2848 hoc

185 2876 407 2959 temperant
429 2894 525 2975 quam
549 2872 724 2954 celerrime,
752 2870 828 2955 quid
851 2875 928 2958 agat
929 2893 979 2956 ur,
1002 2871 1142 2954 audiam,

187 2966 219 3026 t
187 2983 314 3029 sum
339 2965 425 3046 tuto,
452 2961 565 3027 civitas
597 2961 683 3024 enim
709 2959 788 3029 haec
816 2980 940 3045 semper
967 2980 1061 3025 ame
1091 2960 1140 3024 de

186 3050 361 3116 fensat
312 3053 368 3115 est.
422 3048 568 3126 Quum
558 3048 680 3115 mimici
711 3050 785 3112 nost
785 3046 813 3111 ri
845 3048 953 3117 venire
985 3047 1142 3130 dicentur,

152 3143 256 3208 etum
278 3139 313 3205 in
335 3136 471 3224 Epirum
493 3138 557 3204 ibo.
602 3133 694 3212 Quod
717 3135 829 3206 scribis
852 3138 899 3217 te,
921 3134 949 3204 si
971 3136 1078 3221 velim,
1101 3135 1142 3200 ad

167 3327 169 3330 ’
250 3337 301 3406 Ep.
321 3340 390 3404 3,.2
413 3331 601 3400 ιοιιιιαι(Μ
579 3332 691 3455 W).-·?
685 3330 794 3384 acori
810 3343 884 3384 owse
902 3327 970 3396 (M).
998 3343 1027 3382 c.
1047 3326 1141 3398 [meae]

180 3408 258 3474 Em,
276 3407 307 3460 B.
345 3412 370 3459 3.
402 3410 434 3460 ct
451 3405 469 3466 ι
487 3401 616 3469 tato(W
618 3405 643 3467 .).
676 3399 768 3470 Vulgo
792 3399 851 3454 sine
869 3401 895 3462 †.
927 3402 959 3453 ct
981 3402 1059 3454 tatus
1078 3398 1142 3465 (W.)

181 3478 330 3532 eutrotia
348 3480 406 3530 tuto
425 3474 499 3544 (W)
