2370 3878
166 143 229 208 136
446 143 484 197 M.
503 140 629 197 TULLII
649 141 839 198 CICERONIS

165 291 293 373 quantis
321 287 472 351 oneribus
499 306 678 370 premerere
706 290 926 370 susceptarum
953 308 1061 352 rerum
1089 293 1123 354 et

163 378 228 440 ium
251 375 486 458 iustitutarum3
510 375 574 458 sed,
597 374 672 458 quia
693 373 842 439 videbam
860 374 965 439 Italici
988 377 1066 440 belli
1089 382 1124 442 et

130 504 133 515 ·
165 463 266 528 civilis
292 463 462 527 historiam
493 463 558 526 iarn
590 484 610 526 a
635 466 668 526 te
700 482 803 546 paene
835 484 903 527 esse
934 464 1123 548 perfectam,

165 552 289 615 dixeras
317 555 424 615 autem
455 551 535 615 mihi
566 554 599 614 te
626 550 765 633 reliquas
792 570 843 615 res
867 551 978 635 ordiri,
1011 552 1121 617 deesse

164 639 244 703 mihi
266 640 370 723 nolui,
394 639 474 722 quin
495 642 528 703 te
552 638 770 722 admonerem,
792 642 830 703 nt
852 640 1022 723 cogitares,
1045 662 1121 705 eon·

164 728 314 792 iunctene
333 727 445 791 malles
464 748 537 791 cum
556 727 687 810 reliquis
705 726 801 791 robus
820 730 932 791 nostra
950 732 1122 793 contexere

163 819 276 967 la)n,lut
298 816 392 966 nqulti
414 813 528 879 Graeci
550 812 1122 967 cherprqt,bllalli§theneqiPhocium

165 924 319 1056 ssu
337 902 813 1076 {tittdtudllt
832 925 930 1074 {sd
938 924 1122 1075 adluit

164 1083 402 1164 separaverunt,
424 1083 461 1144 tu
480 1101 606 1163 quoque
624 1080 702 1143 item
720 1079 845 1143 ciuilem
864 1080 1122 1144 coniurationem

164 1169 205 1232 ab
232 1169 403 1233 hostilibus
431 1169 634 1251 externisque
661 1168 753 1231 bellis
782 1167 974 1252 seiungeres.
1019 1167 1120 1250 Equi·

161 1256 237 1320 'dem
260 1256 300 1320 ad
323 1259 468 1320 nostram
494 1256 623 1319 laudem
650 1276 718 1318 non
740 1256 877 1319 multum
905 1255 997 1320 video
1020 1256 1121 1319 inter-

165 1364 245 1427 esse,
268 1343 323 1407 sed
346 1343 387 1406 ad
409 1343 668 1426 properationem
691 1363 795 1406 meam
815 1342 966 1425 quiddam
984 1345 1123 1408 interest

163 1451 231 1494 non
253 1433 286 1494 te
310 1433 501 1513 exspectare,
524 1430 600 1494 dum
622 1429 663 1493 ad
685 1429 791 1493 locum
809 1431 929 1516 venias,
952 1432 1120 1496 aestatim

165 1539 294 1583 causam
320 1517 410 1581 illum
436 1520 540 1582 totam
570 1521 602 1582 et
623 1520 750 1601 tempus
774 1519 928 1603 arripere,
955 1523 988 1583 et
1014 1519 1122 1602 simul,

165 1607 191 1670 si
213 1627 279 1670 uno
302 1605 338 1669 in
360 1608 551 1690 argumento
574 1627 702 1689 unaque
729 1606 764 1669 in
786 1627 925 1690 persona
947 1628 1038 1671 mens
1061 1611 1121 1671 tua

163 1697 234 1757 tota
260 1693 454 1778 versabitur,
486 1714 581 1758 cerno
613 1694 678 1758 iam
710 1694 832 1777 animo,
860 1698 980 1778 quanto
1009 1695 1121 1759 omnia

163 1782 313 1848 uberiora
335 1785 431 1866 atque
451 1783 616 1847 ornatiora
633 1781 744 1845 futura
766 1782 840 1846 sint.
876 1781 989 1866 Neque
1006 1785 1119 1846 tamen

163 1871 293 1956 ignoro,
316 1892 413 1955 quam
434 1871 638 1954 impudenter
659 1869 790 1953 faciam,
817 1871 872 1953 qui
895 1871 1034 1954 primum
1056 1870 1120 1934 tibi

163 1961 292 2024 tantum
315 1959 421 2024 oneris
444 1960 609 2043 imponam
624 1994 665 2004 -
680 1961 788 2042 potest
811 1958 896 2022 enim
919 1959 999 2022 mihi
1022 1957 1118 2022 dene-

165 2067 240 2130 gare
264 2048 432 2131 occupatio
455 2052 513 2111 tna
536 2082 591 2127 -—‚
615 2046 728 2110 deinde
752 2047 857 2129 etiarn,
879 2049 917 2110 ut
939 2068 1033 2111 ornes
1056 2068 1120 2129 me,

163 2135 333 2217 postulem.
369 2134 461 2218 Quid,
485 2135 513 2198 si
534 2136 591 2198 illa
612 2135 671 2198 tibi
694 2155 762 2200 non
778 2137 872 2198 tanto
892 2155 987 2218 opere
1007 2135 1118 2199 riden-

128 2225 217 2284 3tur
245 2221 411 2286 ornanda?
457 2221 519 2286 Sed
545 2226 669 2304 tamen,
696 2222 750 2304 qui
783 2223 880 2286 semel
908 2223 1118 2287 verecundiae

163 2309 244 2373 fines
266 2310 444 2392 transierit,
472 2331 544 2373 eum
572 2309 653 2372 bene
682 2312 714 2372 et
740 2311 866 2377 naviter
893 2314 1021 2394 oportet
1047 2331 1120 2375 esse

163 2396 391 2481 impudentem.
435 2396 548 2480 Itaque
575 2400 608 2460 tc
635 2397 730 2480 piane
762 2396 859 2462 etiam
891 2403 987 2482 atque
1020 2399 1119 2464 etiam

163 2505 253 2570 rogo,
275 2488 313 2549 ut
335 2489 368 2549 et
391 2506 486 2550 ornes
505 2485 781 2550 ea.rehementius
804 2487 910 2570 etiam,
933 2507 1030 2570 quam
1051 2487 1118 2552 for·

163 2577 249 2638 tasse
273 2573 387 2657 sentis,
414 2573 503 2638 etin
527 2594 564 2637 eo
587 2574 675 2658 leges
698 2574 852 2638 historiae
874 2575 1022 2661 negligas
1044 2595 1120 2660 gra·

163 2662 305 2746 tiamque
326 2662 430 2745 illam,
458 2661 496 2726 de
520 2682 583 2745 qua
610 2662 797 2726 suavissime
820 2663 960 2746 quodam
986 2664 1022 2729 in
1044 2684 1118 2747 pro·

164 2751 268 2814 oemio
292 2750 457 2835 scripsisti,
480 2771 499 2813 a
522 2734 744 2832 quaterem
765 2771 833 2815 non
850 2751 955 2836 magis
973 2752 1119 2835 potuisse
1171 2760 1174 2765 '

164 2836 365 2902 demonstras
388 2859 485 2922 quam
506 2836 679 2902 Herculem
695 2837 960 2922 Xenophontium
983 2841 1075 2904 illum
1098 2861 1119 2903 a

163 2923 355 3009 Voluptate,
382 2946 467 3010 eam,
494 2926 522 2990 si
549 2947 600 2990 me
622 2925 682 2991 tibi
709 2926 930 2992 vehementius
958 2948 1117 2992 commen·

164 3013 312 3098 dabit,ne
326 3032 496 3097 aspernere
510 3014 675 3098 amorique
689 3018 801 3080 nostro
815 3016 997 3099 plusculum
1011 3015 1120 3098 etiam,

164 3122 261 3185 quam
284 3102 438 3167 concedet
458 3103 586 3186 veritas,
607 3102 755 3189 largiare.
799 3101 891 3179 Quod
914 3104 941 3168 si
964 3108 996 3168 te
1019 3103 1119 3168 addu-

164 3211 286 3275 cemus,
311 3193 349 3254 ut
375 3189 437 3255 hoc
465 3191 633 3276 suscipias,
660 3191 734 3276 erit,
761 3194 798 3255 ut
825 3191 906 3256 mihi
932 3191 1121 3276 persuadeo,

233 3398 284 3470 Ep.
306 3404 347 3467 12,
361 3403 386 3453 2.
424 3397 558 3455 Plocium
577 3399 653 3469 (W.).
698 3399 827 3458 stoicum
844 3400 896 3469 M„
913 3400 1009 3473 vulgo.
1046 3399 1120 3454 Pho·

163 3470 250 3526 riona
267 3469 471 3526 Westermann.
491 3469 571 3525 coni..
588 3468 619 3523 B.
