2370 3878
130 100 194 195 1⁹04
411 131 448 185 ιι.
468 130 592 186 suurn
610 130 801 187 oroaaoms

129 279 179 340 est
201 278 306 339 totum
329 275 370 339 ad
393 275 489 339 unius
507 277 708 341 voluntatem
726 277 1039 343 accommodandum
1060 284 1098 345 et

128 363 296 448 prudentis
320 366 353 426 et
375 363 516 427 liberalis
540 367 581 448 et,
603 367 641 428 ut
662 366 861 448 perspexisse
883 365 1004 450 videor,
1029 389 1095 433 nee

127 474 149 517 o
171 473 222 516 me
245 451 342 516 alieni
366 455 398 515 et
420 452 480 515 tibi
503 452 702 536 amicissimi,
729 454 815 537 quod
843 476 940 538 quum
964 454 1014 519 ita
1039 457 1096 540 sit,

128 560 266 624 magnae
298 543 410 605 tamen
441 544 491 604 est
523 540 777 625 deliberationis,
813 563 894 626 quae
925 543 1011 608 ratio
1048 545 1095 609 sit

127 628 269 693 ineunda
296 629 390 692 nobis
419 649 486 693 non
514 630 632 714 agendi
659 630 793 715 aliquid,
823 631 877 695 sed
900 630 987 696 illius
1012 652 1092 698 oon-

128 738 220 783 eessu
244 719 277 782 et
298 717 454 783 beneficio
478 717 671 801 quiescendi.
716 717 807 783 Vale.

573 910 647 977 VII.

227 1024 284 1079 Sor⁴
304 1023 410 1080 Romae
430 1026 506 1096 (post
522 1025 582 1080 VII.
603 1024 664 1079 Kal.
686 1024 771 1094 Sext.)
791 1040 815 1079 a.
836 1041 863 1079 u.
883 1041 906 1079 c.
927 1029 986 1080 708.

322 1149 359 1203 M.
379 1148 509 1204 CICERO
529 1149 555 1204 S.
574 1149 607 1202 D.
627 1148 663 1202 M.
683 1147 888 1203 MARCELLO.

94 1263 109 1311 1
195 1246 268 1313 Etsi
291 1269 329 1313 eo
352 1251 384 1312 te
408 1247 514 1312 adhue
536 1248 670 1313 oonsilio
694 1270 789 1312 usum
811 1248 968 1333 intelligo,
993 1251 1032 1313 ιιι
1056 1249 1091 1314 id

128 1336 361 1419 reprehendere
383 1356 452 1401 non
470 1335 614 1418 audeam,
635 1356 703 1399 non
721 1337 800 1418 quin
818 1336 858 1401 ab
878 1357 916 1402 eo
935 1337 1004 1420 ipse
1023 1336 1090 1402 dis-

129 1424 275 1506 sentiam,
298 1423 354 1488 sed
377 1423 462 1507 quod
486 1445 524 1488 ea
545 1428 578 1488 te
602 1424 760 1506 sapientia
783 1445 852 1489 esse
874 1424 1090 1509 iudicem,ut

128 1533 236 1576 meum
255 1474 424 1577 donsilium
441 1533 509 1576 non
527 1516 722 1596 anteponam
739 1516 806 1597 tuo,
828 1517 939 1578 tamen
957 1516 990 1578 et
1007 1514 1090 1578 ami·

130 1601 223 1664 ciliae
242 1604 372 1665 nostrae
390 1603 533 1665 vetustas
553 1604 586 1664 et
602 1605 660 1665 tua
678 1623 803 1665 summa
824 1623 901 1687 erga
920 1623 970 1666 me
989 1601 1089 1666 bene-

129 1688 281 1773 volentia,
303 1710 384 1773 quae
407 1688 518 1753 mihi
509 1711 575 1754 ram
598 1711 617 1753 a
639 1690 777 1773 pueritia
798 1694 856 1754 tua
874 1689 1005 1775 cognita
1028 1694 1090 1774 est,

129 1799 180 1842 me
203 1777 335 1843 hortata
356 1782 414 1860 est,
437 1781 474 1842 ut
496 1799 534 1842 ea
557 1778 728 1843 scriberem
751 1778 792 1843 ad
813 1782 855 1863 te,
879 1799 960 1861 quae
979 1781 1014 1843 et
1036 1800 1089 1842 sa·

129 1866 190 1931 luti
216 1871 291 1932 tuae
324 1868 501 1932 eondueere
528 1867 701 1931 arbitrarer
729 1869 761 1931 et
787 1888 856 1932 non
883 1867 988 1932 aliena
1016 1887 1089 1932 esse

93 1955 279 2021 adunarem
302 1978 321 2021 a
344 1957 511 2042 dignitate.
546 1962 616 2040 Ego
640 1978 713 2020 eum
735 1957 767 2019 te
790 1976 868 2038 esse,
912 1955 946 2020 ui
968 1955 1089 2020 horum

129 2044 288 2108 malorum
301 2045 395 2109 initia
408 2046 510 2110 multo
522 2049 597 2109 ante
606 2044 733 2127 videris,
743 2044 946 2110 consulatum
960 2043 1088 2128 magni·

129 2131 335 2198 ficentissime
367 2138 463 2217 atque
496 2133 616 2216 optime
648 2132 798 2217 gesseris,
826 2133 989 2215 praeclare
1021 2152 1089 2197 me·

129 2221 223 2303 mini,
251 2220 306 2285 sed
328 2220 414 2284 idem
437 2220 535 2284 etiam
556 2220 614 2284 illa
635 2220 710 2303 vidi,
733 2241 836 2303 neque
859 2223 892 2284 te
915 2220 1088 2285 eonsilium

130 2309 232 2373 civilis
254 2308 332 2373 belli
354 2308 401 2373 ita
419 2307 551 2393 gerendi
568 2327 629 2371 neo
651 2308 760 2391 eopias
783 2305 840 2373 Gn.
858 2307 1004 2392 Pompeii
1026 2329 1089 2373 nee

131 2418 233 2482 genus
252 2397 408 2462 exereitus
426 2396 563 2480 probare
583 2417 770 2480 semperque
789 2417 911 2461 summe
932 2396 1089 2480 diffidere,

132 2507 196 2570 qua
217 2487 253 2551 in
275 2485 437 2551 sententia
459 2506 510 2549 me
533 2507 660 2570 quoque
682 2484 781 2549 fuisse
804 2486 959 2551 memoria
976 2488 1089 2553 tenere

130 2578 163 2640 te
200 2576 347 2642 arbitror.
391 2572 505 2658 Itaque
537 2595 641 2657 neque
672 2577 710 2639 tu
740 2572 919 2638 multum
910 2577 959 2638 1nt
945 2573 1088 2638 terfuisti

131 2665 226 2731 rebus
250 2663 399 2751 gerendis
422 2667 455 2728 et
473 2682 533 2748 ego
551 2661 585 2726 id
600 2683 725 2746 semper
743 2662 804 2748 egi,
826 2683 867 2725 ne
885 2662 935 2726 int
936 2683 1087 2745 eressem3

132 2774 199 2818 non
222 2754 308 2819 enim
329 2753 369 2817 iis
392 2753 487 2817 rebus
506 2751 740 2836 pugnabamus,
763 2750 879 2834 quibus
903 2751 1007 2814 velere
1030 2771 1087 2834 po·

16 2848 22 2861 “
131 2844 283 2926 teramus,
306 2841 453 2924 oonsilio,
476 2839 677 2924 auctoritate,
699 2860 809 2922 eausa,
832 2859 914 2922 quae
937 2838 1062 2904 erant
1051 2859 1088 2902 m

131 2930 226 2995 nobis
250 2929 424 3014 superiora,
448 2929 504 2994 sed
526 2927 654 2993 lacertis
678 2931 711 2992 et
733 2927 864 2995 viribus
893 2927 1009 3011 quibus
1031 2947 1088 3010 pa·

132 3041 184 3084 res
211 3041 278 3085 non
305 3039 444 3083 eramus:
476 3017 554 3083 vieti
581 3038 690 3082 sumus
717 3016 817 3101 igitur
844 3018 913 3098 aut,
945 3016 973 3079 si
1000 3014 1089 3079 vinei

133 3108 274 3195 dignitas
297 3129 365 3173 non
387 3109 505 3191 potest,
525 3105 621 3170 fracti
643 3107 728 3170 certe
752 3108 785 3169 et
807 3103 936 3189 abieoti3
965 3104 1000 3167 in
1023 3125 1089 3186 quo

132 3204 225 3263 tuum
248 3196 418 3263 eonsilium
440 3216 536 3259 nemo
563 3197 672 3278 potest
693 3214 761 3260 non
783 3192 920 3257 maxime
947 3191 1090 3276 laudare,

133 3288 219 3372 quod
251 3308 323 3351 oum
360 3305 416 3369 spe
451 3283 601 3348 vincendi
637 3282 732 3347 simul
768 3280 913 3346 abiecisti
943 3279 1089 3346 certandi

203 3478 254 3547 Ep.
276 3484 339 3548 7,1.
376 3477 494 3535 iadicem
512 3474 568 3545 (M,
587 3473 692 3546 vulgo).
728 3473 822 3530 iudico
840 3473 958 3543 (Kleyn,
976 3471 1038 3542 B.)?
