2370 3878
132 207 203 272 650
393 202 571 261 EPISTOLA
590 203 621 269 Q.
640 201 829 267 CICERONIS

133 374 174 418 ao
195 351 340 435 nonu‘ne,
369 351 424 435 qui
446 351 572 415 etiamsi
595 348 846 436 suffragandit
815 349 927 413 studia
950 369 1024 413 non
1047 370 1100 412 na·

135 530 186 592 ius
223 527 433 592 obtinendum
469 528 691 612 magistratus,
726 548 765 590 ex
801 525 920 609 quibus
958 526 1101 590 maxime

134 617 297 716 eonsules,
319 614 433 679 deinde
455 615 578 679 tribuni
600 616 658 698 pl,
680 615 721 678 ad
743 613 964 678 oonfioiendas
990 617 1101 678 centu·

135 704 199 767 rias
221 702 369 767 homines
391 703 558 768 excellenti
581 703 696 787 gratia.
740 702 802 777 Qui
828 701 887 765 abs
915 705 950 765 te
976 702 1101 766 tribum

136 796 193 855 aut
215 791 392 855 centuriam
415 796 472 856 aut
494 791 624 874 aliquod
653 790 842 855 beneficium
864 792 925 854 aut
951 789 1102 855 habeant

135 884 193 943 aut
215 883 358 962 sperent,
385 901 440 943 eos
463 900 594 963 prorsus
622 899 741 964 magno
765 899 860 962 opere
883 881 918 941 et
941 899 1101 963 compara

135 972 169 1031 et
191 967 358 1050 confirma3
381 989 457 1031 nam
479 988 536 1050 per
558 967 618 1031 hos
637 987 741 1032 annos
761 966 910 1031 homines
929 966 1102 1032 ambitiosi

136 1055 342 1119 vehementer
369 1056 458 1119 omni
490 1055 596 1119 studio
624 1059 721 1138 atquo
748 1075 847 1138 opera
873 1053 1102 1137 elaborarunt,

135 1146 173 1207 ut
196 1146 329 1226 possent
351 1165 371 1206 a
392 1143 564 1207 tribulibus
587 1143 653 1207 suis
676 1164 728 1226 ea,
750 1163 832 1226 quae
853 1145 1023 1227 peterent,
1044 1143 1102 1208 im·

135 1235 274 1314 petrare:
297 1232 357 1296 hos
380 1234 416 1295 tu
438 1230 600 1314 homines,
622 1231 873 1314 quibuscumque
896 1232 1029 1314 poteris
1052 1255 1101 1296 ra-

135 1319 293 1402 tionibus,
321 1322 357 1383 ut
379 1340 417 1382 ex
440 1319 549 1383 animo
572 1323 667 1402 atque
691 1341 729 1382 ex
751 1320 808 1383 illa
830 1340 959 1383 summa
984 1322 1103 1386 volun·

96 1426 121 1465 ιι
135 1411 202 1471 tate
221 1408 269 1471 tui
288 1407 422 1472 studiosi
441 1409 515 1491 sint,
538 1407 711 1472 elaborato.
748 1407 839 1482 Quod
858 1407 887 1470 si
907 1407 994 1472 satis
1015 1410 1102 1494 grati

134 1495 281 1559 homines
304 1499 425 1578 esseut,
452 1496 531 1560 baec
553 1496 614 1561 tibi
637 1496 746 1560 omnia
768 1498 881 1579 parata
904 1516 980 1560 esse
1005 1497 1101 1564 debe·

134 1583 228 1665 bant,
201 1583 352 1648 ttsioui
326 1587 492 1666 tparata
515 1604 584 1648 esse
607 1584 747 1666 oonfid03
775 1605 851 1647 nam
872 1583 936 1648 hoo
962 1584 1101 1653 biennio

135 1633 288 1755 quattuor
311 1670 497 1736 sodalitates
528 1672 696 1737 bominum
723 1673 764 1736 ad
786 1671 897 1736 ambit
873 1676 1004 1738 tionem
1028 1696 1101 1760 gra-

133 1760 381 1826 tiosissimorum
403 1760 463 1824 tibi
486 1760 647 1846 obligasti,
668 1759 712 1825 M.
733 1759 903 1843 Fundanii,
926 1759 965 1836 Q.
992 1761 1102 1848 Gallii,

135 1846 169 1913 O.
192 1846 341 1930 Cornelii,
364 1846 570 1913 uerenini:
592 1849 767 1913 horumm
790 1848 894 1913 causis
918 1849 962 1913 ad
988 1855 1023 1916 te
1048 1854 1101 1917 de-

134 1936 275 2001 ferendis
297 1937 411 2038 quidt
397 1937 456 2001 tibi
480 1958 591 2001 eorum
614 1938 739 2002 sodales
757 1937 937 2022 receperint
961 1942 1000 2003 et
1023 1963 1102 2007 oon·

134 2025 302 2109 firmarint,
324 2025 404 2107 seio,
427 2047 503 2089 nam
526 2025 672 2108 interfui3
696 2047 794 2110 quare
811 2026 874 2091 hoo
891 2026 954 2090 tibi
975 2028 1100 2095 facien·

134 2113 283 2178 dumt
234 2117 292 2197 est,
313 2114 412 2179 boot
397 2117 541 2198 tempore
563 2113 964 2198 utab''11squoddebent
985 2118 1101 2204 exigas

134 2223 229 2286 saepe
253 2203 495 2285 commonendo,
517 2203 672 2287 rogando,
695 2202 925 2286 confirmando,
947 2207 1100 2272 curando

134 2291 202 2354 ut
192 2312 227 2353 m
228 2291 380 2375 telligant
401 2291 526 2356 nullum
548 2296 676 2376 tempus
699 2292 786 2355 aliud
806 2313 839 2355 se
857 2312 1019 2374 umquam
1041 2295 1100 2360 ha-

133 2378 181 2442 bit
167 2381 258 2442 turos
281 2379 466 2443 referendae
490 2401 549 2465 gra
549 2380 626 2444 tiae:
649 2380 794 2464 profecto
815 2379 966 2444 homines
987 2386 1023 2446 at
1042 2406 1100 2468 spe

134 2466 329 2550 reliquorum
355 2471 485 2531 tuorum
519 2468 698 2532 officiorum
725 2472 758 2531 et
791 2463 879 2554 [iam]
907 2472 1100 2537 recentibus

93 2584 120 2623 ιο
133 2555 295 2620 beneficiis
323 2555 364 2619 ad
392 2555 533 2619 studium
556 2557 740 2620 navandum
768 2556 1007 2623 excitabuntur.
1056 2560 1102 2626 Et

134 2644 276 2726 omnino,
299 2644 451 2728 quoniam
471 2665 508 2708 eo
528 2663 645 2728 genere
664 2645 877 2710 amicitiarum
895 2645 1017 2728 petitio
1041 2652 1101 2714 tua

134 2733 271 2796 maxime
294 2732 419 2796 munita
442 2737 504 2816 est,
535 2733 620 2815 quod
643 2754 682 2796 ex
705 2754 873 2798 causarum
896 2732 1101 2801 defensioni-

133 2820 194 2882 bus
222 2820 356 2902 adeptus
385 2841 432 2903 es,
464 2820 529 2903 fao,
561 2825 598 2884 ut
625 2822 768 2905 plane‘'
747 2845 787 2886 ns
815 2821 981 2906 omnibus,
1015 2845 1102 2908 quos

134 2907 262 2972 devinet
247 2911 300 2972 tos
331 2911 436 2992 tanes,
472 2871 667 2993 des'enptum
703 2931 741 2974 ao
773 2909 964 2995 dispositum
1000 2933 1103 2979 suum

205 3124 287 3187 o,18.
325 3125 374 3174 aut
396 3120 514 3174 habeant
536 3126 587 3174 out
607 3125 714 3189 spere-ut
736 3119 811 3187 (W.).
857 3123 908 3174 out
925 3123 956 3172 ut
974 3120 1104 3179 babeant

133 3206 173 3258 op.
193 3189 250 3244 Eri.
297 3193 459 3244 ariolaret
481 3192 577 3245 babere
599 3207 639 3259 sp.
664 3192 705 3244 cd.
729 3190 814 3245 Turn.
861 3194 910 3244 aut
934 3190 959 3242 h.
980 3198 1035 3246 aut
1056 3195 1104 3265 [ut

133 3260 261 3330 babeant]
279 3276 320 3329 sp.
338 3262 369 3314 Β.
391 3291 421 3300 -
441 3277 484 3316 eos
501 3277 599 3316 rursus
617 3259 787 3343 (Erf.,·W.)?
826 3267 867 3314 19.
890 3266 997 3328 tempus
1015 3265 1105 3322 aliud

133 3347 325 3456 iiiiiitbqtimliif.
334 3332 414 3471 (iiii
426 3333 503 3457 Titii
506 3334 564 3471 seit
576 3331 727 3456 Itiemmlit
740 3331 821 3472 [iiiiii
841 3332 1005 3457 tigridae?
1017 3352 1103 3474 (Ψ),

131 3473 215 3528 etiam
233 3487 284 3528 ιιι.
304 3472 371 3543 Erf,
392 3472 442 3528 alii
460 3472 521 3529 edd.
567 3478 632 3528 etr.
652 3471 694 3527 ed
712 3472 827 3541 Bouon,
845 3471 877 3527 Β.
922 3477 964 3528 20.
994 3474 1103 3535 deseri·

117 3551 205 3620 ptum
227 3545 309 3621 (llil,
330 3546 439 3623 vulgo).
478 3545 562 3604 discr.
576 3542 739 3609 ΒιιιιιιιιιἸ
744 3541 783 3595 Β.
