2370 3878
130 167 198 228 444
239 126 243 131 Ι
413 167 450 220 Μ.
470 166 592 221 TULLII
610 165 800 221 CICERONIS

128 311 191 375 tias
215 332 327 375 omnes
345 314 454 394 agant,
476 311 573 375 etiam
593 311 793 375 mediocriter
810 333 830 374 a
847 332 898 375 me
915 312 977 376 tibi
998 334 1082 377 com-

129 399 285 480 mendati3
308 420 389 482 qnae
412 398 492 462 mihi
511 400 620 463 omnia
638 405 732 484 grata
749 402 834 482 sunt,
857 399 896 463 de
914 399 949 463 L.
969 399 1083 466 Mesci-

128 489 183 550 nio
207 486 439 570 gratissimum
466 487 511 551 sic
539 489 625 551 enim
653 493 703 551 est
728 508 853 551 mecum
874 488 1015 572 locutus,
1042 493 1087 572 te,

128 578 165 638 ut
188 595 276 638 meas
298 575 423 638 litteras
445 575 576 660 legeris,
599 578 709 640 statim
731 576 993 658 procuratoribus
1016 578 1081 641 suis

128 662 307 746 pollicitum
330 684 399 727 esse
422 664 544 747 omnia,
566 664 668 729 multo
691 685 766 727 vero
789 664 883 747 plura
905 667 938 727 et
960 665 1083 729 maiora

127 750 254 814 fecisse:
281 751 314 814 id
340 751 441 835 igitur
463 789 505 798 —
528 756 607 836 puto
636 753 723 815 enim
745 752 843 815 etiam
866 756 962 834 atque
985 753 1082 816 etiam

128 838 207 902 mihi
231 839 401 903 dicendum
423 860 492 905 esse
515 875 557 886 -
581 841 677 903 velim
699 840 860 903 existimes
882 840 962 903 mihi
984 844 1017 904 te
1038 841 1082 904 fe·

92 937 109 986 2
129 927 209 990 cisse
233 927 460 1012 gratissimum.
505 926 598 1004 Quod
626 928 754 1010 quidem
775 927 838 991 hoc
861 928 1080 992 vehementius

128 1015 244 1099 laetor,
276 1016 361 1099 quod
389 1038 427 1080 ex
458 1017 528 1100 ipso
558 1016 713 1080 Mescinio
745 1020 778 1079 te
805 1016 898 1080 video
929 1037 1081 1101 maguam

128 1107 298 1187 capturum
320 1105 532 1188 voluptatem3
560 1108 609 1168 est
631 1105 717 1167 enim
740 1104 775 1167 in
797 1125 835 1167 eo
859 1126 958 1186 quum
980 1105 1082 1169 virtus

128 1194 161 1254 et
183 1193 327 1276 probitas
355 1197 387 1257 et
410 1215 569 1257 summum
598 1193 738 1257 officinm
761 1214 947 1275 summaque
976 1193 1081 1256 obser·

128 1281 248 1364 cantia,
269 1286 339 1344 tum
358 1281 465 1344 studia
481 1281 537 1345 illa
555 1285 676 1363 nostra,
698 1280 813 1364 quibus
833 1284 928 1344 antea
947 1280 1082 1344 delecta·

128 1368 255 1452 bamur,
286 1389 373 1432 nunc
405 1369 503 1432 etiam
534 1370 679 1433 vivimus,
724 1367 817 1444 Quod
844 1369 1003 1451 reliquum
1025 1373 1088 1451 est,

128 1455 224 1519 velim
247 1476 367 1540 augeas
389 1460 446 1521 tua
472 1457 507 1521 in
531 1479 603 1521 cum
626 1456 780 1521 beneficia
803 1456 951 1521 omnibus
978 1457 1083 1539 rebus,
1133 1534 1136 1539 Ι

129 1564 210 1625 quae
233 1545 266 1606 te
289 1547 385 1607 erunt
407 1544 537 1628 dignae3
565 1550 642 1609 sunt
668 1545 745 1627 duo,
773 1566 853 1628 quae
881 1548 913 1606 te
937 1546 1082 1609 nomina-

128 1631 189 1693 tim
220 1651 313 1715 rogo:
344 1632 497 1716 primum,
528 1635 579 1716 ut,
606 1634 633 1697 si
661 1633 737 1716 quid
765 1632 987 1696 satisdandum
1015 1634 1084 1716 erit,

129 1734 275 1784 AMPLIUS
297 1737 342 1785 ΕΟ
365 1737 497 1785 NOMINE
519 1738 591 1786 NON
613 1738 703 1803 ΡΕΤΙ,
726 1742 829 1804 cures,
851 1724 888 1784 ut
910 1721 1085 1785 satisdetur

128 1806 190 1871 fide
213 1829 298 1891 mea,
325 1808 453 1893 deinde,
476 1831 575 1893 quum
596 1809 664 1873 fere
687 1809 843 1874 consistat
864 1808 1026 1873 hereditas
1048 1811 1085 1873 in

129 1895 168 1958 iis
200 1897 309 1980 rebus,
342 1919 421 1980 quas
449 1898 565 1961 avertit
594 1895 711 1981 Oppia,
743 1919 824 1980 quae
855 1918 936 1960 uxor
967 1896 1084 1960 Mindii

128 1983 206 2067 fuit,
229 1985 359 2049 adiuves
382 1986 534 2069 ineasque
557 1986 730 2067 rationem,
754 1985 1023 2069 quemadmodum
1045 2007 1084 2048 ea

129 2072 244 2136 mulier
275 2073 413 2138 Romam
448 2073 654 2158 perducatur:
691 2073 776 2155 quod
808 2073 836 2136 si
871 2073 994 2156 putarit
1027 2074 1085 2137 illa

129 2159 213 2242 fore,
244 2163 282 2223 ut
308 2162 416 2244 opinio
449 2165 562 2226 nostra
584 2165 646 2244 est,
677 2161 843 2245 negotium
871 2161 1084 2226 conficiemus.

129 2244 201 2310 Hoc
232 2250 270 2310 ut
301 2270 522 2333 assequamur,
556 2254 589 2314 te
620 2248 826 2313 vehementer
857 2249 954 2312 etiam
986 2253 1085 2333 atque

94 2334 229 2398 aetiam
252 2356 346 2420 rogo:
369 2337 457 2421 illud,
481 2338 567 2421 quod
590 2359 687 2421 supra
710 2337 831 2421 scripsi,
855 2336 888 2400 id
902 2337 947 2375 *²¹³
961 2337 997 2401 in
1019 2358 1084 2402 me·

131 2443 192 2505 quc
210 2423 338 2508 recipio,
360 2427 393 2488 te
412 2446 459 2507 ea,
482 2447 563 2508 quae
581 2425 686 2490 fecisti
704 2424 851 2488 Mescinii
873 2446 970 2488 causa
989 2447 1084 2509 quae-

131 2532 192 2593 que
214 2511 342 2595 feceris,
370 2513 522 2576 itabens
545 2513 788 2596 collocaturum,
814 2517 851 2576 ut
873 2513 941 2596 ipse
963 2513 1086 2578 iudices

129 2597 255 2664 homini
277 2603 309 2665 te
333 2600 528 2685 gratissimo,
549 2601 778 2666 iucundissimo
800 2601 939 2684 benigne
957 2601 1089 2684 fecisse,

131 2686 204 2750 volo
228 2688 315 2752 enim
334 2689 436 2774 adid,
458 2689 545 2772 quod
562 2710 634 2754 mea
652 2711 749 2755 causa
765 2689 880 2773 fecisti,
901 2689 963 2754 hoc
987 2690 1087 2753 etiam

131 2774 290 2839 accedere.

201 2998 253 3070 Ep.
276 3005 354 3056 tac.
375 3005 398 3055 1.
434 3006 517 3073 prata
534 3007 608 3068 suat,
626 3003 658 3057 de
677 3003 718 3072 (B.
737 3020 771 3058 er
789 3002 834 3057 W.
853 3002 944 3073 conj.).
986 3018 1023 3072 9.,
1039 3004 1090 3060 sed

130 3070 163 3125 dc
179 3070 217 3125 M.
254 3070 298 3125 An
315 3087 341 3140 p.
359 3075 437 3138 sont,
454 3073 501 3127 sed
523 3073 556 3127 de
579 3073 663 3141 (W.)?
706 3079 731 3127 3.
755 3089 835 3142 ropo;
861 3075 933 3128 illud
950 3073 1026 3142 (Ν).
1063 3092 1087 3128 r.

131 3141 213 3197 Illud
225 3142 319 3211 vulgo.
339 3173 372 3181 -
391 3144 499 3211 scripsi,
517 3144 548 3197 id
566 3147 610 3181 **
628 3145 660 3197 io
673 3143 736 3211 (V.).
772 3160 822 3198 scr.
842 3145 873 3198 id
881 3146 1014 3214 promitto
1031 3145 1090 3212 (vel

125 3212 258 3280 polliceor
275 3213 321 3267 vel
340 3214 467 3280 confirmo
485 3213 531 3268 vel
553 3215 680 3282 spondeo)
703 3215 756 3268 tibi
772 3216 805 3267 ia
828 3214 894 3281 (W.)
919 3217 970 3270 aut
986 3229 1037 3272 scr.
1056 3216 1090 3271 ic

125 3284 257 3351 promitto
272 3284 328 3353 (vel
338 3285 405 3352 poll.
424 3283 470 3340 vel
488 3285 559 3352 conf.
578 3285 624 3340 vel
641 3286 693 3354 sp.)
712 3284 744 3338 ia
763 3284 839 3354 (On).
855 3302 915 3356 scr,
940 3289 1018 3344 video
1036 3291 1076 3343 in.
