2370 3878
156 182 219 245 336
436 181 473 235 Μ.
493 181 616 236 TULLII
634 180 824 236 CICERONIS

153 326 279 410 habuit,
312 326 406 389 dilexi
437 347 560 389 summa
593 347 665 390 cum
692 327 811 409 pietate
840 331 873 390 et
899 327 970 390 fide.
1021 327 1110 402 Quae

152 438 225 480 mea
248 414 408 479 sententia
432 434 541 498 gerere
564 413 644 477 mihi
667 415 770 496 licuit,
797 415 843 477 ita
865 415 941 497 feci,
969 418 1006 478 ut
1029 418 1110 499 opti-

152 524 224 567 mus
252 503 386 586 quisque
418 503 554 565 maxime
586 503 745 585 probarit3
778 502 863 585 quod
895 503 1001 566 iussus
1030 527 1111 587 sum,

153 613 191 655 eo
214 594 358 674 tempore
382 594 477 673 atque
500 591 546 653 ita
568 590 644 673 feci,
671 594 708 654 11
730 594 900 673 appareret
927 592 1028 656 invito
1052 593 1109 655 im-

153 683 301 762 peratum
325 700 402 742 1111.
438 675 537 742 Cuius
560 677 639 741 facti
663 678 873 742 iniustissima
895 679 1017 743 invidia
1041 702 1109 743 eru·

154 768 220 831 dire
244 788 294 830 me
317 766 432 850 potuit,
456 788 548 849 quam
572 766 712 830 iucunda
733 767 866 830 libertas
885 771 918 831 11
936 790 1032 850 quam
1052 771 1108 831 mi·

154 877 224 918 sera
247 855 306 918 sub
330 854 548 918 dominatione
571 855 639 917 vita
662 859 753 918 esset.
798 855 863 938 Ita,
887 857 913 918 si
936 856 968 918 id
993 857 1108 940 agitur,

153 948 190 1006 ut
211 965 321 1006 rursus
344 943 379 1006 in
397 945 558 1027 potestate
578 944 687 1006 omnia
705 943 800 1006 unius
820 944 894 1027 sint,
917 945 1108 1027 quicumque

153 1033 180 1094 is
203 1036 260 1114 est,
284 1031 312 1094 ei
335 1052 386 1095 me
408 1031 562 1114 profiteor
584 1031 760 1115 inimicum,
781 1053 840 1095 1111
858 1033 1036 1114 periculum
1060 1039 1109 1096 est

153 1120 262 1202 ullum,
286 1119 371 1202 quod
394 1141 453 1201 pro
476 1120 624 1183 libertate
653 1123 709 1183 aut
732 1119 891 1203 refugiam
920 1125 976 1183 aut
1000 1121 1108 1204 depre-

117 1219 134 1266 4
153 1230 217 1290 cer,
241 1209 297 1272 sed
320 1208 467 1271 consules
490 1229 593 1290 neque
618 1211 748 1272 senatus
768 1209 916 1272 consulto
935 1230 1038 1290 neque
1057 1210 1107 1272 lit-

151 1297 228 1361 teris
261 1296 326 1359 suis
358 1299 588 1378 praeceperant
611 1296 704 1379 mihi,
736 1296 812 1378 quid
843 1296 998 1377 facerem,
1026 1320 1107 1360 unas
1156 1308 1161 1315 '

152 1387 238 1448 enim
270 1387 344 1467 post
375 1382 452 1448 Idus
478 1382 613 1447 Martias
641 1384 768 1447 demum
797 1407 816 1446 a
846 1383 952 1447 Pansa
984 1386 1107 1449 litteras

152 1473 274 1556 accepi,
301 1473 336 1535 in
359 1472 473 1554 quibus
496 1472 645 1536 hortatur
667 1495 732 1555 me,
760 1476 796 1535 ut
820 1474 946 1536 senatui
970 1474 1107 1537 scribam

152 1565 258 1625 meet
285 1561 458 1624 exercitum
484 1560 519 1624 in
542 1564 702 1644 potestate
730 1560 797 1624 eius
827 1562 984 1625 futurum:
1013 1563 1107 1645 quod,

152 1671 251 1732 quum
282 1649 421 1731 Lepidus
453 1650 698 1712 concionaretur
730 1652 826 1733 atque
855 1650 1003 1713 omnibus
1032 1652 1106 1713 scri-

151 1738 241 1801 beret
269 1759 301 1801 se
330 1738 511 1802 consentire
539 1759 612 1802 cum
634 1737 792 1820 Antonio,
820 1739 957 1800 maxime
981 1742 1105 1802 contra-

150 1826 234 1890 rium
256 1826 332 1908 fuit3
355 1847 431 1889 nam
454 1826 569 1909 quibus
593 1825 825 1890 commeatibus
844 1827 946 1889 invito
970 1827 1026 1890 illo
1049 1849 1107 1910 per

151 1915 237 1978 illius
261 1913 458 1997 provinciam
482 1914 626 1998 legiones
651 1913 821 1978 ducerem?
850 1918 922 1996 aut,
947 1915 973 1977 si
1002 1919 1107 1979 cetera

150 2003 351 2085 transissem,
378 2025 456 2066 num
484 2003 581 2066 etiam
604 2001 704 2086 Alpes
727 2005 874 2085 poteram
897 2005 1107 2086 transvolare,

151 2113 232 2174 quae
255 2091 414 2173 praesidio
438 2091 524 2155 illius
546 2090 719 2154 tenentur?
743 2090 823 2154 adde
842 2090 913 2173 huc,
933 2091 1018 2173 quod
1037 2113 1106 2174 per-

150 2179 228 2243 ferri
254 2179 380 2242 litterae
408 2179 498 2243 nulla
520 2179 707 2243 condicione
730 2182 920 2263 potuerunt3
948 2181 1105 2242 sexcentis

151 2267 237 2329 enim
258 2266 338 2330 locis
362 2266 579 2351 excutiuntur,
604 2267 718 2330 deinde
741 2268 838 2331 etiam
861 2267 1041 2330 retinentur
1064 2269 1104 2329 ab

115 2365 131 2412 5
151 2354 272 2438 Lepido
295 2354 463 2419 tabellarii
501 2354 586 2421 Illud
608 2377 659 2419 me
683 2353 850 2420 Cordubae
872 2378 932 2438 pro
951 2355 1105 2419 concione

150 2444 266 2507 dixisse
298 2465 392 2508 nemo
424 2443 553 2509 vocabit
584 2444 620 2508 in
647 2443 792 2527 dubium,
824 2444 1022 2526 provinciam
1054 2465 1105 2507 me

149 2532 239 2614 nulli,
257 2532 321 2596 nisi
339 2532 393 2614 qui
412 2531 453 2596 ab
473 2535 586 2596 senatu
601 2532 717 2595 missus
731 2532 880 2614 venisset,
898 2531 1104 2595 traditurum:

149 2641 234 2704 nam,
254 2621 292 2684 de
310 2621 438 2704 legione
456 2620 618 2685 tricesima
636 2620 793 2683 tradenda
813 2624 950 2702 quantas
975 2624 1104 2684 conten-

148 2709 254 2772 tiones
285 2708 467 2793 habuerim,
499 2708 575 2791 quid
608 2729 668 2793 ego
703 2707 862 2772 scribam?
894 2729 959 2790 qua
986 2709 1106 2771 traditu

149 2801 270 2879 quanto
302 2818 361 2879 pro
393 2819 427 2860 re
463 2797 593 2880 publica
628 2796 785 2861 infirmior
820 2795 948 2860 futurus
980 2795 1105 2878 fuerim,

149 2885 220 2967 quis
252 2885 403 2970 ignorat?
439 2885 500 2949 hac
533 2885 619 2949 enim
653 2885 780 2970 legione
812 2885 881 2953 noli
913 2883 1016 2948 acrius
1050 2887 1106 2948 aut

148 2973 328 3057 pugnacius
356 2973 530 3057 quidquam
558 2977 672 3056 putare
699 2995 776 3037 esse.
823 2971 927 3047 Quare
958 2994 1032 3035 eum
1055 2993 1105 3035 me

149 3061 296 3125 existima
315 3083 392 3144 esse,
411 3062 466 3145 qui
484 3062 623 3146 primum
637 3062 725 3145 pacis
744 3060 967 3144 cupidissimus
987 3061 1048 3123 sim
1063 3096 1104 3106 -—

149 3170 260 3213 omnes
275 3149 361 3213 enim
376 3149 460 3214 cives
473 3151 570 3233 plane
585 3149 697 3214 studeo
712 3171 781 3213 1111
796 3149 902 3213 111111
917 3184 968 3231 -,
990 3148 1104 3212 deinde

149 3239 203 3318 qui
227 3240 260 3301 et
281 3258 332 3301 me
356 3241 389 3303 et
411 3259 478 3302 rem
500 3238 663 3321 publicam
686 3236 848 3301 vindicare
870 3237 905 3300 in
923 3237 1106 3300 libertatem

113 3333 129 3381 6
147 3330 280 3408 paratus
296 3326 365 3390 sim.
393 3324 485 3402 Quod
499 3326 691 3390 familiarem
705 3346 813 3390 meum
826 3328 956 3389 tuorum
971 3346 1105 3388 numero

189 3512 246 3582 Ep.
268 3522 314 3588 3¹,
333 3525 356 3574 6.
398 3537 491 3579 marm
510 3526 626 3578 tuorum
645 3536 673 3575 1.
693 3517 763 3589 (le.
799 3515 1079 3578 11.111.1.1.,1.

95 3754 170 3823 Α
