2370 3878
131 159 193 223 108
411 160 448 214 Μ.
467 159 591 215 TULLII
610 158 800 215 CICERONIS

129 304 348 388 percipias-
368 305 453 387 quod
477 304 574 368 etiam
597 304 700 368 maius
723 304 824 368 videri
847 305 930 369 solet
952 340 1004 388 -,
1027 328 1073 369 nn

94 405 190 455 nnus
217 391 373 456 laborare.
422 392 469 455 At
494 392 555 456 tibi
582 392 644 476 ipsi
672 391 841 456 dicendum
871 393 933 456 erit
954 393 1088 479 aliquid,

129 480 214 562 quod
237 501 304 544 non
323 480 453 563 sentias,
477 483 533 545 aut
552 479 745 563 faciendum,
769 481 854 564 quod
871 501 939 545 non
957 482 1086 565 probes,

127 567 271 631 Primum
298 569 436 652 tempori
464 568 588 651 cedere,
614 569 647 632 id
675 571 725 632 est
751 569 936 633 necessitati
962 592 1086 656 parere,

129 677 253 739 semper
286 656 440 739 sapientis
468 660 517 720 est
547 656 708 740 habitum,
736 656 849 721 deinde
881 678 950 722 non
976 657 1087 743 habet,

127 747 165 807 ut
191 765 278 808 nunc
306 745 435 828 quidem
462 748 524 827 est,
550 744 583 808 id
611 745 682 809 vitii
709 766 772 809 res:
806 745 909 809 dicere
935 745 1086 831 fortasse,

129 853 209 914 quae
238 833 371 917 sentias,
398 855 466 898 non
493 834 581 918 licet,
607 836 713 897 tacere
740 834 836 917 plane
858 834 947 916 licet3
974 835 1088 898 omnia

128 921 214 983 enim
241 921 348 985 delata
375 920 416 985 ad
442 943 543 986 unum
575 926 664 986 suut:
693 923 720 985 is
749 922 851 986 utitur
883 923 1019 987 consilio
1041 945 1085 987 ne

128 1030 259 1073 suorum
292 1009 434 1094 quidem,
466 1011 521 1074 sed
552 1032 624 1093 su03
656 1010 742 1094 quod
768 1031 837 1074 non
865 1011 967 1074 multo
992 1033 1085 1076 secus

127 1097 231 1182 ficret,
254 1098 331 1163 siis
354 1121 423 1163 rem
445 1099 607 1183 publicam
629 1101 767 1180 teneret,
790 1120 885 1182 quem
908 1100 1009 1164 secuti
1033 1122 1084 1164 su·

127 1207 212 1249 mus:
236 1207 287 1270 an,
310 1187 365 1269 qui
387 1187 422 1249 in
444 1187 539 1269 bello,
562 1209 661 1270 quum
680 1187 823 1251 omnium
840 1191 989 1252 nostrum
1009 1209 1084 1252 con·

127 1274 273 1338 iunctum
291 1276 376 1338 esset
393 1274 579 1357 periculum,
602 1296 659 1338 suo
684 1278 716 1338 et
734 1279 894 1339 certorum
913 1276 1085 1340 hominum

128 1361 258 1424 minime
290 1361 439 1445 prudent
429 1384 496 1425 lum
524 1361 657 1426 consilio
685 1365 842 1447 uteretur,
873 1384 946 1427 eum
978 1366 1084 1450 magis

128 1470 330 1514 communem
362 1470 528 1513 censemus
559 1450 594 1513 in
625 1450 691 1514 vict
692 1451 761 1516 oria
790 1415 937 1516 sciturum
973 1452 1084 1538 fuisse,

129 1558 225 1620 quam
248 1536 409 1600 incertis
400 1559 436 1601 in
458 1537 553 1601 rebus
571 1538 707 1603 fuisset?
732 1543 772 1622 et,
795 1540 850 1624 qui
873 1561 932 1604 nec
954 1543 987 1604 te
1007 1563 1083 1606 con·

128 1626 196 1688 sule
222 1628 315 1689 tuum
342 1626 615 1709 sapientissimum
642 1627 811 1693 considium
840 1631 968 1692 secutus
997 1635 1084 1695 esset

127 1735 187 1776 nec
213 1713 313 1777 fratrc
339 1717 397 1778 tuo
425 1715 627 1779 consulatum
659 1737 698 1779 ex
725 1713 916 1780 auctoritate
942 1720 1000 1781 tua
1028 1738 1083 1803 ge·

126 1805 217 1866 rente
185 1802 341 1867 trobis
373 1802 557 1868 auctoribus
589 1804 637 1868 uti
668 1805 818 1887 voluerit,
852 1825 939 1868 nunc
972 1807 1083 1870 omnia

126 1894 292 1956 tenentem
318 1895 446 1958 nostras
477 1896 548 1956 seut
550 1914 590 1956 en
591 1893 653 1956 tius
685 1892 939 1957 desideraturum
970 1914 1082 1959 censes

92 1979 248 2043 afuisse?
294 1978 411 2044 Omnia
439 1984 515 2045 sunt
541 1982 659 2046 misera
685 1981 720 2044 in
746 1981 839 2045 bellis
867 1981 1013 2046 civilibus
1038 2020 1080 2029 —

128 2088 209 2150 quae
231 2068 369 2132 maiores
391 2070 495 2133 nostri
517 2091 558 2133 ne
578 2069 676 2134 semel
696 2069 833 2152 quidem,
855 2073 968 2134 nostra
991 2074 1081 2136 aetas

127 2176 222 2238 saepe
243 2155 309 2219 iam
332 2157 433 2221 sensit
456 2193 511 2242 -,
538 2158 594 2221 sed
617 2156 762 2220 miserius
785 2158 866 2221 nihil
890 2157 988 2241 quarn
1009 2159 1082 2244 ipsa

127 2242 271 2326 victoria,
293 2264 383 2327 quae,
407 2244 532 2308 etiamsi
550 2245 591 2308 ad
609 2244 756 2309 meliores
777 2246 875 2330 venit,
897 2250 1007 2310 tumen
1025 2269 1080 2312 eos

126 2331 214 2414 ipsos
235 2330 408 2396 ferociores
426 2332 732 2416 impotentioresque
750 2333 864 2417 reddit,
885 2337 932 2418 ut,
954 2334 1081 2400 etiamsi

126 2421 244 2482 natura
270 2419 352 2484 tales
378 2441 446 2484 non
474 2420 554 2505 sint,
584 2421 775 2486 necessitate
807 2443 876 2486 esse
900 2426 1081 2526 cogentum

126 2509 228 2574 multa
250 2507 337 2572 enim
359 2508 473 2573 victori
496 2530 607 2574 eorum
629 2509 739 2573 arbit'
699 2512 776 2594 trio,
802 2532 860 2594 per
887 2532 967 2595 quos
994 2512 1081 2596 vicit,

127 2597 259 2661 etiam
250 2597 353 2662 invito
318 2597 528 2661 tfacienda
559 2602 643 2662 sunt.
697 2596 796 2661 Ant
782 2602 819 2662 tu
850 2620 918 2663 non
948 2599 1081 2665 videbas

125 2706 251 2750 mecum
269 2685 374 2769 simui,
396 2706 493 2769 quam
511 2686 567 2749 illa
586 2685 721 2750 crudelis
743 2690 827 2751 esset
848 2687 959 2752 futura
981 2688 1080 2753 victo·

125 2772 196 2836 ria?
226 2773 326 2858 igitur
357 2777 428 2838 tum
455 2795 582 2858 quoque
614 2795 737 2839 careres
764 2775 882 2860 patria,
911 2798 967 2877 ne,
998 2798 1080 2860 quae

125 2861 243 2944 nolles,
270 2861 416 2926 rideres?
465 2861 587 2946 „Non“,
617 2863 758 2947 inquies,
788 2883 867 2948 „ego
894 2865 980 2929 enirn
1011 2865 1080 2949 ipse

125 2952 268 3014 tenerem
280 2971 376 3052 ..opes
393 2953 425 3014 et
447 2950 587 3052 dignitat
589 2971 639 3015 em
661 2973 774 3016 meam
775 2950 793 2984 “
837 2951 883 3016 At
909 2956 979 3017 erat
1004 2957 1080 3017 tuae

126 3038 286 3103 virtutis
276 3060 312 3102 1n
334 3039 475 3103 minimis
498 3042 571 3104 tuas
594 3061 645 3103 res
668 3062 801 3125 ponere,
828 3040 867 3104 de
890 3063 924 3104 re
952 3041 1082 3125 publica

125 3127 347 3192 vehementius
368 3127 525 3192 laborare.
566 3127 691 3192 Deinde
715 3129 770 3212 qui
792 3129 866 3192 finis
889 3129 982 3194 istius
1005 3151 1081 3194 con·

195 3285 247 3355 Ep.
268 3290 336 3353 9,1.
382 3285 524 3354 percipias
537 3316 570 3325 —
586 3286 658 3355 quod
736 3286 803 3340 sorec
820 3317 868 3352 —,
890 3287 981 3342 minae
1004 3285 1081 3356 (W.).

123 3370 162 3423 p,
180 3372 203 3425 q.
285 3371 317 3422 a,
335 3371 368 3409 m.
388 3355 483 3426 vulgo.
533 3361 558 3410 3.
591 3357 717 3412 anilibus
735 3387 768 3396 -
787 3372 857 3425 quac
936 3357 1019 3412 sensit
1038 3387 1082 3423 —,

125 3427 172 3481 aed
191 3427 266 3496 (W.).
303 3443 335 3494 c,
353 3442 423 3496 qaae
437 3467 443 3480 .
455 3467 460 3480 .
473 3467 479 3480 .
493 3441 531 3493 e.,·
548 3427 595 3482 scd
608 3427 638 3483 B.
658 3457 692 3468 ·-
711 3432 770 3482 tum
787 3442 891 3497 quoque
905 3427 979 3496 (W.).
1016 3431 1083 3483 tunc

122 3513 150 3566 q.
168 3497 262 3568 vulgo.
