2370 3878
129 135 172 198 94
414 135 450 188 Μ.
466 132 590 190 TULLII
609 132 800 191 CICERONIS

128 280 336 345 coniunctum
364 279 534 344 consilium
556 282 649 344 tuum
673 300 747 345 cum
769 301 856 365 meo,
879 281 1087 366 supersedeas

126 368 190 434 hoc
220 367 330 432 labore
362 366 501 452 itineris3
532 368 584 432 sin
616 369 724 433 autem
752 372 814 453 est,
847 369 933 454 quod
960 390 1088 435 mecum

128 455 364 522 communicare
391 456 484 541 velis,
512 475 572 542 ego
599 458 633 521 te
660 457 862 542 exspectabo.
907 456 972 543 Tu,
1000 458 1088 543 quod

127 547 184 608 tuo
204 543 371 609 commodo
390 543 457 628 fiat,
476 564 574 629 quam
591 544 734 629 primum
751 546 848 610 velim
866 546 987 631 venias,
1005 547 1088 612 sicut

126 631 271 697 intellexi
294 635 327 697 et
350 629 461 697 Servio
484 636 517 698 et
538 631 724 699 Postumiae
749 634 885 719 plaeere.
929 633 1022 700 Vale.

573 825 633 892 ΠΙ.

191 937 246 992 Sor.
266 937 373 993 Itomae
392 939 510 994 exeunte
527 953 623 995 mense
643 937 802 1008 Septembri
828 956 852 993 a.
871 957 898 995 n
917 956 940 995 c.
961 946 1022 995 708.

317 1061 353 1118 M.
374 1060 503 1119 CICERO
523 1061 550 1116 S.
568 1060 602 1116 D.
623 1060 701 1117 SER.
721 1061 895 1118 SULPICIO.

94 1176 108 1223 1
195 1160 412 1226 Vehementer
437 1163 471 1226 te
498 1181 567 1226 esse
590 1161 766 1227 sollicitum
788 1165 822 1227 et
847 1162 883 1227 in
911 1163 1087 1228 eommuni-

128 1253 189 1315 bus
215 1249 353 1313 miseriis
384 1249 557 1334 praecipuo
586 1249 727 1332 quodam
754 1249 866 1315 dolore
893 1250 971 1336 angi
993 1251 1088 1316 multi

129 1340 171 1402 ad
193 1358 253 1401 nos
277 1336 420 1420 quotidie
443 1336 606 1419 deferunt3
628 1337 715 1420 quod
738 1358 933 1423 quamquam
955 1338 1087 1404 minime

128 1426 229 1491 miror
252 1428 285 1489 et
306 1445 414 1489 meum
433 1424 671 1508 quodammodo
691 1444 842 1510 agnosco,
866 1426 958 1492 doleo
976 1429 1089 1493 tamen

128 1520 162 1580 te
195 1512 353 1599 sapientia
384 1512 567 1596 praedItum
597 1533 699 1598 prope
731 1514 890 1600 singulari
923 1536 992 1580 nou
1022 1516 1088 1581 tuis

129 1602 224 1670 bonis
248 1601 399 1666 delectari
421 1601 530 1686 potius
558 1622 656 1686 quam
679 1601 792 1668 alienis
815 1603 909 1668 malis
931 1599 1089 1669 laborare.

130 1689 184 1756 Me
207 1689 352 1774 quidem,
380 1688 440 1754 etsi
462 1689 585 1756 nemini
608 1690 763 1776 concedo,
790 1691 845 1774 qui
872 1691 1026 1757 maiorem
1049 1712 1089 1757 ex

130 1779 271 1865 pernicie
299 1782 332 1842 et
357 1781 447 1863 peste
480 1779 527 1844 rei
558 1778 705 1864 publicae
736 1779 919 1845 molestiam
945 1780 1089 1865 traxerit,

131 1875 241 1934 tamen
254 1868 356 1932 multa
369 1868 434 1932 iam
453 1867 663 1933 consolantur
675 1866 876 1952 maximeque
891 1867 1090 1933 conscientia

132 1958 338 2023 consiliorum
368 1977 527 2041 meorum3
557 1956 660 2022 multo
693 1956 780 2021 enim
815 1959 890 2020 ante
922 1959 1091 2040 tamquam

132 2067 170 2110 ex
198 2045 305 2128 aliqua
336 2046 466 2129 specula
496 2044 648 2130 prospexi
678 2047 904 2129 tempestatem
935 2043 1090 2129 futuram,

131 2154 235 2217 neque
253 2131 286 2196 id
305 2132 410 2198 solum
427 2154 499 2198 mea
517 2136 642 2218 sponte,
665 2131 721 2196 sed
739 2132 842 2198 multo
862 2130 961 2197 etiam
983 2133 1089 2219 magis

131 2225 283 2288 monente
307 2223 339 2284 et
361 2219 571 2284 denuntiante
593 2221 640 2301 te3
663 2219 724 2283 etsi
743 2220 829 2285 enim
850 2219 918 2285 afui
935 2240 1091 2307 magnam

104 2314 257 2396 ‘partem
280 2309 467 2373 consulatus
489 2306 552 2392 tui,
578 2309 689 2371 tamen
715 2310 749 2373 et
771 2307 888 2374 absens
916 2328 1090 2394 cognosce·

131 2399 216 2482 bam,
239 2417 321 2481 quae
344 2400 430 2461 esset
450 2398 508 2461 tua
530 2395 566 2460 in
587 2394 650 2460 hoc
668 2395 822 2480 pestifero
835 2396 921 2463 bello
945 2397 1089 2463 cavendo

134 2491 167 2552 et
188 2484 401 2573 praedicendo
425 2484 600 2569 sententia,
627 2487 660 2549 et
681 2483 750 2569 ipse
773 2484 850 2550 affui
872 2485 984 2570 primis
1006 2488 1090 2551 tem-

133 2577 265 2662 poribus
283 2573 332 2639 tui
353 2574 549 2657 consulatus,
566 2593 665 2657 quum
683 2572 921 2638 accuratissime
933 2573 1091 2639 monuisti

134 2661 446 2738 senatumcollectis
465 2661 615 2727 omnibus
633 2660 727 2726 bellis
746 2661 903 2746 civilibus,
925 2665 962 2727 ut
981 2665 1014 2727 et
1031 2661 1091 2726 illa

133 2754 294 2835 timerent,
316 2770 398 2835 quae
416 2749 647 2835 meminissent,
669 2753 702 2815 et
722 2749 850 2834 scirent,
873 2770 972 2834 quum
996 2770 1089 2834 supe-

134 2841 235 2905 riores
248 2839 339 2903 nullo
356 2838 416 2903 tali
435 2838 581 2923 exemplo
600 2840 697 2903 antea
714 2837 750 2903 in
766 2858 801 2904 re
815 2837 944 2922 publica
957 2837 1096 2924 cognito.

134 2932 202 2994 tam
221 2927 364 2993 crudeles
383 2926 531 3011 fuissent,
553 2925 744 3012 quicumque
762 2929 876 3010 postea
895 2946 964 2991 rem
985 2925 1090 3011 publi·

136 3039 206 3083 cam
229 3015 442 3102 oppressisset
465 3014 576 3100 armis,
603 3016 705 3080 multo
732 3013 1018 3080 intolerabiliorem
1039 3012 1089 3078 lu·

133 3110 257 3190 turum3
283 3125 373 3189 nam,
396 3104 482 3188 quod
505 3102 650 3188 exemplo
672 3102 723 3188 fit,
749 3102 783 3167 id
810 3102 907 3167 etiam
929 3101 998 3167 iure
1020 3100 1091 3166 fieri

135 3197 265 3279 putant,
297 3193 353 3259 sed
385 3192 506 3278 aliquid
537 3194 633 3276 atque
665 3191 745 3256 adeo
772 3190 875 3255 multa
906 3188 1031 3256 addunt
1058 3191 1091 3255 et

100 3282 275 3351 sufferunt
297 3282 336 3348 de
359 3302 427 3348 suo.
472 3278 576 3357 Quare
604 3278 787 3344 meminisse
815 3276 911 3344 debes
939 3299 1007 3364 eos,
1035 3278 1091 3360 qui

136 3371 361 3438 auctoritatem
379 3373 412 3435 et
429 3367 599 3438 consilium
617 3369 709 3433 tuum
728 3386 797 3432 non
815 3366 883 3433 sint
900 3364 1010 3452 secuti,
1032 3384 1091 3431 sua

137 3457 276 3524 stultItia
302 3457 467 3543 ocoicIIsse,
494 3476 593 3541 quum
625 3458 684 3520 tua
713 3454 886 3541 prudentia
913 3452 1000 3520 salvi·
1020 3472 1091 3518 esse
