2370 3878
402 176 661 231 EPISTULARUM
680 176 701 229 l.
721 182 745 230 9.
1015 176 1055 239 31

94 323 217 389 nostris
237 322 515 405 delectationibus,
533 320 686 403 consequi
704 320 891 404 poterimus,
910 319 943 384 id
962 342 1058 386 omne

96 412 139 477 ad
161 411 332 477 arbitrium
354 414 456 494 tuum,
479 409 535 493 qui
557 408 637 473 haec
658 430 787 493 semper
810 409 935 492 amasti,
956 409 1057 473 liben-

95 499 222 565 tissima
253 498 464 565 conferemus.
517 496 606 573 Quae
639 497 679 561 ad
711 519 762 561 me
795 497 833 561 dc
864 498 930 562 tuis
961 498 1057 562 rebus
1076 508 1110 557 24

96 588 282 654 domesticis
301 587 414 652 scribis
433 607 578 670 quaeque
596 585 676 649 mihi
696 587 910 670 commendas,
931 607 969 649 ca
987 590 1057 649 tan-

95 680 151 743 tae
174 676 254 741 mihi
277 697 372 740 curae
395 679 480 759 sunt,
502 677 540 738 ut
561 696 613 739 me
632 673 734 738 nolim
753 674 928 758 admoneri,
950 676 1059 760 rogari

95 786 174 830 vcro
190 763 259 828 sine
272 784 392 849 magno
412 764 523 828 dolore
541 763 595 827 vix
615 763 745 846 possim.
782 761 874 838 Quod
894 762 932 827 de
947 761 1059 838 Quinti
1172 828 1175 833 ,

95 852 208 918 fratris
226 853 359 938 negotio
378 852 500 935 scribis,
516 854 550 915 te
563 851 671 935 priore
690 854 822 935 aestate,
841 850 926 935 quod
945 852 1058 916 morbo

97 940 274 1026 impeditus
297 940 332 1004 in
356 938 502 1005 Ciliciam
524 960 593 1004 non
614 940 790 1023 transieris,
813 940 969 1004 conficere
992 962 1060 1005 non

97 1029 254 1115 potuisse,
276 1049 364 1093 nunc
387 1031 495 1092 autem
519 1028 628 1092 omnia
650 1027 822 1111 facturum,
843 1031 880 1091 ut
900 1028 1060 1111 conficias,

98 1118 133 1183 id
156 1118 237 1183 scito
262 1138 332 1182 csse
356 1115 526 1198 eiusmodi,
554 1118 591 1179 ut
617 1115 718 1179 frater
740 1136 830 1178 meus
853 1135 927 1178 vere
954 1116 1060 1179 existi·

99 1208 167 1271 met
199 1206 352 1270 adiuncto
385 1205 448 1268 isto
476 1203 578 1268 fundo
606 1203 836 1287 patrimonium
870 1202 939 1267 fore
967 1225 1061 1267 suum

99 1296 213 1378 perte
237 1293 459 1358 constitutum.
496 1290 546 1356 Tu
568 1312 620 1356 me
643 1292 682 1357 dc
704 1291 770 1356 tuis
792 1291 887 1356 rebus
912 1292 1060 1358 omnibus

101 1382 195 1446 etde
218 1380 349 1449 Lentuli
372 1381 421 1445 tui
443 1381 609 1465 nostrique
633 1380 747 1444 studiis
771 1383 804 1443 et
827 1381 1060 1446 exercitationi·

101 1470 162 1534 bus
184 1470 282 1535 velim
311 1491 409 1553 quam
436 1469 685 1533 familiarissime
713 1469 882 1533 certiorem
909 1473 942 1533 et
964 1491 1061 1553 quam

102 1558 287 1643 saepissime
323 1557 425 1622 facias
457 1558 681 1640 existimesque
713 1557 875 1621 neminem
913 1558 1061 1642 cuiquam

101 1668 206 1730 neque
229 1646 384 1710 cariorem
407 1667 512 1730 neque
535 1646 755 1710 iucundiorem
778 1668 931 1730 umquam
953 1646 1062 1729 fuisse,

102 1757 200 1819 quam
222 1738 255 1798 te
277 1734 371 1819 mihi,
397 1734 494 1818 idque
516 1755 567 1799 mc
594 1755 662 1799 non
684 1734 781 1799 modo
809 1738 846 1798 ut
872 1738 909 1798 tu
932 1735 1062 1818 sentias,

102 1823 159 1888 sed
181 1826 219 1888 ut
242 1844 353 1887 omnes
377 1826 491 1908 gentes
514 1824 612 1886 etiam
635 1825 668 1886 et
690 1823 862 1906 posteritas
887 1823 991 1886 omnis
1014 1823 1061 1886 in-

103 1911 231 1996 telligat
250 1932 318 1975 esse
337 1910 508 1974 facturum.
544 1910 671 1995 Appius
689 1911 725 1974 in
744 1910 945 1977 sermonibus
966 1913 1062 1974 antea
1080 1921 1112 1969 25

104 1999 284 2083 dictitabat,
305 2002 420 2084 postea
443 1999 524 2062 dixit
546 2000 643 2062 etiam
666 1999 701 2061 in
720 2001 834 2062 senatu
852 1999 961 2082 palam
985 2020 1062 2082 sese,

106 2087 135 2150 si
160 2086 286 2150 licitum
312 2091 397 2151 essct
425 2086 531 2171 legem
558 2087 714 2150 curiatam
745 2086 841 2170 ferre,
873 2087 1062 2152 sortiturum

105 2195 175 2239 esse
195 2195 268 2238 cum
286 2176 410 2260 collega
427 2175 619 2258 provincias,
641 2175 668 2238 si
682 2175 806 2245 curiata
819 2177 870 2241 lex
887 2197 956 2240 non
970 2179 1063 2260 esset,

105 2285 139 2328 se
164 2267 424 2347 comparaturum
447 2284 521 2327 cum
539 2264 663 2348 collega
685 2263 807 2348 tibique
829 2285 1061 2329 successurum:

105 2352 300 2436 'flegemque
328 2353 484 2416 curiatam
514 2352 638 2416 consuli
670 2350 749 2416 ferri
781 2374 862 2438 opus
894 2375 977 2438 esse,
1008 2375 1062 2418 ne·

106 2461 193 2505 cesse
206 2461 276 2504 non
294 2461 377 2524 esse3
396 2463 438 2524 se,
460 2441 613 2524 quoniam
627 2463 665 2505 ex
679 2444 809 2506 senatus
829 2443 976 2507 consulto
990 2463 1062 2525 pro-

104 2528 245 2592 vinciam
263 2527 407 2613 haberet,
421 2530 493 2614 lege
513 2526 662 2593 Cornelia
680 2530 850 2614 imperium
868 2530 1063 2613 habiturum,
1176 2592 1180 2599 .

106 2615 213 2701 quoad
240 2616 276 2680 in
302 2617 415 2681 urbem
441 2617 616 2682 introisset.
660 2616 747 2703 Ego,
775 2618 851 2701 quid
874 2618 915 2681 ad
937 2621 970 2681 te
993 2622 1063 2682 tuo-

104 2726 178 2769 rum
208 2704 343 2788 quisquc
370 2706 625 2770 necessariorum
652 2707 784 2789 scribat,
806 2706 929 2787 nesci03
958 2706 1064 2771 varias

107 2813 176 2857 esse
200 2792 370 2876 opiniones
393 2794 554 2879 intelligo:
585 2797 674 2876 sunt,
698 2795 753 2878 qui
776 2797 893 2878 putent
914 2816 1009 2878 posse
1031 2797 1064 2860 te

106 2902 175 2945 non
202 2881 369 2966 decedere,
400 2882 486 2966 quod
519 2883 587 2946 sine
614 2882 687 2966 lege
715 2883 838 2947 curiata
868 2883 930 2947 tibi
959 2905 1065 2948 succe·

107 2969 326 3055 datur31unt
353 2969 463 3054 ctiam,
491 2971 560 3054 qui,
586 2971 615 3035 si
642 2970 789 3056 decedas,
820 2974 900 3036 ate
927 2972 1065 3056 relinqui

179 3231 229 3303 Ep.
249 3240 275 3300 9,
294 3239 336 3286 24.
372 3234 478 3299 scribis,
496 3236 522 3288 te
540 3233 615 3302 (W.).
651 3233 748 3288 scribis
765 3238 791 3288 te
808 3233 903 3303 vulgo.
921 3261 957 3272 —
977 3237 1067 3300 uentu

108 3301 189 3357 etiam
207 3308 232 3356 et
246 3319 277 3370 p.
302 3303 536 3374 (Marini-Lag).
576 3318 616 3372 9.,
635 3305 716 3358 etium
733 3309 765 3357 ut
786 3303 873 3373 vulgo
898 3303 940 3369 (ut
957 3317 990 3356 ex
1008 3303 1065 3372 Μ.).

108 3378 150 3426 25.
183 3379 407 3441 comparaticium
435 3375 509 3443 (W.).
556 3379 651 3442 parat.
678 3374 743 3428 ΜΒ.
769 3404 804 3414 -
831 3374 987 3441 ficumque
1009 3389 1065 3428 σιντ.

109 3442 218 3512 (MW.).
261 3443 343 3512 legem
365 3461 421 3499 cur.
446 3445 521 3513 (Em.
540 3444 583 3515 B.)
607 3446 657 3499 aut
675 3445 756 3514 leuem
774 3445 882 3513 quidem
900 3458 922 3497 e.
947 3443 1013 3513 (W.)
1032 3472 1066 3485 ·-

106 3518 182 3579 suast,
199 3515 249 3583 qui
263 3518 363 3583 puteat
381 3516 443 3586 (A).
480 3530 501 3570 a
520 3516 570 3585 qui
581 3520 688 3587 putam
705 3515 773 3574 ΜΒ.
