2370 3878
471 182 687 239 PRAEFATIO.
1031 186 1057 241 V

96 363 190 428 quem
213 342 293 426 dixi,
314 341 504 407 fasciculum
527 343 696 407 reservavi.
741 340 901 426 Tempora
924 343 1057 427 scripta-

94 470 167 513 rum
185 448 371 512 datarumve
390 446 598 530 epistolarum
616 447 725 531 paullo
744 448 936 530 accuratius,
959 470 1058 533 quam

94 553 171 617 fecit
193 552 356 636 Baiterus,
383 551 492 616 studui
518 551 659 616 definire.
708 550 959 619 Distinctionem
986 574 1057 617 sen-

95 657 283 741 tentiarum,
312 678 393 742 quae
420 658 457 722 in
484 656 629 740 epistolis
658 657 779 722 scilicet
800 658 903 722 multo
926 657 1057 723 maioris

96 784 193 846 quam
220 763 254 826 in
287 762 358 826 aliis
389 761 480 826 libris
508 762 664 827 momenti
691 765 753 845 est,
785 762 850 826 iam
882 784 901 827 a
927 760 1058 827 Baitero

96 887 216 952 magna
244 888 283 930 ex
312 869 404 949 parte
429 866 632 931 emendatam
659 870 696 930 ut
718 867 822 952 magis
845 868 944 932 etiam
966 868 1059 951 perfi-

97 992 214 1056 cerem,
246 991 361 1055 operae
392 971 588 1054 permultum
616 970 696 1035 dedi.
751 971 872 1046 Quibus
903 972 1060 1058 Madvigii

96 1078 159 1141 mei
183 1076 435 1142 correctionibus
458 1073 556 1161 (quae
578 1076 704 1139 utinam
727 1077 829 1141 multo
852 1078 959 1159 plures
982 1077 1059 1141 fuis-

99 1180 202 1265 sentt)
230 1182 307 1246 olim
341 1181 422 1245 mihi
450 1181 575 1246 occasio
608 1180 719 1244 utendi
750 1181 840 1244 nulla
871 1181 989 1264 fuerat,
1021 1182 1060 1246 iis

97 1286 181 1351 hanc
205 1285 379 1351 editionem
402 1287 527 1369 omavi3
549 1286 640 1349 nulla
662 1289 828 1369 praeterea
846 1308 931 1350 nova
955 1307 1060 1351 emen·

99 1389 196 1453 dandi
220 1391 362 1455 subsidia
383 1391 483 1456 habui
505 1391 569 1455 nisi
586 1389 708 1455 Klotzii
731 1391 904 1456 editionem
926 1393 1061 1456 alteram

99 1499 132 1557 et
167 1493 299 1560 Krausii
333 1495 639 1579 ‚‚Emendationes“‚
681 1496 796 1580 quibus
832 1499 1062 1562 nonnullorum

98 1600 243 1664 locorum
280 1601 511 1665 correctionem
552 1605 716 1683 acceptam
749 1601 864 1686 refero.
936 1601 1061 1665 Discre-

99 1704 246 1786 pantiam
260 1726 350 1769 meae
364 1705 515 1772 editionis
529 1727 549 1769 a
562 1704 762 1789 Baiteriana‚
781 1707 809 1769 si
823 1728 842 1770 a
857 1706 1063 1770 distinctione

101 1809 256 1874 orationis
276 1813 371 1894 atque
393 1832 412 1874 a
432 1811 603 1875 verborum
622 1810 855 1895 orthographia
872 1810 1064 1895 discesseris,

102 1935 229 1978 omnem
266 1915 397 1998 eiusque
435 1914 643 1980 auctoritates
686 1937 783 1999 quam
819 1915 1063 1999 diligentissime

101 2018 242 2082 indicavi
265 2019 474 2083 annotatione
498 2019 557 2082 sub
581 2020 651 2102 ipso
679 2021 770 2083 textu
792 2021 911 2104 posita,
938 2020 972 2085 in
1001 2043 1065 2104 qua

102 2143 162 2207 ego
187 2144 258 2186 sum
280 2122 315 2186 iu
343 2122 487 2205 epistolis
516 2122 557 2186 ad
579 2121 813 2206 „Familiares“
835 2125 930 2190 etad
954 2125 989 2200 Q.
1013 2125 1064 2189 Fr.

101 2228 215 2292 iisdem
246 2227 313 2291 fere
344 2228 431 2291 notis
463 2249 540 2292 usus
573 2231 668 2312 atque
697 2227 848 2312 Orellius‚
880 2234 916 2294 ut
947 2231 994 2294 M.
1024 2231 1066 2294 sit

102 2333 201 2398 codex
210 2331 382 2416 Mediceus,
395 2354 418 2397 c.
429 2331 671 2417 Cratandrinus‚
684 2333 725 2397 A.
739 2334 786 2397 ed.
796 2335 1066 2419 ,‚antiquissima“‚

103 2438 144 2502 N.
168 2437 216 2501 ed.
239 2435 456 2523 Neapolitana
481 2439 579 2522 1474,
602 2438 642 2503 R.
666 2439 714 2502 ed.
738 2437 888 2503 Romana
912 2440 1010 2520 1470,
1032 2438 1065 2504 J.

103 2542 150 2605 ed.
173 2540 373 2607 Jensoniana
398 2544 497 2625 1470,
520 2547 593 2626 cet.;
620 2543 807 2627 scripturas,
831 2544 858 2607 si
882 2565 963 2627 quse
987 2544 1067 2607 mihi

105 2647 207 2731 magis
243 2648 389 2712 minusve
425 2647 566 2713 incertae
602 2648 806 2730 videbantur,
846 2648 1066 2730 interrogandi

104 2752 197 2836 siguo
224 2753 347 2836 notavi,
379 2773 540 2837 quumque
566 2752 674 2835 plures
701 2752 808 2835 posui,
840 2752 945 2836 prima
973 2774 1066 2836 quae·

104 2877 165 2940 que
187 2857 416 2940 probatissima
438 2856 518 2921 mihi
539 2856 606 2920 fere
629 2857 699 2922 fuit.

176 3008 280 3078 Scripsi
289 3009 407 3077 Viburgi
416 3009 446 3062 in
455 3008 600 3064 Jutlandia
608 3023 703 3064 menso
712 3008 860 3063 Decembri
875 3025 898 3062 a.
909 3028 1064 3064 uococcxxr.

307 3252 497 3326 Albortus
526 3250 732 3326 Sadolinus
759 3251 1014 3342 Wesenberg.
