2370 3878
185 153 251 220 662
441 154 621 212 EPISTOLA
640 155 671 223 Q.
691 155 887 215 CICERONIS

184 299 348 383 tantisque
375 302 557 365 versantem
584 300 686 367 vitare
713 300 947 389 offensionem,
979 306 1089 373 vitare
1113 307 1152 375 fa·

184 388 307 471 bulum,
343 387 445 453 vitare
475 388 626 473 insidias,
662 408 731 455 esse
762 410 865 456 unum
897 392 1079 461 hominem
1109 418 1150 462 ac·

184 475 423 542 commodatum
450 476 491 541 ad
518 480 644 543 tantam
673 498 799 544 mamm
826 500 865 543 ac
893 500 1094 549 sermonum
1119 505 1149 551 ac

143 588 170 629 aa
184 565 389 630 voluntatum
416 564 614 630 varietatem.
664 564 769 643 Quare
797 567 896 633 etiam
927 573 1036 654 atque
1061 572 1150 639 ctiam

184 672 282 738 perge
308 656 418 718 tenere
443 653 541 719 istam
564 654 663 738 mam,
690 674 787 739 quam
808 655 1002 723 instituisti:
1039 663 1151 727 excelle

184 740 333 823 dicendo;
364 738 431 808 hoc'
458 746 492 806 et
516 745 669 808 tenentur
691 741 814 809 Romae
840 743 998 813 homines
1030 752 1067 814 et
1088 750 1147 814 alli·

184 828 314 894 ciuntur
344 833 378 894 et
409 830 451 895 ab
482 830 685 915 impediendo
722 851 760 896 ac
792 832 952 900 laedendo
988 838 1147 921 repellun·

183 920 245 981 tur.
289 914 347 1002 ur,
374 917 527 1002 quoniam
553 919 589 983 in
615 919 678 985 hoe
704 920 755 985 vel
781 920 919 985 maxime
950 927 1006 988 cst
1034 925 1150 992 vitiosa

184 1005 312 1090 civitas,
341 1007 427 1090 quod
455 1006 629 1092 largitione
655 1008 847 1092 interposite
873 1008 1011 1075 virtutis
1041 1033 1082 1079 ac
1106 1014 1149 1079 di·

184 1094 318 1179 gnitatis
342 1095 488 1160 oblivisci
511 1096 606 1179 solet,
632 1095 668 1160 in
690 1095 752 1162 hoc
778 1096 891 1162 tacut
917 1101 952 1163 te
980 1099 1072 1166 bene
1094 1123 1150 1168 nc·

183 1182 241 1265 ris,
268 1181 301 1247 id
329 1186 391 1267 est,
418 1187 456 1249 ut
482 1183 645 1269 intelligas
672 1204 746 1250 eum
773 1205 842 1249 esse
870 1188 919 1267 te,
947 1188 1008 1270 qui
1040 1189 1145 1255 iudicii

184 1291 221 1335 ac
243 1271 377 1354 periculi
399 1274 521 1338 metum
543 1273 718 1337 maximum
741 1272 1010 1356 competitoribus
1035 1277 1150 1343 afferre

183 1358 301 1443 possis3
332 1359 397 1443 lac,
430 1382 464 1425 se
492 1364 530 1425 ut
561 1361 619 1425 abs
650 1364 683 1424 te
715 1361 871 1426 custodiri
903 1365 1004 1446 atque
1040 1366 1144 1431 obser·

182 1448 252 1510 rari
275 1448 391 1512 sciant:
418 1470 518 1533 quum
545 1448 747 1533 diligentiam
772 1454 876 1529 tuam,
903 1471 1006 1533 quum
1037 1457 1144 1519 aucto·

182 1534 313 1599 ritatem
348 1537 476 1620 vimque
512 1536 655 1621 dicendi,
694 1540 764 1602 tum
799 1537 945 1621 protecto
982 1542 1144 1623 equestris

144 1644 170 1684 ce
185 1622 307 1688 ordinis
330 1644 407 1709 erga
428 1628 463 1689 te
486 1624 628 1689 studium
650 1626 885 1710 pertimescent.
927 1624 1042 1710 Atque
1065 1630 1142 1694 haec

183 1711 230 1776 ita
252 1712 326 1779 volo
349 1715 382 1777 te
404 1712 469 1777 illis
491 1733 686 1798 proponere,
712 1734 780 1780 non
801 1716 839 1779 ut
860 1713 988 1779 videare
1014 1737 1140 1783 accusa·

183 1800 305 1866 tionem
332 1801 398 1867 iam
424 1801 586 1886 meditari,
618 1802 674 1867 sed
700 1806 738 1866 ut
769 1801 831 1867 hoc
857 1804 981 1867 terrore
1013 1803 1142 1870 facilius

182 1888 245 1953 hoc
272 1889 392 1974 ipsum,
419 1890 505 1974 quod
533 1891 617 1976 agis,
644 1910 848 1974 consequare.
897 1888 942 1954 Et
969 1891 1071 1974 plane
1098 1894 1141 1958 sic

184 1977 342 2043 contende
366 1979 515 2045 omnibus
538 1979 646 2044 neruis
668 2000 706 2043 ac
727 1977 950 2073 facultatibuq,
979 1983 1018 2045 ut
1042 1980 1141 2065 adipi·

184 2084 324 2148 scamur,
353 2067 439 2150 quod
467 2067 614 2151 petimus.
663 2065 767 2132 Video
794 2067 884 2131 nulla
911 2086 982 2132 esse
1009 2070 1142 2134 comitia

183 2156 251 2219 tam
272 2155 442 2238 inquinata
463 2155 646 2240 largitione,
668 2155 784 2238 quibus
806 2175 874 2220 non
892 2155 994 2240 gratis
1013 2157 1142 2241 aliquae

184 2243 346 2308 centuriae
377 2244 567 2308 renuntient
601 2264 677 2309 suos
713 2262 831 2328 magno
866 2263 962 2327 opere
994 2264 1140 2310 neeessa-

10 2344 32 2351 ··
144 2350 170 2392 u
183 2330 258 2395 rios.
303 2329 422 2414 Quare,
454 2332 482 2397 si
514 2332 725 2418 advigilamus
757 2352 817 2415 pro
843 2331 890 2396 rei
919 2331 1083 2416 dignitate
1110 2336 1143 2398 et

184 2417 212 2483 si
238 2420 368 2483 nostros
396 2419 436 2483 ad
464 2441 625 2486 summum
652 2419 794 2485 studium
820 2419 995 2484 benevolos
1023 2422 1141 2486 excita·

182 2527 256 2572 mus
283 2510 316 2572 ct
343 2506 370 2572 si
397 2506 582 2574 bominibus
609 2508 761 2593 gratiosis
793 2507 1008 2590 studiosisque
1036 2510 1143 2575 nostri

185 2616 279 2661 suum
302 2596 417 2681 cuique
439 2616 557 2662 munus
580 2595 789 2660 describimus
816 2599 850 2661 et
872 2596 900 2660 si
923 2598 1142 2680 competitori-

183 2684 245 2750 bus
258 2684 412 2751 iudicium
424 2684 644 2769 proponimus,
662 2683 879 2767 sequestribus
897 2687 1020 2750 metum
1038 2686 1143 2751 iniici·

184 2792 265 2855 mus,
288 2772 442 2837 divisores
462 2772 588 2838 ratione
606 2772 714 2856 aliqua
737 2777 929 2856 coircemus,
950 2772 1062 2855 perfici
1086 2796 1144 2858 po·

184 2863 262 2943 test,
295 2862 334 2924 ut
363 2861 493 2946 largitio
526 2864 584 2927 aut
614 2861 705 2927 nulla
735 2860 793 2926 liat
824 2864 881 2926 aut
911 2859 994 2924 nihil
1025 2863 1145 2927 valeat.

144 2963 171 3004 ⁵8
186 2947 277 3013 Haec
300 2951 385 3031 sunt,
407 2969 489 3032 quae
511 2950 623 3034 putavi
640 2970 709 3016 non
728 2949 842 3014 melius
865 2949 946 3013 scire
969 2968 1020 3013 me
1044 2971 1145 3033 quam

183 3041 231 3120 te,
267 3037 323 3103 sed
354 3036 480 3103 facilius
511 3039 563 3103 his
596 3038 662 3104 tuis
693 3037 958 3122 occupationibus
990 3037 1146 3122 colligere

184 3126 344 3190 nnumin
366 3126 472 3192 locum
494 3147 589 3210 posse
612 3131 646 3191 et
673 3127 714 3191 ad
740 3129 773 3191 te
800 3124 978 3209 perscripta
1000 3125 1146 3191 mittere:

185 3234 267 3298 quae
294 3215 423 3280 tametsi
449 3215 496 3281 ita
523 3218 600 3280 sunt
627 3214 760 3301 scripta,
790 3217 922 3281 utnon
951 3211 993 3278 ad
1021 3233 1149 3303 omues,

257 3497 299 3561 14,
314 3497 356 3547 55.
391 3491 518 3549 institisti
536 3491 656 3565 (Grut.)t
