2370 3878
215 172 473 236 EPISTOLARUM
490 173 540 229 AD
560 173 591 239 Q.
611 173 785 228 FRATREM
803 173 837 228 ΙΙ.
858 181 881 230 7.
900 181 925 230 8.
981 175 1046 239 605

94 319 131 382 in
153 318 281 382 Afranii
309 319 514 401 sententiam,
544 323 651 382 contra
678 340 775 402 quam
802 338 863 403 ego
897 318 1047 400 dixeram,

94 428 195 488 quum
218 410 253 470 tu
277 407 418 489 adesses,
446 406 502 470 sed
529 427 647 491 magno
676 428 748 470 eum
771 407 893 490 gemitu
917 410 1047 470 senatus

95 495 243 559 consules
266 516 333 560 non
358 499 433 559 sunt
455 495 614 577 persecuti
637 515 748 558 eorum
771 494 961 577 sententias,
985 494 1048 577 qui,

95 581 232 646 Afranio
256 605 355 667 quum
378 585 487 647 essent
509 582 645 667 assensi,
668 581 872 667 addiderunt,
899 586 936 646 ut
958 603 1048 664 prae-

95 674 181 734 tores
208 671 255 734 ita
282 674 478 753 crearentur,
505 675 542 734 ut
569 671 636 734 dies
664 671 832 754 sexaginta
858 671 975 752 privati
1002 691 1047 734 es·

95 762 180 822 sent:
218 781 255 823 eo
288 759 338 822 die
371 757 527 823 Catonem
562 760 658 841 plane
694 758 912 841 repudiarunt.
966 757 1050 832 Quid

93 846 219 909 multa?
251 849 365 911 tenent
392 847 512 930 omnia,
539 847 634 930 idque
661 847 708 911 ita
736 867 847 911 omnes
869 846 1048 930 intelligere

95 933 219 998 volunt.

484 1143 575 1233 un·
598 1141 661 1232 ur

337 1255 393 1312 Ser.
412 1273 506 1312 mense
525 1257 599 1312 Maio
619 1273 643 1311 a.
662 1276 689 1311 u.
709 1274 731 1311 c.
752 1263 811 1312 699.

243 1379 388 1437 MARCUS
408 1380 547 1447 QUINTO
567 1380 701 1434 FRATRI
721 1378 900 1435 SALUTEM.

164 1478 214 1544 Tu
237 1482 366 1565 metuis,
393 1502 434 1545 ne
462 1504 512 1546 me
535 1480 742 1564 interpelles?
786 1479 943 1562 Primum,
967 1479 994 1544 si
1017 1479 1076 1544 inr

97 1569 160 1632 isto
184 1589 296 1653 essem,
318 1573 354 1634 tu
378 1571 450 1653 scis,
472 1571 548 1653 quid
572 1571 614 1633 sit
635 1569 854 1652 interpellare3
877 1589 919 1631 an
941 1571 974 1632 te
997 1568 1052 1645 †a

96 1659 129 1720 te
152 1656 203 1719 is?
226 1658 405 1722 mehercule
428 1658 508 1722 mihi
531 1659 644 1722 docere
668 1657 784 1722 videris
807 1658 899 1721 istius
924 1657 1050 1740 generis

97 1745 346 1829 humanitatem,
377 1766 442 1829 qua
469 1747 597 1830 quidem
624 1766 684 1830 ego
714 1744 796 1808 nihil
823 1747 898 1810 utor
925 1745 982 1807 abs
1009 1747 1050 1807 te.

98 1831 147 1895 'Pu
170 1854 246 1896 vero
271 1837 307 1897 ut
333 1854 384 1897 me
412 1837 445 1897 et
467 1834 608 1916 appelles
637 1836 669 1896 et
695 1832 880 1913 interpelles
908 1834 941 1894 et
964 1830 1051 1894 oblo-

98 1940 196 2002 quare
220 1924 253 1983 et
271 1922 452 2004 colloquare
472 1922 580 2003 velim3
603 1921 679 2004 quid
698 1919 784 1984 enim
802 1919 882 1982 mihi
900 1918 1051 1982 suavius?

97 2029 165 2070 non
192 2009 371 2073 mehercule
399 2009 568 2092 quisquam
600 2003 869 2092 μουσοπάτακτος
899 2007 1052 2070 libentius

98 2117 157 2159 sua
188 2097 329 2160 recentia
360 2101 510 2180 po'e'mata
540 2099 633 2182 legit,
672 2117 768 2180 quam
800 2115 860 2180 ego
892 2098 924 2158 te
956 2094 1051 2159 audio

99 2205 298 2268 quacumque
322 2185 360 2250 de
383 2208 431 2270 re,
453 2186 583 2269 publica
605 2186 745 2268 privata,
771 2183 891 2247 rustica
914 2182 1052 2266 urbana3

98 2272 154 2335 sed
177 2293 249 2337 mea
271 2273 392 2337 factum
416 2279 465 2338 est
487 2275 610 2338 insulsa
632 2271 836 2355 verecundia,
865 2273 903 2336 ut
923 2275 956 2335 te
979 2293 1051 2354 pro-

97 2360 243 2425 ficiscens
275 2382 342 2425 non
373 2363 532 2427 tollerem:
570 2361 749 2445 opposuisti
786 2361 883 2425 semel
919 2353 1052 2424 ἀναντί·

98 2452 215 2513 λεκτον
237 2470 376 2533 oausam,
399 2449 562 2515 Ciceronis
580 2451 684 2515 nostri
703 2448 929 2531 valetudinem,
951 2449 1051 2512 conti-

98 2538 162 2619 cui3
185 2538 302 2602 iterum
325 2537 503 2624 Cicerones,
526 2538 640 2622 quievi.
684 2536 780 2602 Nunc
807 2537 887 2600 mihi
908 2536 1079 2600 iucundi-2

97 2626 174 2689 tatis
201 2628 298 2709 plena
327 2628 464 2710 epistola
494 2626 557 2692 hoc
589 2627 725 2710 aspersit
755 2625 934 2708 molestiae,
966 2624 1052 2707 quod

97 2715 223 2799 videris,
245 2736 287 2779 ne
310 2716 389 2779 mihi
412 2718 566 2781 molestus
590 2737 689 2798 esses,
715 2714 836 2778 veritus
863 2733 932 2776 esse
955 2718 1051 2794 atque

98 2803 195 2865 etiam
217 2823 305 2866 nune
327 2805 439 2868 vereri.
483 2804 660 2887 Litigarem
682 2806 802 2884 tecum,
831 2801 859 2864 si
881 2801 931 2864 fas
955 2803 1051 2882 esset3

99 2889 154 2952 sed
186 2888 379 2973 mehercule,
415 2891 498 2954 istuc
530 2892 557 2954 si
588 2912 742 2973 umquam
775 2889 955 2972 suspicatus
987 2909 1051 2970 ero,

97 2976 180 3042 nihil
204 2977 308 3040 dicam
331 2977 418 3041 aliud
440 2978 504 3042 nisi
526 2979 669 3062 verebor,
690 2977 878 3061 nequando
899 2997 959 3060 ego
981 2976 1051 3058 tibi,

98 3085 197 3146 quum
216 3087 287 3128 sum
300 3086 374 3149 una,
397 3066 552 3132 molestus
571 3068 639 3130 sim.
675 3064 778 3130 Video
797 3069 829 3129 te
848 3064 1050 3149 ingemuisse.

168 3291 228 3361 Ep:
240 3297 264 3358 7,
279 3298 303 3346 3.
339 3293 509 3358 scatentium,
527 3297 718 3360 contraquam
735 3290 829 3360 (sch).
864 3306 896 3355 s,
914 3306 938 3358 q.
957 3289 1049 3356 Mar,

96 3361 190 3432 vulgo.
226 3378 257 3427 s,
275 3363 307 3416 ic
324 3379 406 3431 quom
423 3363 547 3432 Kayser,
566 3363 597 3418 B.
634 3363 729 3432 Ep.8‚
754 3369 776 3416 1.
817 3365 867 3427 †o
885 3365 910 3413 te
932 3361 957 3414 ie
980 3360 1049 3427 (Ml,

95 3432 310 3571 ΞῖξιῐιέἙξιίεΒιε
323 3433 382 3487 Ma.
414 3434 502 3488 antae
516 3440 530 3487 1
546 3433 588 3488 od.
603 3433 671 3504 Reg.
704 3437 786 3486 antec
804 3433 824 3486 L
846 3429 965 3485 Statius
979 3431 1050 3500 (L.)?
