2370 3878
299 190 558 249 EPISTOLARUII
576 194 636 247 XII.
658 200 770 249 18-21.
950 193 1013 255 403

50 340 98 405 ad
121 342 155 403 tc
178 360 355 422 numquam
376 338 477 402 habui
501 339 551 401 cui
574 338 692 421 darem,
715 338 792 421 quin
816 336 970 401 dederim:
994 360 1014 400 a

50 433 99 512 te,
119 430 156 491 ut
173 427 258 491 idem
276 426 385 509 facias,
407 429 492 510 peto,
514 427 548 489 in
567 426 740 509 primisque
758 430 796 489 ut
813 426 860 490 ita
878 425 919 490 ad
939 429 1013 490 tuos

53 515 190 600 scribas,
212 518 250 579 ut
271 535 322 578 me
345 518 438 578 tuum
462 514 565 577 sciant
588 534 661 579 esse.

500 705 572 772 XX.

334 819 390 874 Sor.
409 820 514 874 Romae
534 835 606 873 anno
625 819 740 873 incerto,

307 941 435 996 CICERO
459 941 666 997 CORNIFICIO
692 942 767 997 SAL.

125 1040 243 1106 Gratas
271 1040 351 1104 mihi
376 1044 451 1104 tuae
479 1042 618 1125 litterae,
645 1042 708 1105 nisi
736 1042 821 1126 quod
849 1039 1014 1106 Sinuessa·

57 1152 138 1195 num
153 1130 402 1195 deversoriolum
424 1130 661 1212 contempsisti3
683 1152 779 1213 quam
794 1130 922 1215 quidem
941 1152 1015 1194 con·

57 1218 226 1283 tumeliam
253 1218 329 1282 villa
356 1218 473 1300 pusilla
496 1218 606 1300 iniquo
635 1218 742 1283 animo
770 1219 864 1302 feret,
891 1220 953 1283 nisi
981 1220 1015 1282 in

59 1306 205 1373 Cumano
230 1309 262 1370 et
284 1304 481 1388 Pompeiano
504 1305 678 1370 reddideris
702 1304 811 1367 πάντα
831 1304 908 1386 περὶ
930 1304 1014 1367 πάν-

58 1414 138 1456 των.
183 1392 235 1458 sic
266 1394 366 1477 igitur
397 1393 495 1458 facies
527 1416 639 1477 meque
677 1395 799 1458 amabis
832 1398 864 1458 et
896 1395 1014 1476 scripto

59 1481 168 1565 aliquo
191 1482 342 1564 lacesses3
369 1502 429 1566 ego
458 1482 543 1546 enim
570 1484 763 1566 respondere
790 1482 915 1546 facilius
943 1505 1016 1565 pos·

59 1591 133 1634 som
165 1590 261 1653 quam
292 1591 475 1653 provocare.
529 1569 621 1646 Quod
652 1572 691 1655 si,
724 1575 761 1635 ut
788 1592 835 1654 es,
867 1571 1016 1653 cessabis,

57 1658 229 1741 lacessam,
255 1679 315 1722 nec
337 1663 394 1722 tua
416 1659 547 1743 ignavia
574 1660 671 1723 etiam
698 1658 776 1724 miti
797 1659 946 1723 inertiam
970 1659 1015 1722 af·
1065 1706 1070 1717 .

58 1747 151 1810 feret
196 1745 294 1810 Plura
317 1746 452 1830 otiosus3
474 1747 563 1831 haec,
586 1769 685 1831 quum
708 1767 810 1811 essem
832 1748 867 1811 in
893 1751 1016 1824 senatu,

59 1854 198 1899 exaravi

495 2026 584 2092 XXI.

284 2138 342 2194 Sor.
360 2155 455 2194 mense
473 2139 579 2193 incerto
598 2154 623 2193 a.
642 2157 668 2192 u.
688 2155 711 2193 c.
732 2144 792 2194 710.

314 2262 442 2317 CICERO
461 2262 667 2318 CORNIFICIO
688 2263 763 2318 SAL.

130 2358 165 2426 C.
188 2360 334 2446 Anicius,
357 2363 524 2425 familiaris
547 2384 650 2447 meus,
676 2363 726 2427 vir
749 2363 898 2427 omnibus
921 2364 1016 2427 rebus

60 2453 210 2534 ornatus,
237 2451 442 2535 negotiorum
469 2473 600 2515 suorum
627 2472 723 2516 causa
753 2452 880 2536 legatus
908 2452 1017 2515 estin

60 2536 208 2602 Africam
231 2539 393 2623 legatione
412 2538 524 2602 libera:
549 2560 622 2603 eum
639 2540 736 2603 velim
752 2541 849 2603 rebus
868 2539 1017 2603 omnibus

61 2625 194 2690 adiuves
218 2648 411 2710 operamque
430 2627 494 2710 deS,
516 2630 553 2690 ut
571 2649 668 2710 quam
686 2627 941 2693 commodissime
960 2648 1018 2689 sua

60 2714 196 2798 negotia
218 2715 376 2799 conficiat,
398 2715 432 2778 in
454 2716 638 2799 primisque,
661 2715 746 2799 quod
770 2717 799 2779 ei
818 2715 1017 2779 carissimum

62 2805 121 2884 esc,
139 2801 330 2903 dignitatem
350 2803 418 2867 eius
436 2803 496 2866 tibi
515 2804 713 2887 commendo,
731 2804 826 2886 idque
845 2826 864 2868 a
881 2806 914 2867 te
933 2807 1018 2888 peto,

62 2852 181 2973 qudd
172 2911 241 2972 ipse
263 2891 299 2953 in
321 2891 486 2974 provincia
509 2891 614 2955 facere
643 2913 714 2955 sum
742 2892 855 2956 solitus
877 2913 945 2957 non
967 2914 1017 2956 ro·

62 2981 168 3062 gatus,
190 2982 227 3042 ut
250 2979 399 3044 omnibus
418 2980 620 3043 senatoribus
638 2978 767 3044 lictores
786 2980 909 3082 darem3
932 2980 1018 3081 quod

60 3066 147 3129 idem
175 3086 360 3150 acceperam
386 3070 419 3130 et
445 3068 477 3130 id
502 3088 715 3152 cognoveram
739 3090 758 3131 a
781 3069 913 3133 summis
940 3069 1017 3130 viris

60 3154 254 3218 factitatum.
295 3153 367 3219 Hoc
389 3155 497 3239 igitur,
520 3156 565 3219 mi
588 3153 748 3240 Cornifici,
769 3155 941 3220 faciest
891 3160 941 3219 cet
942 3155 1017 3217 eris-

133 3380 184 3451 Ep.
204 3387 246 3437 20.
285 3381 529 3437 CORNIFICIO
548 3382 630 3437 SAL.
651 3383 725 3451 (Ν).
772 3380 1018 3436 CORNIFICIO

59 3451 106 3519 M,
125 3451 220 3521 uulgo.
257 3458 289 3505 ut
307 3469 334 3507 es
352 3458 476 3519 cessator,
494 3454 609 3508 cacabis
627 3452 793 3520 (Mfiller.)??
829 3451 880 3522 Ep.
900 3457 943 3506 21.
974 3451 1017 3504 Ex

60 3522 150 3576 altero
168 3522 204 3574 Μ.
225 3523 352 3592 exemplo
372 3524 414 3578 W.
435 3522 546 3579 addidil
563 3523 649 3581 SAL.

762 3618 822 3676 26*
