2370 3878
306 170 309 175 '
358 167 617 224 EPISTOLARUM
635 168 709 224 XIV
728 174 753 223 3
771 167 1052 231 Ι1485

93 337 149 382 me
172 317 351 396 venturam,
374 333 434 398 ego
457 333 543 396 vero,
567 334 666 396 quum
689 312 788 377 sciam
806 331 960 403 magnam
983 334 1054 395 par-

95 409 166 468 tem
187 402 281 468 istius
306 402 412 467 oneris
432 400 540 466 abste
507 401 719 483 tesustineri,
740 405 774 464 te
792 392 865 464 i'stie
884 419 953 464 esse
972 402 1054 465 volo

99 490 135 557 Si
158 489 318 576 perficitis,
341 489 427 573 quod
447 489 553 574 agitis,
575 509 626 553 me
648 488 688 552 ad
705 509 763 552 vos
783 488 891 552 venire
915 491 1056 572 opertet,

100 580 153 644 sin
179 582 353 643 autem—
377 577 432 642 sed
459 577 542 642 nihil
575 597 655 661 opus
683 580 733 640 est
758 576 882 660 reliqua
909 575 1055 641 seribere.

98 667 151 731 Ex
172 666 285 751 primis
314 669 371 730 aut
400 687 561 730 summum
584 664 731 730 secundis
754 664 871 729 litteris
893 665 958 729 tuis
981 684 1056 729 eon·

100 756 234 819 stituere
265 755 456 838 poterimus,
488 752 565 837 quid
596 752 691 818 nobis
718 752 901 817 faciendum
934 752 987 817 111.
1019 755 1056 816 tu

99 842 197 907 modo
221 842 262 906 ad
284 863 336 907 me
358 842 456 906 velim
474 842 583 907 omnia
601 840 846 926 diligentissime
868 840 1057 925 perscribas,

99 930 162 994 etsi
185 929 290 1015 magis
312 931 378 994 iam
400 950 467 994 rem
486 951 584 1013 quam
601 929 725 993 litteras
744 928 844 994 debeo
865 932 1057 1013 exspectare

100 1015 196 1101 Cura,
219 1021 257 1081 ut
279 1018 441 1083 valeaset
426 1018 510 1082 tita
536 1017 597 1081 tibi
619 1016 827 1101 persuadeas,
849 1016 929 1109 inihi
950 1020 983 1080 te
1007 1037 1057 1080 ea·

100 1106 168 1168 rius
191 1104 273 1169 nihil
298 1125 367 1170 esse
389 1126 449 1170 nee
471 1126 625 1189 umquam
647 1106 756 1170 fuisse
792 1092 1057 1189 1111111111-

100 1192 220 1275 rantis,
253 1213 350 1277 quam
381 1213 442 1279 ego
474 1193 581 1258 videre
613 1194 736 1258 videor:
767 1193 877 1278 itaque
909 1192 1021 1256 debilit
1006 1195 1058 1256 tor

100 1280 252 1345 lacrimis.
296 1279 388 1346 Vale
432 1278 484 1345 Pr.
507 1280 579 1346 Kal
602 1280 679 1346 Dee.

549 1490 606 1558 IV.

184 1599 241 1655 Ser.
260 1600 402 1658 Brundisii
419 1603 492 1673 prid.
511 1602 652 1660 Kalendas
670 1603 761 1659 Maias
780 1619 804 1659 a.
824 1622 850 1658 u.
870 1621 893 1658 c.
913 1611 972 1658 6911.

104 1722 259 1778 TULLIUS
275 1723 301 1780 S.
314 1724 348 1780 D.
364 1725 638 1851 TERENTIASEIJHFSJT
653 1724 810 1782 TULLIAE
825 1726 873 1781 ET
888 1726 1059 1782 CICERONI

169 1891 243 1978 Ego
267 1893 373 1959 minus
397 1916 491 1979 saepe
515 1896 556 1960 do
575 1895 617 1960 ad
634 1916 691 1961 vos
709 1896 844 1980 litteras,
867 1917 963 1980 quarn
985 1911 1092 1980 pos-1

103 2002 189 2063 sum,
220 1985 391 2065 propterea
418 1984 504 2067 quod
532 2006 642 2068 quum·
663 1984 771 2049 omnia
802 1984 882 2048 mihi
913 1988 1089 2067 tempora.

104 2072 182 2133 sunt
202 2069 328 2153 misera,
351 2075 420 2134 tum
442 2093 528 2156 vero,
551 2094 650 2156 quum
668 2077 725 2137 aut
744 2073 847 2138 scribo
867 2072 907 2136 ad
926 2094 984 2136 vos
1003 2076 1059 2136 aut

102 2159 227 2221 vestras
259 2120 346 2242 legii,
378 2159 529 2226 conficior
551 2161 691 2225 lacrimis
724 2162 781 2244 sie,
812 2165 851 2226 ut
880 2160 964 2225 ferre
991 2182 1059 2225 non

102 2244 234 2326 possim.
285 2243 377 2321 Quod
404 2248 530 2312 utinam
561 2249 667 2313 minus
695 2249 779 2313 vitae
809 2249 916 2334 cupidi
946 2249 1058 2314 fuisse-

102 2334 188 2397 musl
211 2336 296 2398 certe
319 2334 402 2399 nihil
425 2340 571 2401 autnon
593 2338 766 2402 multum
757 2359 792 2401 111
819 2338 887 2402 vita
914 2338 991 2401 mali
1014 2338 1058 2402 vi-

102 2419 269 2486 dissemus.
307 2420 407 2498 ‘Quod
438 2424 465 2487 si
492 2445 552 2489 nos
576 2424 616 2488 ad
644 2426 783 2509 aliquam
806 2425 946 2491 alicuius
974 2446 1058 2490 eom·

100 2506 191 2571 modi
210 2508 382 2593 aliquando
401 2513 612 2596 recuperandi
626 2534 716 2598 spem
729 2513 861 2579 fortuna
874 2515 1059 2597 reservavit,

101 2596 210 2661 minus
233 2601 283 2661 est
306 2603 447 2662 erratum
470 2621 490 2663 a
512 2601 667 2684 nobis3
642 2624 669 2665 11
691 2602 770 2666 haee
788 2602 874 2665 mala
892 2601 955 2664 fixa
974 2605 1059 2684 sunt,

101 2703 163 2767 ego
187 2705 262 2749 vero
286 2689 318 2750 te
342 2708 439 2770 quarn
461 2689 614 2790 primum,
636 2710 708 2754 mea
730 2690 810 2773 vita,
833 2689 927 2773 cupio
950 2687 1058 2752 videre

100 2771 166 2835 et
156 2791 192 2835 1n
214 2775 271 2838 tuo
295 2775 463 2858 complexu
487 2777 596 2860 emori,
619 2777 771 2859 quoniam
788 2797 892 2860 neque
912 2775 953 2860 di,
976 2797 1057 2859 quos

99 2863 137 2923 tu
161 2858 340 2926 castissime
367 2863 508 2945 noluisti,
535 2885 638 2946 neque
665 2864 826 2948 homines,
854 2864 969 2948 quibus
996 2882 1056 2949 ego

101 2967 228 3031 semper
264 2950 392 3034 servivi,
428 2914 522 3016 nobis
559 2952 698 3036 gratiam
731 2953 933 3017 rettulerunt.
987 2951 1092 3018 Noae

99 3033 267 3119 Brundisii
289 3037 375 3120 apud
397 3036 440 3101 M.
464 3037 621 3103 Laenium
642 3037 794 3104 Flaeeum
817 3041 883 3106 dies
903 3057 973 3104 xm.
995 3040 1056 3104 fui-

98 3144 182 3205 mus,
204 3123 308 3188 virum
332 3126 500 3209 optimum,
522 3127 576 3209 qui
599 3127 776 3210 perieulum
798 3127 1001 3194 fortunarum
1025 3131 1057 3191 et

99 3210 215 3294 eapitis
244 3212 293 3275 sui
325 3234 402 3295 prae
433 3234 505 3278 mea
538 3215 640 3280 salute
672 3217 814 3301 neglexit
844 3235 948 3298 neque
975 3215 1056 3299 legis

98 3298 357 3383 improbissimae
370 3321 477 3385 poena
491 3301 709 3368 deductust
660 3308 709 3369 est
709 3325 790 3388 ,quo
805 3303 912 3366 minus
923 3302 1057 3385 hospitii

168 3489 221 3559 Ep.
241 3496 266 3558 4,
283 3497 305 3544 1.
341 3491 449 3548 1111111
467 3491 534 3562 (M).
570 3495 616 3549 siu
633 3494 658 3550 la
677 3493 722 3564 N,
740 3493 770 3548 B.
