2370 3878
126 163 192 226 5⁵22
408 161 445 214 M.
465 159 587 213 TULLII
605 154 798 213 CICERONIS

125 309 272 371 maxima
307 304 421 386 Itaque
443 305 476 366 in
495 316 602 366 vestro
620 303 751 387 ingenio
769 306 802 364 et
820 302 992 366 industria
1011 303 1089 366 mihi

125 397 298 480 plurimum
329 398 361 455 et
393 392 560 454 suavitatis
596 400 628 454 et
662 391 831 474 dignitatis
866 393 1088 456 constitutum

125 490 217 567 puto:
240 482 272 544 id
295 486 332 543 tu
354 486 392 542 ut-
413 486 469 542 tuo
494 479 599 542 studio
618 479 797 559 eonfirmeS,
819 482 853 541 te
872 479 1087 543 vehementer

125 592 215 655 rogo,
232 571 418 650 litterasque
436 568 476 630 ad
495 588 547 631 me
564 578 598 630 et
615 569 769 630 continuo
787 567 900 630 mittas
920 572 965 650 et,
987 590 1087 651 quum

126 659 262 723 Romam
285 657 418 738 veneris,
441 677 538 738 quam
561 657 756 738 saepissime.

567 847 638 912 XV.

254 961 312 1018 Ser.
332 960 473 1016 Brundisii
494 963 568 1030 (post
586 960 647 1014 Kal.
666 958 740 1027 Oet)
758 975 783 1012 u
803 977 829 1011 u.
848 976 873 1013 e.
893 966 956 1014 707.

359 1085 396 1139 M.
415 1082 545 1138 CICERO
565 1083 592 1136 S.
611 1083 644 1136 D.
663 1082 693 1136 C.
712 1082 845 1137 CASSIO.

91 1200 105 1247 1
192 1185 265 1250 Etsi
288 1189 420 1266 uterque
443 1188 590 1247 nostrum
613 1203 669 1266 spe
696 1183 784 1266 pacis
812 1187 846 1245 et
875 1183 952 1247 odio
981 1185 1082 1248 civilis

127 1274 293 1358 sanguinis
321 1273 432 1335 abesse
459 1294 478 1334 a
506 1273 581 1334 belli
609 1292 676 1335 non
702 1271 874 1334 necessarii
901 1273 1082 1354 pertinacia

126 1363 240 1442 veluit,
265 1365 388 1441 tamen,
415 1361 568 1443 quoniam
595 1360 663 1422 eius
679 1359 816 1423 ·eonsilii
844 1360 997 1443 princeps
1022 1381 1081 1444 ego

125 1450 224 1512 fuisse
247 1448 370 1528 videor,
397 1447 469 1530 plus
491 1447 630 1511 fortasse
656 1446 717 1510 tibi
744 1452 907 1530 praestare
936 1448 1007 1531 ipse
1032 1449 1081 1512 de·

126 1537 186 1600 beo
210 1556 307 1618 quam
329 1557 349 1596 e
371 1539 403 1597 te
427 1540 621 1618 exspectare:
645 1536 715 1618 etsi,
737 1539 774 1598 ui
795 1556 889 1617 saepe
908 1537 998 1600 soleo
1018 1558 1081 1600 me-

127 1645 200 1688 eum
218 1621 386 1703 reeordari,
410 1643 513 1687 sermo
532 1622 700 1686 familiaris
718 1644 808 1686 meus
826 1626 934 1686 tecum
952 1625 1081 1688 etitem

126 1732 252 1775 meeum
273 1715 349 1774 tuus
372 1710 504 1774 adduxii
526 1714 697 1794 utrumque
720 1715 867 1775 nostrum
890 1711 931 1775 ad
955 1712 988 1776 id
1007 1733 1080 1777 eon·

128 1801 247 1881 silium,
278 1802 315 1863 ut
346 1820 411 1863 uno
443 1800 565 1882 proelio
592 1804 793 1884 putaremus„
825 1799 852 1862 si
879 1820 947 1863 non
978 1804 1081 1864 totam

127 1909 269 1969 eausam,
296 1891 331 1950 et
353 1891 437 1951 uerte
464 1891 611 1952 nostrum
637 1887 789 1952 iudicium
817 1887 944 1950 definiri
968 1909 1081 1953 conve

128 1977 205 2041 nire.
249 1974 362 2060 Neque
394 1976 563 2058 quisquam
593 1977 679 2039 hene
710 1981 854 2039 nostram
886 1978 1082 2040 sententiam

128 2086 200 2128 vere
223 2085 376 2147 umquam
398 2064 603 2147 reprehendit
625 2067 752 2147 praeter
774 2084 842 2145 ene,
869 2064 924 2146 qui
947 2065 1081 2128 arbitra·

127 2153 246 2215 bantur
277 2154 391 2216 melius
421 2173 489 2218 esse
522 2152 620 2215 deleri
652 2152 783 2215 omnino
815 2172 883 2214 rem
918 2153 1083 2234 publicam

128 2260 225 2323 quam
238 2240 441 2304 imminutam
460 2244 493 2304 et
510 2239 710 2304 debilitatam
728 2261 869 2302 manere:
893 2259 954 2322 ego
974 2244 1083 2304 eudem

129 2349 167 2391 ex
189 2326 321 2390 interitu
349 2329 417 2391 eius
444 2328 566 2391 nullam
595 2348 684 2411 spem
712 2328 832 2390 seilicet
858 2327 938 2390 mihi
964 2350 1082 2412 propo·

92 2426 109 2475 2
129 2414 258 2496 nehem,
285 2435 323 2477 ex
349 2416 492 2499 reliquiis
516 2436 676 2500 magnam.
721 2413 784 2479 Sed
811 2436 849 2479 ea
872 2419 949 2478 sunt
971 2436 1083 2481 eonse-

129 2508 217 2586 eute,
247 2505 285 2566 ut
315 2504 418 2587 magis
450 2503 566 2566 mirum
598 2505 640 2567 sit
671 2503 812 2567 accidere
844 2502 900 2565 illa
929 2505 1083 2586 potuisse,

130 2613 226 2675 quam
244 2612 304 2655 nos
322 2612 389 2655 non
407 2590 525 2653 vidisse
543 2611 581 2653 ea
598 2590 708 2654 futura
726 2612 794 2674 nec,
816 2591 963 2654 homines
984 2613 1084 2675 quum

130 2701 284 2760 essemus
312 2679 455 2743 divinare
477 2678 629 2761 potuisse.
669 2677 828 2761 Equidem
850 2679 955 2743 fateor
977 2702 1085 2744 meum

130 2769 346 2831 coniecturam
368 2767 452 2829 hanc
475 2766 586 2850 fuisse,
613 2768 651 2830 ui
672 2766 728 2830 illo
752 2767 843 2849 quasi
873 2768 1014 2848 quodam
1037 2769 1084 2832 fa·

130 2855 188 2917 tali
211 2854 333 2938 proelio
356 2854 443 2919 facio
467 2859 500 2918 et
521 2856 658 2919 victores
681 2855 843 2918 communi
862 2856 993 2933 saluti†
1009 2877 1084 2920 con-

131 2943 198 3006 sule
222 2941 341 3005 vellent
364 2945 396 3006 et
418 2943 494 3006 vicii
513 2962 605 3026 sune3
624 2946 794 3025 uirumque
816 2946 923 3007 autem
941 2945 1086 3026 positum

130 3051 199 3095 esse
218 3029 398 3095 arbitrabar
415 3032 451 3094 in
470 3032 630 3095 celeritate
648 3031 790 3095 victoris:
815 3052 896 3115 quae
915 3032 943 3094 si
960 3032 1086 3117 fuisset,

201 3204 251 3274 Ep.
274 3209 313 3273 15,
329 3211 353 3258 1.
391 3221 409 3258 a
427 3205 489 3260 belli
510 3220 567 3260 non
584 3205 730 3260 necessarii
748 3205 917 3272 pertinacia·
929 3205 1084 3276 (Madvig.).

131 3274 183 3327 ab.
193 3276 345 3330 necessasia
355 3291 384 3345 p.
399 3275 458 3329 Ml.
491 3292 509 3329 a
521 3277 544 3330 b.
555 3292 585 3344 p.
595 3275 654 3341 Me,
663 3275 692 3328 Β.
708 3305 741 3314 -
756 3275 965 3329 arbitrabantur
979 3274 1084 3343 (Creu).

131 3345 305 3400 arbitrantur
328 3345 378 3413 M„
396 3345 490 3415 vulgo.
535 3351 559 3399 2.
586 3345 725 3410 ’semele
743 3345 809 3412 (Μ.)
847 3346 951 3399 consuli
970 3345 1023 3412 (V.,
1042 3346 1084 3412 Β.)

131 3417 181 3468 aut
199 3416 335 3470 consulere
357 3414 409 3485 (cd.
428 3415 510 3484 Bas).
529 3446 562 3456 -
586 3430 666 3479 suae;
683 3420 737 3469 etr.
758 3456 778 3468 ..
799 3416 957 3470 arbitrabar
976 3419 1085 3486 (margo

131 3482 223 3555 Creu).
260 3500 290 3554 u,
305 3501 332 3541 u,
348 3525 372 3540 ..
388 3486 539 3542 arbitrarer
552 3483 747 3553 Hofmunnffl.
782 3500 805 3539 s.
818 3501 846 3539 n.
862 3527 884 3538 ..
898 3486 1034 3539 arbitrari
1047 3486 1084 3539 M.

176 3770 200 3800 A
