2370 3878
464 783 574 838 arana
597 782 745 838 snxrua.

192 907 258 974 AD
285 908 325 973 A.
353 907 667 984 TORQUATUM
689 907 752 973 ΕΤ
782 905 1018 976 CETEROS.

590 1084 616 1148 I.

405 1203 461 1256 Ser.
485 1203 590 1258 Romae
609 1220 634 1257 a.
653 1221 680 1257 u.
699 1220 722 1257 c.
743 1209 801 1258 709.

323 1343 360 1398 M.
380 1342 507 1397 CICERO
527 1343 554 1397 S.
572 1343 605 1397 D.
623 1344 656 1397 A.
676 1342 880 1409 TORQUATO.

93 1460 107 1508 1
192 1449 266 1515 Etsi
288 1472 326 1515 ea
347 1452 547 1534 perturbatio
571 1455 620 1516 est
640 1453 784 1517 omnium
806 1475 922 1537 rerum,
944 1457 982 1517 ut
1005 1475 1082 1518 suae

128 1561 284 1623 quemque
311 1539 460 1603 fortunae
487 1541 624 1604 maxime
652 1541 816 1624 poeniteat
844 1562 1002 1624 nemoque
1031 1543 1082 1625 sit,

128 1629 205 1710 quin
227 1627 332 1692 ubivis
365 1649 462 1710 quam
494 1628 552 1712 ibi,
584 1628 640 1691 nbi
662 1629 718 1711 sit,
747 1649 815 1692 esse
838 1629 943 1712 malit,
970 1632 1082 1694 tamen

126 1717 205 1780 mihi
229 1716 361 1780 dubium
383 1719 530 1799 nonest,
553 1716 631 1800 quin
653 1716 715 1781 hoc
738 1720 882 1800 tempore
900 1717 988 1783 bono
1011 1718 1080 1782 viro

126 1804 248 1870 Romae
271 1827 339 1869 esse
362 1805 576 1877 miserrimum
598 1805 653 1887 sit3
675 1826 765 1888 narn,
787 1805 857 1888 etsi,
879 1826 1080 1889 quocumque

126 1894 162 1956 in
184 1895 254 1958 loco
278 1894 412 1978 quisque
440 1897 501 1977 est,
528 1893 613 1957 idem
642 1896 691 1956 est
717 1893 746 1956 ei
769 1914 881 1957 sensus
909 1896 942 1956 et
969 1893 1081 1958 eadem

128 1981 284 2044 acerbitas
311 2003 350 2045 ex
375 1983 509 2046 interitu
540 2001 648 2045 rerum
675 1984 707 2043 et
729 1980 931 2063 publicarum
952 1984 986 2044 et
1009 2003 1080 2046 sua·

126 2089 207 2151 rum,
229 2071 338 2132 tamen
362 2070 445 2133 oculi
464 2072 586 2153 augent
604 2068 756 2152 dolorem,
779 2069 833 2150 qui
857 2089 902 2151 ea,
925 2089 1007 2151 quae
1031 2090 1080 2133 ce-

126 2155 187 2218 teri
211 2155 358 2239 audiunt,
385 2157 505 2219 intueri
532 2158 692 2240 coguntur
718 2177 778 2219 nec
805 2160 947 2220 avertere
976 2178 996 2219 a
1021 2157 1080 2220 mi·

127 2243 217 2306 seriis
250 2244 481 2326 cogitationem
513 2243 638 2307 sinunt:
671 2265 781 2326 quare,
813 2244 875 2307 etsi
905 2244 1081 2308 multarum

127 2352 234 2395 rerum
257 2331 412 2395 desiderio
436 2334 468 2394 te
492 2332 569 2415 angi
591 2351 720 2395 necesse
739 2334 796 2415 est,
818 2335 928 2395 tamen
944 2332 1001 2396 illo
1025 2332 1080 2397 do·

126 2420 207 2502 lore,
240 2441 302 2502 quo
335 2419 471 2482 maxime
502 2422 535 2482 te
563 2419 676 2484 confici
709 2420 817 2502 aucli0,
849 2419 934 2502 quod
957 2417 1081 2485 Romae

127 2530 194 2572 non
215 2508 267 2592 sis,
286 2507 429 2571 animum
446 2510 539 2571 tuum
556 2507 670 2590 libera3
693 2507 754 2571 etsi
774 2507 947 2571 enimcum
960 2527 1082 2592 magna

127 2597 274 2661 molestia
296 2600 370 2661 tuos
392 2598 512 2678 tuaque
536 2595 710 2678 desideraS,
731 2599 841 2658 tamen
863 2595 919 2658 illa
943 2595 1082 2679 quidem,

127 2706 209 2766 quae
235 2685 384 2767 requirar,
412 2703 506 2747 suum
533 2686 652 2747 statum
678 2687 792 2747 tenent
813 2703 873 2746 nec
895 2683 1023 2766 melius,
1054 2684 1082 2747 si

127 2775 162 2835 tu
185 2771 322 2853 adesseS,
345 2773 493 2835 tenerent
515 2791 575 2835 neo
599 2773 675 2835 sunt
697 2770 763 2834 ullo
786 2771 821 2833 in
844 2771 974 2854 proprio
998 2772 1081 2855 peri-

127 2859 208 2942 culo,
231 2881 290 2923 nec
314 2859 409 2923 debes
427 2863 473 2943 tu,
496 2881 595 2943 quum
614 2858 652 2922 de
673 2858 737 2922 tuis
757 2859 889 2943 cogitaa
912 2863 968 2923 aut
990 2880 1082 2942 prae·

127 2949 255 3032 cipuam
277 2948 417 3031 aliquam
435 2948 600 3011 fortunam
617 2947 780 3030 postulare
804 2949 860 3011 aut
879 2967 1083 3010 communem

92 3049 283 3101 arecuaare.
326 3035 376 3100 De
403 3039 435 3099 te
463 3039 570 3099 autem
597 3035 683 3119 ipso,
711 3034 885 3118 Torquate,
912 3038 962 3098 est
988 3038 1083 3098 tuum

128 3125 173 3189 sic
201 3125 324 3210 agitare
356 3123 477 3207 animo,
507 3127 545 3187 ut
576 3144 643 3188 non
670 3122 822 3186 adhibeas
849 3121 885 3184 in
912 3122 1084 3187 consilinm

128 3212 362 3298 cogitationum
394 3214 523 3275 tuarum
555 3211 810 3295 desperationem
838 3213 894 3273 aut
920 3210 1084 3294 timorem3

198 3403 249 3473 Ep.
271 3409 294 3471 1,
310 3409 333 3457 1.
370 3402 420 3457 abi
437 3403 481 3469 rit,
501 3417 555 3456 esee
574 3402 649 3471 (W.).
685 3401 735 3456 uti
752 3406 798 3467 eat,
816 3417 837 3455 e.
855 3399 901 3468 Μ.,
920 3400 1016 3471 vulgo.
