2370 3878
252 157 317 222 612
534 160 571 213 M.
590 158 713 214 TULLII
731 157 920 215 CICERONIS

603 404 696 473 xm.
720 404 796 493 [xv
810 403 851 494 a]

357 516 413 572 Ser.
433 518 539 572 Romae
557 517 785 590 ineuntesmense
803 518 883 573 Iunio
906 535 931 574 a.
950 535 978 573 n.
997 535 1022 573 c.
1043 525 1107 575 too.

396 640 543 696 MARCUS
562 640 702 706 QUINTO
719 640 856 695 FRATRI
875 641 1056 698 SALUTEM.

225 760 237 799 ι
317 738 357 804 Α.
385 740 414 804 d.
441 759 500 804 1111.
527 739 611 805 Non.
638 741 762 822 Iunias,
790 763 853 824 quo
880 742 931 805 die
958 740 1104 808 Romam
1133 768 1185 810 ve

251 829 359 913 accepi
381 832 454 892 tuas
476 829 610 909 litteras,
633 829 725 893 datas
747 827 920 913 Placentia,
943 829 1061 894 deinde
1085 834 1181 898 alter

250 916 404 1000 postridie
428 917 520 981 datas
533 917 554 994 †
568 916 801 981 Blandenonne
823 938 896 981 eum
914 914 1064 983 Caesaris
1085 920 1178 986 litter

250 1005 377 1068 refertis
409 1005 497 1069 omni
529 1005 649 1087 offici0,
680 1004 860 1088 diligentia,
897 1005 1067 1070 suavitate.
1132 1007 1154 1073 S

250 1093 314 1156 ista
328 1092 456 1176 quidem
473 1113 593 1176 magna
610 1093 661 1156 vel
678 1093 786 1176 potius
805 1093 956 1175 maxima,
977 1088 1109 1159 h‘abent
1128 1099 1183 1160 eni

251 1181 316 1244 vim
338 1201 491 1264 magnam
520 1181 561 1244 ad
589 1181 725 1264 gloriam
753 1183 785 1244 et
812 1180 853 1243 ad
880 1202 1038 1244 summam
1070 1183 1168 1269 digni

250 1272 330 1350 tem5
353 1269 418 1352 sed,
440 1268 520 1332 mihi
542 1269 643 1350 crede,
666 1289 760 1351 quem
782 1268 878 1351 nosti,
901 1268 986 1350 quod
1010 1270 1045 1333 in
1067 1271 1144 1336 istis
1167 1297 1184 1336 r

250 1357 310 1419 bus
333 1377 394 1440 ego
417 1357 547 1440 plurimi
569 1357 716 1439 aestimo,
739 1356 772 1419 id
795 1355 860 1419 iam
882 1355 1000 1420 habeo:
1028 1360 1063 1421 te
1089 1361 1182 1425 scilic

249 1444 389 1527 primum
402 1447 469 1507 tam
482 1445 709 1508 inservientem
728 1443 889 1508 communi
908 1443 1074 1528 dignitati,
1096 1447 1185 1512 dein

250 1527 396 1594 Caesaris
418 1534 547 1594 tantum
569 1532 604 1594 in
626 1553 676 1595 me
700 1552 852 1613 amorem,
873 1552 969 1615 quem
991 1535 1151 1600 omnibus
1178 1539 1184 1551 '

249 1617 436 1701 honoribus,
459 1639 539 1701 quos
561 1640 612 1682 me
633 1641 652 1682 a
671 1641 704 1683 se
724 1622 906 1703 exspectare
924 1619 1003 1704 vult,
1026 1626 1181 1708 antepon

249 1705 375 1769 litterae
398 1727 473 1770 vero
497 1707 565 1770 eius
588 1727 653 1771 una
677 1707 770 1771 datae
793 1729 865 1771 oum
888 1707 962 1789 iuis,
984 1729 1130 1790 quarum
1175 1742 1181 1772 ι

248 1794 331 1858 tium
359 1797 420 1877 est,
452 1816 548 1877 quam
579 1795 686 1859 suavis
713 1796 742 1859 ei
764 1799 839 1858 tuus
863 1795 1020 1859 adventus
1046 1797 1154 1865 fuerit

249 1883 428 1947 recordatio
451 1883 568 1946 veteris
591 1883 718 1968 amoris,
741 1882 864 1964 deinde,
886 1904 920 1947 se
943 1882 1154 1970 effecturum,

250 1991 310 2055 ego
332 1971 367 2034 in
390 1969 495 2035 medio
518 1970 627 2034 dolore
659 1992 696 2035 ae
725 1970 880 2034 desiderio
907 1970 956 2034 tui
982 1974 1030 2053 te,
1058 1995 1166 2057 quum

249 2079 300 2121 me
323 2058 459 2142 abesses,
481 2059 684 2143 potissimum
707 2079 814 2123 seeum
837 2079 905 2122 esse
928 2059 1083 2144 laetarer,
1107 2064 1180 2129 incr

222 2145 390 2210 edibiliter
420 2167 468 2211 rne
499 2147 706 2211 delectarunt.
760 2144 863 2221 Quare
895 2146 975 2209 faeis
1004 2151 1041 2210 tu
1076 2151 1177 2233 quide

248 2234 403 2317 fraterne,
431 2235 517 2318 quod
539 2256 590 2298 me
612 2234 765 2318 hortaris,
792 2232 848 2297 sed
870 2235 1059 2299 mehercule·
1078 2258 1185 2304 curre

247 2324 314 2383 tem
340 2343 427 2385 nune
455 2322 596 2405 quidem,
624 2326 662 2386 ut
689 2322 797 2387 omnia
823 2342 895 2385 mea
917 2322 1024 2385 studia
1046 2323 1085 2387 in
1109 2327 1155 2391 ist

247 2496 309 2560 hoa
331 2496 468 2562 fortasse
492 2497 629 2560 efficiam
636 2548 644 2580 ,
667 2499 752 2581 quod
776 2518 870 2580 saepe
893 2497 1082 2581 viatoribus,
1106 2524 1153 2584 qn
1184 2542 1185 2558 l

247 2588 435 2669 properant,
467 2585 587 2668 evenit,
618 2588 667 2666 ut,
700 2587 727 2648 si
759 2586 873 2668 serius,
903 2607 999 2668 quam
1030 2588 1184 2654 volnerin

9 2320 20 2429 l
248 2430 349 2472 unum
372 2409 545 2474 conferam.
580 2409 653 2495 Ego
676 2432 752 2474 vero
776 2408 902 2473 ardenti
922 2406 1076 2496 [quidem]
1099 2418 1169 2478 stu

8 2406 20 2795 l
247 2672 331 2738 forte
354 2672 558 2756 surrexerint,
580 2673 782 2755 properando
807 2673 904 2737 etiam
927 2673 1030 2757 eitius,
1053 2695 1157 2758 quam
1184 2709 1185 2712 κ

8 2786 20 2827 u

316 2915 368 2984 Ep.
389 2922 469 2982 13,1.
500 2916 644 2972 Placentia
662 2916 768 2986 (Laud,
789 2922 802 2970 1
818 2917 922 2984 Amba,
942 2914 1016 2970 Crat.
1035 2932 1063 2971 or
1083 2918 1185 2976 fortas·

246 3003 283 3053 a,
307 2986 372 3052 W.).
419 2987 561 3041 Placentie
583 2987 618 3040 N.
665 2987 825 3041 Placentiae
842 2987 907 3054 RL,
926 2986 956 3039 B.
984 3016 1018 3025 -
1045 2987 1149 3044 deinde
1176 3016 1182 3039 ι

241 3057 377 3123 postridie
394 3057 421 3110 d.
435 3057 582 3124 (Matthiae
596 3059 638 3112 ed.
653 3057 706 3124 n).
743 3058 769 3111 d.
784 3075 810 3111 a.
819 3073 861 3125 p,
874 3059 901 3112 d.
915 3057 1009 3127 vulgo.
1028 3087 1063 3095 —
1082 3060 1177 3124 †Bla

244 3128 367 3181 denonne
386 3127 494 3195 (ΜΝ).
530 3127 635 3193 Laride,
658 3127 749 3181 afanis
772 3127 886 3197 (Sigon,
904 3127 980 3193 Wl?
1020 3127 1131 3184 Bland
1162 3154 1169 3181 a

245 3197 293 3248 IB.
321 3228 356 3237 —
383 3199 489 3252 litterae
510 3213 572 3251 cero
594 3215 635 3251 rne
657 3199 716 3251 eins
796 3198 898 3252 inered.
921 3198 1092 3251 delectarunt
1118 3202 1177 3268 (W.

245 3266 263 3318 l.
281 3283 306 3319 a.
325 3269 383 3320 eins
462 3269 481 3321 i.
500 3268 551 3321 del.
570 3267 654 3321 MRI.
691 3273 715 3319 2.
738 3269 847 3322 ardenti
877 3267 995 3337 quidem]
1013 3269 1138 3338 stadio(

246 3352 271 3388 a.
290 3353 314 3403 q.
333 3353 354 3390 s.
379 3338 477 3405 MRI.,
496 3337 589 3407 vulgo.
618 3367 653 3376 -
680 3337 771 3393 dadin
793 3338 842 3392 ltoc
875 3337 1047 3404 aPass.,1.‚
1067 3338 1160 3407 Crat„

244 3404 363 3545 forpappe
383 3410 425 3476 c).
466 3424 497 3476 e,
516 3423 549 3462 ac
566 3407 660 3461 MItB.
697 3407 742 3462 An
759 3423 781 3462 a
805 3409 965 3464 contendam
987 3407 1044 3476 (vel
1061 3414 1185 3467 connita

244 3490 279 3530 ae
347 3480 382 3541 .)?

209 3698 257 3768 a*
