2370 3878
169 161 233 226 298
451 165 487 218 Μ.
508 164 630 219 TULLII
648 164 838 221 CICERONIS

611 413 669 479 III.

287 524 344 579 Sor.
363 524 468 580 Romae
487 527 584 580 eodem
602 527 659 581 fere
677 529 811 596 tempore,
831 545 886 596 quo
905 546 947 598 ep.
967 529 1001 583 H.

450 648 578 704 CICERO
596 649 740 704 PLANCO
760 651 834 704 SAL.

135 763 148 811 1
235 746 340 822 Quum
363 749 469 833 ipsum
491 748 648 813 Furnium
671 772 728 833 per
756 772 789 814 se
812 752 878 814 vidi
900 751 1122 834 libentissime,

167 839 237 899 tum
259 836 322 901 hoo
344 837 510 920 libentius,
537 839 623 921 quod
652 839 743 902 illum
771 839 904 902 audiens
930 842 963 903 te
990 841 1123 905 videbar

168 924 290 1008 audire,
313 947 390 988 nam
412 926 502 989 etin
524 948 558 989 11
581 927 713 990 militari
735 927 886 991 virtutem
910 928 999 991 etin
1024 928 1121 992 admi-

167 1012 336 1077 nistranda
366 1014 532 1097 provincia
563 1015 720 1079 iustitiam
752 1019 785 1078 ct
815 1016 850 1078 in
883 1015 970 1079 omni
1005 1037 1122 1100 genere

166 1102 372 1185 prudentiam
399 1103 479 1166 mihi
505 1106 595 1166 tuam
623 1103 771 1186 exposuit
800 1107 832 1166 11
854 1106 1020 1186 praeterea
1043 1106 1122 1168 mihi

167 1211 234 1254 non
257 1190 404 1275 ignotam
429 1191 465 1255 in
492 1190 722 1255 consuetudine
749 1194 782 1254 et
808 1191 1026 1256 familiaritate
1051 1215 1121 1256 sua-

167 1278 301 1342 vitatem
322 1281 425 1362 tuam,
449 1278 594 1342 adiunxit
616 1281 782 1363 praeterea
805 1301 964 1344 summam
987 1302 1064 1365 erga
1088 1305 1121 1345 se

167 1366 405 1429 liberalitatemr
429 1388 510 1448 quae
532 1367 642 1431 omnia
665 1368 744 1431 mihi
765 1368 913 1451 iucunda,
935 1368 998 1433 hoc
1021 1374 1120 1435 extre·

132 1469 257 1518 amum
280 1454 377 1518 etiam
400 1457 528 1539 gratum
550 1454 621 1518 fuit.
661 1454 743 1539 Ego,
765 1455 892 1537 Plance,
915 1458 1121 1522 necessitudi-

168 1564 242 1606 nem
265 1543 474 1606 constitutam
495 1543 596 1607 habui
624 1564 696 1607 eum
719 1544 814 1608 domo
837 1547 945 1608 vestra
968 1548 1042 1608 ante
1066 1549 1120 1610 ali-

168 1634 303 1715 quanto,
327 1652 423 1714 quam
444 1634 481 1694 tu
504 1635 600 1695 natus
623 1653 670 1715 es,
694 1653 835 1696 amorem
859 1635 966 1696 autem
990 1654 1067 1718 erga
1089 1638 1121 1699 te

85 1752 88 1757 ·
169 1719 208 1781 eb
232 1719 363 1783 ineunte
386 1719 524 1804 pueritia
546 1723 616 1803 tua,
644 1720 833 1785 confirmata
854 1720 920 1783 iam
947 1723 1051 1785 aetate
1074 1722 1121 1785 fa·

64 1802 66 1806 ’
103 1801 105 1805 ’
167 1807 385 1871 miliaritatem
404 1830 502 1892 quum
521 1808 626 1873 studio
645 1830 726 1891 meo,
746 1811 816 1872 tum
834 1807 951 1872 iudicio
970 1811 1026 1873 tuo
1047 1831 1121 1874 oon-

60 1894 64 1899 ’
168 1897 327 1960 stitutum:
359 1896 410 1960 his
438 1897 476 1960 de
505 1897 610 1961 causis
637 1896 827 1961 mirabiliter
853 1896 946 1961 faveo
970 1896 1122 1982 dignitati

167 1988 251 2069 tuae,
275 2007 371 2068 quem
393 1985 601 2049 mihi’teoum
625 1988 732 2049 statuo
756 1983 870 2048 debere
893 2006 963 2048 esse
982 2007 1121 2051 commu-

167 2095 251 2136 nem.
296 2072 413 2138 Omnia
444 2095 569 2138 summa
600 2076 790 2138 consecutus
822 2095 856 2137 es
888 2072 1006 2138 virtute
1034 2075 1122 2159 duee,

168 2161 284 2225 comite
306 2161 447 2246 fortuna,
470 2184 570 2246 eaque
593 2183 626 2227 11
650 2162 785 2246 adeptus
804 2161 988 2226 adolescens
1011 2163 1121 2227 multis

168 2249 402 2334 invidentibus,
438 2271 518 2333 quos
554 2251 686 2336 ingenio
723 2249 944 2332 industriaque
979 2250 1120 2334 fregisti:

168 2359 268 2420 nunc,
295 2359 345 2401 me
373 2339 629 2404 amantissimum
650 2339 712 2422 tui,
740 2338 863 2402 nemini
885 2337 1120 2423 concedentem,

168 2426 224 2510 qui
246 2425 305 2489 tibi
328 2428 488 2490 vetustate
514 2426 761 2492 necessitudinis
783 2427 891 2510 potior
916 2425 1020 2509 possit
1042 2447 1121 2509 esse,

169 2514 196 2578 si
219 2514 342 2597 audies,
366 2535 493 2578 omnem
515 2515 575 2578 tibi
597 2516 738 2599 reliquae
761 2515 845 2579 vitae
869 2513 1060 2598 dignitatem
1084 2537 1121 2579 ex

133 2604 291 2688 septimo
319 2602 366 2666 rei
392 2603 539 2686 publicae
570 2606 657 2668 statu
680 2603 833 2686 acquires.
879 2600 948 2666 Seis
975 2603 1121 2686 profecto

169 2691 316 2756 -nihil
339 2690 425 2754 enim
453 2694 487 2755 11
508 2691 621 2774 fugere
643 2691 751 2774 potuit
772 2727 815 2738 —
837 2690 937 2754 fuisse
960 2690 1122 2773 quoddam

168 2783 309 2864 tempus,
336 2801 435 2863 quum
461 2778 609 2844 homines
637 2779 858 2844 existimarent
883 2781 916 2842 te
938 2777 1034 2843 nimis
1058 2801 1121 2843 ser-

167 2868 234 2931 vire
256 2867 468 2951 temporibus,
496 2868 582 2950 quod
605 2888 665 2952 ego
689 2889 816 2950 quoque
839 2864 1065 2950 existImarem,
1088 2869 1121 2930 te

168 2956 196 3020 11
219 2977 265 3040 11,
284 2976 365 3039 quae
383 2955 556 3039 patiebare,
576 2956 713 3039 probare
732 2955 829 3019 etiam
848 2953 1033 3037 arbitrarer,
1057 2955 1122 3038 sed,

169 3066 267 3129 quum
290 3043 517 3128 iutelligerem,
545 3043 620 3126 quid
644 3042 793 3127 sentires,
818 3046 851 3107 11
875 3041 1055 3106 1111111111
1077 3043 1122 3106 vi·

168 3134 256 3218 dere,
285 3132 362 3216 quid
393 3153 513 3216 posses.
558 3129 655 3196 Nune
686 3130 750 3196 alia
776 3131 859 3195 ratio
888 3133 948 3194 est:
979 3131 1123 3196 omnium

237 3360 339 3429 Ε.3,
360 3367 383 3415 1.
424 3365 450 3414 et
468 3363 613 3429 praetereo
637 3359 705 3412 milri
728 3358 780 3424 M,
797 3357 892 3428 vulgo.
942 3360 967 3410 et
991 3357 1062 3427 [pu]
1089 3374 1122 3409 m.

154 3430 232 3498 Em,
251 3379 283 3484 d.
305 3462 340 3472 -
358 3436 453 3498 tuom·
471 3430 603 3487 adiuerit
617 3431 759 3497 praetereo
776 3427 851 3493 (W.).
888 3432 964 3480 acum
983 3428 1123 3492 adiunxit,

130 3513 184 3562 Μ·
209 3501 308 3571 vulgo.
348 3507 374 3559 2.
405 3519 553 3574 11111111
572 3500 619 3570 (W
623 3502 651 3569 .).
684 3510 761 3552 11111
777 3510 818 3550 ue
832 3495 929 3563 uulgo.
