2370 3878
129 166 194 229 420
411 165 448 220 Μ.
468 164 590 219 TULLII
609 163 799 218 CICERONIS

128 314 164 375 ut
187 310 369 374 existiment
392 329 465 372 eum
485 309 576 391 quasi
595 309 702 372 divino
723 308 856 372 consilio
875 308 931 372 isti
951 310 1084 392 negotio

127 398 346 482 praepositum
378 416 460 479 esse,
492 397 579 480 apud
610 418 704 480 quem
735 417 836 459 unum
867 417 943 478 nos,
974 418 1085 461 eorum

126 485 275 570 perpetui
298 484 491 569 defensores,
514 485 688 568 plurimum
710 485 815 547 valere
838 505 1018 566 possemus,

583 676 623 742 V.

286 788 343 843 Scr.
362 789 466 843 Romae
485 805 580 843 mense
599 787 714 842 Octobri
731 805 756 843 a.
775 806 801 842 u.
822 806 845 842 c.
861 795 920 843 709.

221 912 264 966 M.
284 910 412 966 CICERO
431 912 458 966 S.
478 912 511 965 D.
531 911 561 976 Q.
581 910 741 965 VALERIO
761 910 839 966 Lae.
859 911 988 967 PROPR.

93 1026 108 1074 1
193 1009 270 1077 Non
304 1012 437 1076 moleste
473 1010 543 1075 fero
580 1031 651 1074 eam
682 1009 965 1095 necessitudinem,
1002 1032 1083 1094 quae

127 1100 207 1164 mihi
229 1104 336 1165 tecum
359 1103 421 1182 est,
443 1102 555 1162 notam
582 1119 650 1162 esse
674 1099 952 1182 quamplurimis,
979 1120 1082 1182 neque

126 1193 238 1253 tamen
269 1188 310 1253 ob
339 1209 409 1251 eam
439 1197 568 1250 causam
591 1186 743 1269 —quod
769 1189 805 1249 tu
829 1187 949 1269 optime
978 1187 1083 1251 existi·

127 1298 214 1340 mare
244 1277 337 1359 potes
360 1311 402 1320 -
425 1278 458 1339 te
480 1273 633 1358 impediO,
665 1295 728 1356 quo
758 1273 864 1338 minus
897 1278 1083 1358 susceptum

128 1364 295 1447 negotium
322 1384 380 1445 pro
407 1365 465 1426 tua
491 1361 553 1426 fide
586 1366 618 1426 et
645 1361 813 1446 diligentia
844 1383 882 1425 ex
914 1363 1082 1426 voluntate

128 1450 286 1533 Caesaris,
314 1451 368 1533 qui
395 1451 455 1514 tibi
478 1472 546 1514 rem
569 1470 721 1534 magnam
749 1449 975 1534 difficilemque
998 1472 1082 1531 com-

127 1539 224 1621 misit,
246 1559 356 1622 gerere
379 1539 496 1621 possis3
519 1560 604 1620 nam,
627 1560 725 1620 quum
748 1537 841 1601 multi
864 1559 883 1601 a
901 1560 952 1601 me
970 1542 1083 1621 petant

127 1627 238 1709 multa,
259 1624 344 1708 quod
364 1625 402 1689 de
421 1629 478 1689 tua
497 1647 573 1709 erga
592 1648 642 1688 me
661 1626 827 1689 voluntate
842 1643 916 1688 non³
924 1625 1081 1708 dubitent,

128 1735 194 1779 non
222 1713 402 1796 committo,
429 1716 466 1776 ut
494 1714 668 1777 ambitione
696 1734 767 1777 mea
794 1714 985 1777 conturbem
1014 1713 1082 1779 offi-

93 1816 108 1865 2
129 1803 213 1867 cium
235 1806 337 1867 tuum.
374 1799 407 1866 O.
422 1798 532 1866 Curtio
557 1803 597 1865 ab
618 1803 748 1865 ineunte
772 1804 877 1865 aetate
900 1801 1083 1865 familiaris-

128 1893 207 1956 sime
236 1914 306 1955 sum
334 1913 424 1973 usus3
452 1890 519 1954 eius
547 1893 580 1953 et
607 1887 731 1954 Sullani
758 1889 911 1972 temporis
940 1889 1083 1954 iniustis·

129 1981 210 2043 sima
241 1980 424 2044 calamitate
457 1978 545 2042 dolui
578 1980 623 2060 et,
654 1999 752 2060 quum
779 1977 832 2059 iis,
863 1977 919 2059 qui
946 1977 1083 2041 similem

128 2069 278 2131 iniuriam
310 2069 512 2150 acceperant,
539 2064 664 2129 amissis
692 2064 841 2129 omnibus
868 2064 1009 2128 fortunis
1037 2088 1083 2128 re-

129 2155 214 2218 ditus
236 2159 346 2219 tamen
372 2155 408 2217 in
429 2154 568 2238 patriam
591 2154 757 2217 voluntate
785 2153 928 2217 omnium
952 2154 1084 2218 concedi

128 2242 298 2327 videretur,
321 2243 448 2307 adiutor
470 2241 700 2306 incolumitatis
723 2241 783 2305 fui:
806 2240 834 2303 is
852 2240 951 2304 habet
969 2241 1004 2304 in
1018 2241 1083 2306 Vc

127 2330 289 2393 latorrano
318 2330 565 2412 possessionem,
592 2351 691 2413 quum
717 2329 752 2392 in
779 2349 850 2392 eam
877 2330 1045 2412 tamquam
1067 2351 1083 2392 e

128 2417 300 2502 naufragio
322 2418 473 2500 reliquias
496 2418 697 2500 contulisset3
723 2417 785 2480 hoo
809 2420 917 2480 autern
938 2420 1083 2501 tempore

129 2527 203 2570 eum
230 2503 348 2569 Caesar
374 2506 409 2568 in
437 2509 584 2570 senatum
611 2506 703 2589 legit,
735 2526 828 2587 quem
857 2504 1003 2569 ordinem
1031 2506 1084 2568 ille

129 2594 192 2658 ista
219 2594 421 2677 possessione
449 2593 567 2656 amissa
592 2593 676 2656 tueri
704 2592 756 2656 vix
783 2595 903 2677 potest3
935 2593 1084 2677 gravissi-

129 2705 218 2746 mum
241 2685 349 2746 autem
377 2684 438 2764 est,
467 2702 566 2764 quum
589 2680 733 2763 superior
760 2680 865 2745 factus
894 2681 936 2744 sit
964 2680 1085 2762 ordine,

130 2770 315 2833 inferiorem
339 2790 408 2833 esse
431 2769 571 2854 fortuna,
593 2767 787 2852 minimeque
811 2768 962 2833 convenit
985 2790 1024 2832 ex
1047 2791 1083 2832 eo

131 2877 219 2940 agro,
242 2857 297 2940 qui
316 2854 462 2922 Caesaris
485 2858 574 2921 iussu
598 2856 767 2941 dividatur,
790 2878 863 2920 eum
881 2857 1012 2939 moveri,
1031 2857 1084 2940 qui

95 2942 276 3009 aansaris
307 2945 462 3018 beneficio
501 2949 630 3010 senator
664 2945 713 3009 sit.
773 2942 835 3008 Sed
867 2945 946 3009 mihi
979 2945 1085 3009 minus

130 3031 210 3096 libet
232 3033 334 3097 multa
357 3034 395 3098 de
419 3034 580 3117 aequitate
603 3033 650 3097 rei
673 3033 823 3116 scribere,
846 3054 887 3096 ne
910 3054 1008 3097 causa
1031 3055 1086 3117 po·

130 3121 194 3185 tius
218 3120 303 3205 apud
325 3123 358 3184 te
381 3122 519 3187 valuisse
541 3121 651 3186 videar
673 3143 770 3205 quam
792 3122 910 3205 gratia3
933 3120 1086 3204 quamob-

131 3231 199 3273 rem
221 3213 254 3274 te
276 3209 312 3273 in
334 3210 488 3276 maiorem
510 3211 641 3275 modum
663 3230 754 3294 rogo,
776 3213 813 3273 ut
836 3207 869 3273 C.
893 3207 997 3273 Curtii
1020 3231 1087 3273 rem

131 3319 235 3362 meam
257 3301 351 3382 putes
374 3319 456 3363 csse:
485 3297 638 3382 quidquid
666 3319 737 3362 mea
760 3319 857 3362 causa
878 3297 1015 3381 faceres,
1043 3302 1088 3381 ut,

192 3489 245 3563 Ep.
266 3493 293 3547 ὅ.
331 3490 377 3547 M.
398 3488 547 3548 CICERO
567 3489 643 3560 (Wml
680 3488 826 3544 CICERO
844 3489 893 3554 M,
910 3489 1002 3558 vulgo
