2370 3878
133 161 175 224 3ss
415 160 452 214 M.
473 159 596 214 TULLII
614 159 804 215 CICERONIS

131 311 261 371 tuorum
283 305 458 389 quidquam
480 308 513 368 te
537 305 669 369 absente
691 305 771 388 fieri,
794 305 880 388 quod
898 305 967 389 tibi,
989 326 1091 390 quum

132 396 282 476 venisses,
300 415 368 457 non
387 397 471 458 esset
484 393 659 477 integrum:
683 393 831 477 equidem
851 394 928 477 quid
942 394 1090 479 sentiam,

132 486 188 546 aut
211 482 349 546 scribam
376 482 416 546 ad
443 485 476 546 te
503 485 617 565 postea
644 481 790 565 pluribus
818 484 888 566 aut,
916 504 957 546 ne
986 483 1028 546 ad
1051 505 1089 548 ea

131 571 297 654 meditere,
324 572 518 655 imparatum
541 574 573 634 te
597 570 758 635 offendam
780 592 950 654 coramque
975 575 1089 637 contra

130 660 227 723 istam
252 660 412 724 rationem
439 681 544 722 meam
571 659 689 742 dicam,
718 662 756 723 ut
782 663 839 724 aut
865 662 897 722 te
924 660 959 723 in
982 682 1088 725 meam

131 749 325 812 sententiam
348 747 505 812 adducam
532 752 588 812 aut
615 750 700 811 certe
727 751 883 812 testatum
910 749 996 831 apud
1020 750 1087 813 ani·

130 859 219 901 mum
240 840 333 901 tuum
351 836 540 919 reIInquam,
563 836 640 918 quid
659 836 822 919 senserim,
841 839 888 920 ut,
911 837 938 899 si
957 838 1086 920 quando

130 961 172 971 -
200 924 287 1008 quod
313 925 415 989 nolim
442 961 484 970 —
513 924 680 1008 displicere
706 924 767 989 tibi
796 928 888 988 tuum
916 925 1086 990 consilium

130 1014 283 1097 eoeperit,
309 1013 414 1097 possis
441 1033 549 1077 meum
565 1013 750 1096 recordari,
781 1014 871 1078 brevi
902 1016 1013 1078 tamen
1040 1014 1086 1078 sic

128 1101 258 1186 habeto,
279 1103 315 1166 in
333 1124 407 1166 eum
425 1105 547 1166 statum
564 1105 747 1186 temporum
766 1105 859 1166 tuum
876 1101 1014 1166 reditum
1037 1103 1085 1167 in-

129 1191 241 1275 cidere,
260 1195 297 1255 ut
313 1190 353 1254 iis
371 1191 475 1273 bonis,
493 1212 575 1273 quae
592 1191 653 1256 tibi
671 1194 798 1273 natura,
816 1190 932 1273 studio,
952 1190 1085 1256 fortune

129 1279 206 1343 data
228 1281 312 1361 sunt,
334 1279 461 1343 facilius
485 1279 602 1363 omnia,
626 1300 707 1362 quae
730 1282 807 1343 sunt
829 1279 1084 1362 amplissimam

128 1367 327 1451 republica,
358 1367 511 1451 consequi
532 1367 638 1451 possis
660 1389 757 1450 quam
780 1367 978 1432 muneribus:
1007 1390 1082 1451 quo-

127 1477 199 1518 rum
225 1477 329 1539 neque
355 1457 543 1520 facultatem
571 1456 740 1539 quisquam
769 1456 1010 1519 admiratur-
1035 1460 1084 1520 est

127 1544 214 1607 enim
243 1545 423 1628 copiarum,
454 1566 521 1608 non
552 1544 680 1607 virtutis
708 1580 750 1590 -—
777 1565 881 1628 neque
913 1544 1083 1628 quisquam

92 1642 108 1691 2
128 1635 177 1695 est
200 1633 278 1715 quin
301 1633 448 1696 satietate
471 1632 537 1695 iam
560 1632 703 1696 defessus
727 1631 777 1696 sit.
823 1630 885 1696 Sed
906 1633 1012 1715 aliter,
1036 1636 1082 1696 at-

128 1742 188 1803 que
209 1722 421 1804 ostenderam,
438 1720 532 1803 faci0,
551 1721 606 1804 qui
624 1721 787 1805 ingrediar
805 1720 846 1784 ad
860 1721 1083 1804 explicandam

126 1809 286 1875 rationem
308 1809 488 1874 sententiae
510 1831 612 1892 meae,
641 1830 738 1892 quare
762 1808 890 1889 omnem
912 1809 997 1873 hanc
1020 1810 1082 1874 dis·

126 1899 329 1982 putationem
341 1898 378 1962 in
391 1898 564 1963 adventum
576 1901 669 1963 tuum
688 1898 808 1963 differo.
850 1895 982 1962 Summa
999 1897 1081 1963 seito

126 1986 162 2050 in
176 1987 421 2070 exspectatione
443 1991 476 2051 te
495 2009 564 2052 esse
583 2010 683 2072 eaque
702 2010 721 2051 a
739 1991 771 2051 te
790 1986 976 2070 exspectari,
999 2008 1082 2069 quae

127 2095 146 2136 a
178 2096 303 2138 summa
332 2075 451 2139 virtute
484 2098 672 2160 emmaque
702 2075 834 2160 ingenio
867 2074 1083 2156 exspectanda

127 2163 216 2244 sunt3
238 2162 279 2225 ad
302 2183 384 2244 quac
407 2163 435 2226 si
457 2185 501 2247 es,
522 2168 560 2228 ut
578 2164 683 2245 debes
705 2166 837 2246 paratus
860 2197 903 2206 -
926 2163 1014 2242 quod
1035 2163 1083 2228 ita

127 2271 196 2314 esse
219 2249 345 2315 confido
367 2287 423 2333 -,
445 2251 591 2334 plurimis
611 2250 820 2332 maximisque
839 2248 1025 2314 muneribus
1050 2255 1083 2316 et

125 2359 186 2402 nos
209 2339 329 2403 amicos
352 2342 386 2402 et
404 2338 491 2402 ¹ciues
513 2341 588 2403 tuos
602 2338 768 2403 universos
782 2339 815 2400 et
828 2357 896 2401 rem
917 2337 1082 2420 publicam

126 2425 260 2493 afficies:
282 2427 362 2491 illud
384 2447 560 2512 cognosces
581 2425 738 2510 profecto,
759 2425 839 2489 mihi
856 2429 889 2489 te
907 2447 1011 2510 neque
1029 2449 1081 2492 ca·
1119 2458 1122 2463 ·

125 2515 244 2580 riorem
265 2537 369 2602 neque
392 2514 612 2580 iucundiorem
636 2534 704 2578 esse
728 2536 928 2598 quemquam.

570 2706 628 2773 IV.

403 2819 460 2875 Sor.
479 2818 585 2874 Romae
604 2837 629 2874 a.
648 2839 675 2874 u.
695 2836 719 2874 c.
739 2827 798 2875 701.

344 2943 387 2996 M.
407 2942 536 2998 CICERO
555 2944 581 2998 S.
601 2944 633 2998 D.
654 2943 682 2998 C.
701 2942 859 2998 CURIONI.

93 3063 106 3111 1
192 3039 414 3125 Epistolarum
432 3064 551 3128 genera
569 3044 671 3109 multe
688 3066 758 3108 esse
776 3064 844 3107 non
861 3042 1002 3128 ignoras,
1024 3042 1080 3106 sed

125 3152 227 3194 unum
254 3130 333 3195 illud
356 3131 607 3216 †certissimum,
634 3132 723 3197 euius
747 3152 844 3195 causa
870 3131 1003 3194 inventa
1028 3153 1079 3194 res

126 3217 197 3303 ipsa
224 3222 285 3303 est,
312 3221 349 3284 ut
376 3221 527 3286 certiores
553 3222 731 3286 faceremus
759 3219 921 3303 absentes,
948 3219 976 3283 si
1003 3219 1080 3302 quid

196 3426 248 3497 Ep.
268 3434 332 3496 4,1.
368 3431 568 3496 necessitarem
591 3430 665 3498 (W.).
710 3429 881 3484 tritissimum
909 3427 1007 3497 (Bake)
1031 3430 1082 3482 aut

125 3498 316 3554 creberrimum
335 3499 414 3571 (Cu).
451 3502 628 3555 certa'csimum
646 3498 738 3569 vulgo.
