2370 3878
340 193 598 249 EPISTOLARUM
616 193 691 247 XIII.
711 198 823 247 rer—21.
991 191 1057 255 437

98 359 201 423 quum
223 339 259 402 in
282 340 465 403 calamitate
484 338 586 402 exsilii
605 338 655 401 sui
672 336 837 401 Patrensis
856 336 934 401 civis
952 335 1058 400 factus

98 432 200 511 esset,
221 426 425 491 Patrensium
447 428 573 512 legibus
597 426 776 509 adoptavit,
803 429 840 489 ut
867 425 935 488 eius
957 425 1059 508 ipsius

63 516 67 521 ’
97 514 289 581 hereditatis
312 516 362 580 ius
386 536 578 599 causamque
601 518 720 579 tueare.
766 512 872 597 Caput
898 513 979 577 illud
1003 516 1094 597 est,3

98 608 138 669 ut
151 602 324 687 Lysonem,
342 625 437 687 quem
456 625 516 688 ego
531 603 635 667 virum
655 603 812 686 optimum
827 602 1060 687 gratissimum·

99 714 164 776 que
182 692 330 777 cognovi,
352 692 488 776 recipias
507 693 543 755 in
561 690 829 755 necessitudinem
847 695 951 773 tuam,
974 689 1061 773 quod

99 780 130 845 si
151 780 277 865 feceris,
298 800 366 844 non
389 780 511 864 dubito,
534 780 613 863 quin
635 780 671 843 in
689 799 726 843 eo
746 778 910 863 diligendo
934 778 1060 842 ceteris-

99 889 165 953 que
183 870 299 951 postea·
316 867 569 933 commendando
587 867 681 951 idem,
700 867 786 950 quod
804 887 875 951 ego,
894 868 938 931 sis
952 866 1062 930 iudicii

99 960 136 1021 et
166 956 344 1021 voluntatis
375 956 555 1041 babituros.
610 955 702 1030 Quod
735 977 834 1038 quum
866 956 935 1020 fieri
967 955 1060 1019 vehe-

98 1047 229 1108 menter
251 1044 379 1128 studeo,
406 1050 476 1107 turn
504 1044 602 1108 etiam
624 1044 704 1108 illud
727 1048 853 1128 v'ereor,
875 1064 931 1126 ne,
954 1044 981 1107 si
1004 1044 1061 1106 mi·

99 1154 166 1197 nus
197 1133 358 1196 cumulate
390 1133 538 1196 videbere
564 1132 679 1196 fecisse
712 1132 833 1216 aliquid
860 1131 928 1195 eius
957 1152 1062 1214 causa,

100 1241 154 1285 me
176 1219 231 1284 ille
253 1221 458 1305 negligenter
481 1221 645 1304 scripsisse
664 1223 765 1305 putet,
787 1242 856 1285 non
873 1224 906 1283 te
926 1219 1063 1284 oblitum

100 1309 181 1391 mei;
203 1310 317 1391 quanti
340 1308 426 1372 enim
449 1330 500 1372 me
522 1309 654 1393 faceres,
677 1332 776 1393 quum
799 1330 838 1372 ex
861 1307 1062 1373 sermonibus

102 1395 301 1480 quotidianis
323 1397 412 1481 meis,
435 1400 504 1462 tum
527 1419 566 1461 ex
588 1399 732 1482 epistolis
752 1398 849 1463 etiam
867 1398 934 1462 tuis
956 1396 1063 1462 notuit

103 1504 309 1570 cognoscere.

548 1661 620 1727 XX.

363 1769 420 1825 Sor.
448 1771 553 1829 Romae
581 1791 605 1828 a.
633 1793 660 1828 a.
688 1791 711 1828 c.
741 1779 800 1830 708.

399 1895 527 1951 CICERO
547 1896 677 1951 SERVIO
697 1896 773 1951 SAL.

173 1992 357 2079 Asclapone
388 1995 550 2078 Patrensi,
585 1996 726 2079 medico,
757 1999 832 2061 utor
861 1995 1064 2059 familiariter

104 2080 239 2165 eiusque
266 2105 366 2166 quum
393 2084 591 2150 consuetudo
619 2085 698 2148 mihi
725 2084 865 2149 iucunda
891 2084 968 2167 fuit,
994 2087 1064 2147 tum

104 2191 159 2235 ars
182 2171 294 2256 etiam,
324 2194 420 2255 quam
444 2195 515 2237 sum
543 2178 691 2257 expertus
714 2174 749 2236 in
772 2173 955 2237 valetudine
978 2194 1050 2237 meo

103 2280 192 2341 rum3
218 2259 254 2322 in
281 2281 345 2344 qua
367 2260 445 2323 mihi
473 2283 572 2344 quum
599 2262 670 2344 ipsa
694 2262 841 2345 scientia,
867 2267 937 2326 tum
966 2262 1064 2326 etiam

103 2345 261 2411 fidelitate
298 2349 584 2433 benevolentiaque
617 2350 782 2414 satisfecit.
835 2349 932 2414 Hunc
964 2351 1064 2434 igitur

104 2434 169 2497 tibi
192 2437 381 2500 commendo
405 2441 437 2501 et
460 2460 479 2500 a
501 2441 534 2501 te
557 2440 643 2521 peto,
664 2441 702 2502 ut
720 2439 776 2501 des
795 2461 934 2522 operam,
957 2444 993 2503 ut
1017 2440 1063 2501 in·

103 2523 235 2607 telligat
262 2524 432 2609 diligenter
461 2547 512 2589 me
542 2527 706 2610 scripsisse
735 2526 772 2591 de
801 2548 869 2592 sese
896 2548 1063 2610 meamque

104 2613 420 2677 commendationem
451 2615 524 2678 usui
555 2636 674 2700 magno
708 2616 768 2680 sibi
799 2616 912 2680 fuisse:
945 2615 1005 2680 erit
1030 2614 1064 2677 id

104 2698 188 2763 mihi
210 2700 416 2765 vehementer
439 2707 576 2786 gratum.

542 2878 630 2942 XXI.

365 2988 422 3044 Sor.
450 2989 555 3043 Romae
582 3007 607 3044 a.
635 3008 662 3044 u.
691 3007 713 3045 c.
743 2996 802 3047 708.

399 3110 526 3166 CICERO
546 3112 677 3168 SERVIO
697 3114 771 3169 SAL.

173 3208 217 3274 Μ.
240 3209 398 3277 Aemilius
429 3210 588 3277 Avianius
616 3214 656 3277 ab
688 3214 819 3279 ineunte
848 3213 1098 3279 adolescential

104 3318 159 3361 me
181 3299 365 3365 observavit
393 3321 580 3384 semperque
604 3301 727 3387 dilexit,
756 3303 805 3367 vir
828 3324 926 3385 quum
949 3303 1064 3386 bonus,

176 3454 229 3525 Ep.
248 3462 290 3510 20.
324 3448 393 3511 bsai
414 3458 469 3511 sibi
490 3473 589 3527 magno
608 3458 693 3527 (W.)?
729 3456 781 3527 Ep.
800 3464 886 3527 21,1.
923 3460 1064 3514 Avianius

105 3524 182 3595 (W).
219 3528 349 3582 Acicnuc
364 3527 410 3595 M„
431 3527 523 3599 vulgo.
