<?xml version="1.0" encoding="UTF-8"?>
<!DOCTYPE html PUBLIC "-//W3C//DTD XHTML 1.0 Transitional//EN"
    "http://www.w3.org/TR/xhtml1/DTD/xhtml1-transitional.dtd">
<html xmlns="http://www.w3.org/1999/xhtml" xml:lang="en" lang="en">
 <head>
  <title>
</title>
<meta http-equiv="Content-Type" content="text/html;charset=utf-8" />
  <meta name='ocr-system' content='tesseract 3.04.00' />
  <meta name='ocr-capabilities' content='ocr_page ocr_carea ocr_par ocr_line ocrx_word'/>
</head>
<body>
  <div class='ocr_page' id='page_1' title='image "./epistolae00cicegoog_0374.png"; bbox 0 0 2370 3878; ppageno 0'>
   <div class='ocr_carea' id='block_1_1' title="bbox 314 174 1013 245">
    <p class='ocr_par' dir='ltr' id='par_1_1' title="bbox 314 174 1013 245">
     <span class='ocr_line' id='line_1_1' title="bbox 314 174 1013 245; baseline 0.009 -5"><span class='ocrx_word' id='word_1_1' title='bbox 314 174 572 241; x_wconf 76' lang='lat' dir='ltr'><strong>EPISTOLA&#39;RUM</strong></span> <span class='ocrx_word' id='word_1_2' title='bbox 590 185 636 240; x_wconf 88' lang='lat' dir='ltr'><strong>Xl.</strong></span> <span class='ocrx_word' id='word_1_3' title='bbox 656 191 698 239; x_wconf 78' lang='lat'><strong>20.</strong></span> <span class='ocrx_word' id='word_1_4' title='bbox 718 191 760 239; x_wconf 73' lang='lat'><strong>21.</strong></span> <span class='ocrx_word' id='word_1_5' title='bbox 949 183 1013 245; x_wconf 75' lang='grc'><strong>365</strong></span> 
     </span>
    </p>
   </div>
   <div class='ocr_carea' id='block_1_2' title="bbox 56 326 1049 1910">
    <p class='ocr_par' dir='ltr' id='par_1_2' title="bbox 56 326 1049 1910">
     <span class='ocr_line' id='line_1_2' title="bbox 56 326 1013 415; baseline -0.005 -20"><span class='ocrx_word' id='word_1_6' title='bbox 56 333 150 415; x_wconf 84' lang='lat' dir='ltr'><strong>viris,</strong></span> <span class='ocrx_word' id='word_1_7' title='bbox 179 331 295 412; x_wconf 80' lang='lat' dir='ltr'><strong>facias3</strong></span> <span class='ocrx_word' id='word_1_8' title='bbox 328 329 441 394; x_wconf 90' lang='lat' dir='ltr'><strong>deinde</strong></span> <span class='ocrx_word' id='word_1_9' title='bbox 474 330 513 394; x_wconf 92' lang='lat' dir='ltr'><strong>de</strong></span> <span class='ocrx_word' id='word_1_10' title='bbox 540 329 704 413; x_wconf 88' lang='lat' dir='ltr'><strong>praemiis,</strong></span> <span class='ocrx_word' id='word_1_11' title='bbox 736 329 763 392; x_wconf 87' lang='lat' dir='ltr'><strong>si</strong></span> <span class='ocrx_word' id='word_1_12' title='bbox 789 328 850 392; x_wconf 87' lang='lat' dir='ltr'><strong>tibi</strong></span> <span class='ocrx_word' id='word_1_13' title='bbox 879 326 1013 409; x_wconf 85' lang='lat' dir='ltr'><strong>videtur,</strong></span> 
     </span>
     <span class='ocr_line' id='line_1_3' title="bbox 57 415 1014 504; baseline -0.006 -20"><span class='ocrx_word' id='word_1_14' title='bbox 57 440 156 504; x_wconf 86' lang='lat' dir='ltr'><strong>agros</strong></span> <span class='ocrx_word' id='word_1_15' title='bbox 183 440 293 483; x_wconf 88' lang='lat' dir='ltr'><strong>eorum</strong></span> <span class='ocrx_word' id='word_1_16' title='bbox 322 418 473 500; x_wconf 88' lang='lat' dir='ltr'><strong>militum,</strong></span> <span class='ocrx_word' id='word_1_17' title='bbox 506 419 561 500; x_wconf 93' lang='lat' dir='ltr'><strong>qui</strong></span> <span class='ocrx_word' id='word_1_18' title='bbox 593 438 665 481; x_wconf 89' lang='lat' dir='ltr'><strong>cum</strong></span> <span class='ocrx_word' id='word_1_19' title='bbox 696 415 842 482; x_wconf 84' lang='lat' dir='ltr'><strong>Antonio</strong></span> <span class='ocrx_word' id='word_1_20' title='bbox 869 416 1014 479; x_wconf 85' lang='lat' dir='ltr'><strong>veterani</strong></span> 
     </span>
     <span class='ocr_line' id='line_1_4' title="bbox 58 504 1012 593; baseline -0.004 -22"><span class='ocrx_word' id='word_1_21' title='bbox 58 508 203 591; x_wconf 89' lang='lat' dir='ltr'><strong>fuerunt,</strong></span> <span class='ocrx_word' id='word_1_22' title='bbox 229 507 269 570; x_wconf 92' lang='lat' dir='ltr'><strong>iis</strong></span> <span class='ocrx_word' id='word_1_23' title='bbox 297 506 578 593; x_wconf 86' lang='lat' dir='ltr'><strong>dandoscenseas</strong></span> <span class='ocrx_word' id='word_1_24' title='bbox 609 506 650 570; x_wconf 88' lang='lat' dir='ltr'><strong>ab</strong></span> <span class='ocrx_word' id='word_1_25' title='bbox 673 505 816 588; x_wconf 90' lang='lat' dir='ltr'><strong>utrisque</strong></span> <span class='ocrx_word' id='word_1_26' title='bbox 839 504 947 585; x_wconf 69' lang='lat' dir='ltr'><strong>nobis,</strong></span> <span class='ocrx_word' id='word_1_27' title='bbox 975 504 1012 568; x_wconf 91' lang='lat' dir='ltr'><strong>de</strong></span> 
     </span>
     <span class='ocr_line' id='line_1_5' title="bbox 57 593 1014 678; baseline -0.002 -19"><span class='ocrx_word' id='word_1_28' title='bbox 57 595 208 678; x_wconf 88' lang='lat' dir='ltr'><strong>nummis,</strong></span> <span class='ocrx_word' id='word_1_29' title='bbox 229 595 317 659; x_wconf 86' lang='lat' dir='ltr'><strong>lente</strong></span> <span class='ocrx_word' id='word_1_30' title='bbox 340 615 377 658; x_wconf 91' lang='lat' dir='ltr'><strong>ac</strong></span> <span class='ocrx_word' id='word_1_31' title='bbox 400 593 525 658; x_wconf 88' lang='lat' dir='ltr'><strong>ratione</strong></span> <span class='ocrx_word' id='word_1_32' title='bbox 548 594 660 658; x_wconf 87' lang='lat' dir='ltr'><strong>habita</strong></span> <span class='ocrx_word' id='word_1_33' title='bbox 688 594 843 676; x_wconf 87' lang='lat' dir='ltr'><strong>pecuniae</strong></span> <span class='ocrx_word' id='word_1_34' title='bbox 866 598 1014 657; x_wconf 86' lang='lat' dir='ltr'><strong>senatum</strong></span> 
     </span>
     <span class='ocr_line' id='line_1_6' title="bbox 56 680 1014 766; baseline -0.006 -18"><span class='ocrx_word' id='word_1_35' title='bbox 56 684 98 748; x_wconf 94' lang='lat' dir='ltr'><strong>de</strong></span> <span class='ocrx_word' id='word_1_36' title='bbox 125 704 164 747; x_wconf 87' lang='lat' dir='ltr'><strong>ea</strong></span> <span class='ocrx_word' id='word_1_37' title='bbox 190 704 225 746; x_wconf 89' lang='lat' dir='ltr'><strong>re</strong></span> <span class='ocrx_word' id='word_1_38' title='bbox 253 682 512 747; x_wconf 87' lang='lat' dir='ltr'><strong>constituturum.</strong></span> <span class='ocrx_word' id='word_1_39' title='bbox 566 680 726 757; x_wconf 76' lang='lat' dir='ltr'><strong>Quattuor</strong></span> <span class='ocrx_word' id='word_1_40' title='bbox 756 681 938 766; x_wconf 82' lang='lat' dir='ltr'>legionibus</span> <span class='ocrx_word' id='word_1_41' title='bbox 965 681 1014 762; x_wconf 88' lang='lat' dir='ltr'><strong>iis,</strong></span> 
     </span>
     <span class='ocr_line' id='line_1_7' title="bbox 56 769 1014 855; baseline -0.004 -20"><span class='ocrx_word' id='word_1_42' title='bbox 56 771 176 855; x_wconf 91' lang='lat' dir='ltr'><strong>quibus</strong></span> <span class='ocrx_word' id='word_1_43' title='bbox 208 790 304 855; x_wconf 88' lang='lat' dir='ltr'><strong>agros</strong></span> <span class='ocrx_word' id='word_1_44' title='bbox 337 769 460 834; x_wconf 88' lang='lat' dir='ltr'><strong>dandos</strong></span> <span class='ocrx_word' id='word_1_45' title='bbox 493 770 675 851; x_wconf 75' lang='lat' dir='ltr'><strong>censuistis,</strong></span> <span class='ocrx_word' id='word_1_46' title='bbox 705 769 798 834; x_wconf 87' lang='lat' dir='ltr'><strong>video</strong></span> <span class='ocrx_word' id='word_1_47' title='bbox 825 769 1014 834; x_wconf 85' lang='lat' dir='ltr'><strong>facultatem</strong></span> 
     </span>
     <span class='ocr_line' id='line_1_8' title="bbox 56 855 1014 944; baseline -0.002 -22"><span class='ocrx_word' id='word_1_48' title='bbox 56 859 128 925; x_wconf 89' lang='lat' dir='ltr'><strong>fore</strong></span> <span class='ocrx_word' id='word_1_49' title='bbox 151 879 191 922; x_wconf 88' lang='lat' dir='ltr'><strong>ex</strong></span> <span class='ocrx_word' id='word_1_50' title='bbox 213 859 299 944; x_wconf 84' lang='lat' dir='ltr'><strong>agris</strong></span> <span class='ocrx_word' id='word_1_51' title='bbox 323 855 464 922; x_wconf 81' lang='lat' dir='ltr'><strong>Sullanis</strong></span> <span class='ocrx_word' id='word_1_52' title='bbox 488 862 520 922; x_wconf 91' lang='lat' dir='ltr'><strong>et</strong></span> <span class='ocrx_word' id='word_1_53' title='bbox 543 878 621 942; x_wconf 88' lang='lat' dir='ltr'><strong>agro</strong></span> <span class='ocrx_word' id='word_1_54' title='bbox 637 855 816 939; x_wconf 79' lang='lat' dir='ltr'><strong>Campan03</strong></span> <span class='ocrx_word' id='word_1_55' title='bbox 839 857 1014 940; x_wconf 83' lang='lat' dir='ltr'><strong>aequaliter</strong></span> 
     </span>
     <span class='ocr_line' id='line_1_9' title="bbox 57 945 1013 1031; baseline -0.003 -20"><span class='ocrx_word' id='word_1_56' title='bbox 57 950 116 1011; x_wconf 88' lang='lat' dir='ltr'><strong>aut</strong></span> <span class='ocrx_word' id='word_1_57' title='bbox 139 950 226 1011; x_wconf 80' lang='lat' dir='ltr'><strong>sorte</strong></span> <span class='ocrx_word' id='word_1_58' title='bbox 249 966 345 1031; x_wconf 88' lang='lat' dir='ltr'><strong>agros</strong></span> <span class='ocrx_word' id='word_1_59' title='bbox 367 947 549 1030; x_wconf 80' lang='lat' dir='ltr'><strong>legionibus</strong></span> <span class='ocrx_word' id='word_1_60' title='bbox 573 945 733 1029; x_wconf 89' lang='lat' dir='ltr'><strong>assignari</strong></span> <span class='ocrx_word' id='word_1_61' title='bbox 755 949 834 1028; x_wconf 87' lang='lat' dir='ltr'><strong>puto</strong></span> <span class='ocrx_word' id='word_1_62' title='bbox 858 949 1013 1028; x_wconf 87' lang='lat' dir='ltr'><strong>oportere.</strong></span> 
     </span>
     <span class='ocr_line' id='line_1_10' title="bbox 56 1032 1049 1117; baseline -0.009 -19"><span class='ocrx_word' id='word_1_63' title='bbox 56 1034 149 1099; x_wconf 88' lang='lat' dir='ltr'><strong>Haec</strong></span> <span class='ocrx_word' id='word_1_64' title='bbox 171 1055 223 1098; x_wconf 89' lang='lat' dir='ltr'><strong>me</strong></span> <span class='ocrx_word' id='word_1_65' title='bbox 245 1035 306 1101; x_wconf 83' lang='lat' dir='ltr'><strong>tibi</strong></span> <span class='ocrx_word' id='word_1_66' title='bbox 329 1034 466 1099; x_wconf 88' lang='lat' dir='ltr'><strong>seribere</strong></span> <span class='ocrx_word' id='word_1_67' title='bbox 489 1055 556 1098; x_wconf 91' lang='lat' dir='ltr'><strong>non</strong></span> <span class='ocrx_word' id='word_1_68' title='bbox 579 1033 750 1117; x_wconf 87' lang='lat' dir='ltr'><strong>pmdentia</strong></span> <span class='ocrx_word' id='word_1_69' title='bbox 773 1054 843 1096; x_wconf 89' lang='lat' dir='ltr'><strong>mea</strong></span> <span class='ocrx_word' id='word_1_70' title='bbox 857 1032 1014 1113; x_wconf 84' lang='lat' dir='ltr'><strong>hortatur,</strong></span> <span class='ocrx_word' id='word_1_71' title='bbox 1032 1040 1049 1089; x_wconf 82' lang='lat'>4</span> 
     </span>
     <span class='ocr_line' id='line_1_11' title="bbox 58 1120 1014 1205; baseline -0.004 -18"><span class='ocrx_word' id='word_1_72' title='bbox 58 1122 115 1187; x_wconf 90' lang='lat' dir='ltr'><strong>sed</strong></span> <span class='ocrx_word' id='word_1_73' title='bbox 139 1144 230 1187; x_wconf 89' lang='lat' dir='ltr'><strong>amor</strong></span> <span class='ocrx_word' id='word_1_74' title='bbox 251 1122 286 1186; x_wconf 91' lang='lat' dir='ltr'><strong>in</strong></span> <span class='ocrx_word' id='word_1_75' title='bbox 309 1126 341 1186; x_wconf 90' lang='lat' dir='ltr'><strong>te</strong></span> <span class='ocrx_word' id='word_1_76' title='bbox 365 1125 398 1186; x_wconf 86' lang='lat' dir='ltr'><strong>et</strong></span> <span class='ocrx_word' id='word_1_77' title='bbox 420 1122 578 1205; x_wconf 82' lang='lat' dir='ltr'><strong>cupiditas</strong></span> <span class='ocrx_word' id='word_1_78' title='bbox 602 1122 669 1204; x_wconf 88' lang='lat' dir='ltr'><strong>otii,</strong></span> <span class='ocrx_word' id='word_1_79' title='bbox 693 1120 778 1204; x_wconf 90' lang='lat' dir='ltr'><strong>quod</strong></span> <span class='ocrx_word' id='word_1_80' title='bbox 798 1121 916 1184; x_wconf 89' lang='lat' dir='ltr'><strong>sinete</strong></span> <span class='ocrx_word' id='word_1_81' title='bbox 940 1141 1014 1183; x_wconf 91' lang='lat' dir='ltr'><strong>con-</strong></span> 
     </span>
     <span class='ocr_line' id='line_1_12' title="bbox 58 1207 1015 1294; baseline -0.004 -20"><span class='ocrx_word' id='word_1_82' title='bbox 58 1211 173 1275; x_wconf 89' lang='lat' dir='ltr'><strong>sistere</strong></span> <span class='ocrx_word' id='word_1_83' title='bbox 195 1231 258 1276; x_wconf 74' lang='lat' dir='ltr'><strong>aaa</strong></span> <span class='ocrx_word' id='word_1_84' title='bbox 279 1214 396 1294; x_wconf 90' lang='lat' dir='ltr'><strong>potest.</strong></span> <span class='ocrx_word' id='word_1_85' title='bbox 441 1209 527 1294; x_wconf 85' lang='lat' dir='ltr'><strong>Ego,</strong></span> <span class='ocrx_word' id='word_1_86' title='bbox 556 1210 620 1273; x_wconf 89' lang='lat' dir='ltr'><strong>nisi</strong></span> <span class='ocrx_word' id='word_1_87' title='bbox 642 1209 734 1272; x_wconf 88' lang='lat' dir='ltr'><strong>valde</strong></span> <span class='ocrx_word' id='word_1_88' title='bbox 757 1229 887 1273; x_wconf 88' lang='lat' dir='ltr'><strong>necesse</strong></span> <span class='ocrx_word' id='word_1_89' title='bbox 908 1207 1015 1290; x_wconf 87' lang='lat' dir='ltr'><strong>fuerit,</strong></span> 
     </span>
     <span class='ocr_line' id='line_1_13' title="bbox 59 1297 1014 1382; baseline -0.001 -21"><span class='ocrx_word' id='word_1_90' title='bbox 59 1320 100 1362; x_wconf 88' lang='lat' dir='ltr'><strong>ex</strong></span> <span class='ocrx_word' id='word_1_91' title='bbox 122 1297 221 1362; x_wconf 85' lang='lat' dir='ltr'><strong>ltatia</strong></span> <span class='ocrx_word' id='word_1_92' title='bbox 243 1320 310 1363; x_wconf 91' lang='lat' dir='ltr'><strong>non</strong></span> <span class='ocrx_word' id='word_1_93' title='bbox 332 1298 495 1379; x_wconf 80' lang='lat' dir='ltr'><strong>excedam3</strong></span> <span class='ocrx_word' id='word_1_94' title='bbox 518 1299 662 1382; x_wconf 84' lang='lat' dir='ltr'><strong>legiones</strong></span> <span class='ocrx_word' id='word_1_95' title='bbox 684 1318 782 1380; x_wconf 85' lang='lat' dir='ltr'><strong>armo,</strong></span> <span class='ocrx_word' id='word_1_96' title='bbox 804 1318 897 1381; x_wconf 81' lang='lat' dir='ltr'><strong>par03</strong></span> <span class='ocrx_word' id='word_1_97' title='bbox 921 1317 1014 1379; x_wconf 89' lang='lat' dir='ltr'><strong>spero</strong></span> 
     </span>
     <span class='ocr_line' id='line_1_14' title="bbox 59 1386 1014 1470; baseline 0 -22"><span class='ocrx_word' id='word_1_98' title='bbox 59 1407 114 1449; x_wconf 91' lang='lat' dir='ltr'><strong>me</strong></span> <span class='ocrx_word' id='word_1_99' title='bbox 136 1406 204 1450; x_wconf 92' lang='lat' dir='ltr'><strong>non</strong></span> <span class='ocrx_word' id='word_1_100' title='bbox 225 1387 400 1470; x_wconf 89' lang='lat' dir='ltr'><strong>pessimum</strong></span> <span class='ocrx_word' id='word_1_101' title='bbox 426 1387 599 1450; x_wconf 86' lang='lat' dir='ltr'><strong>exercitum</strong></span> <span class='ocrx_word' id='word_1_102' title='bbox 626 1386 812 1449; x_wconf 88' lang='lat' dir='ltr'><strong>habiturum</strong></span> <span class='ocrx_word' id='word_1_103' title='bbox 835 1386 875 1449; x_wconf 91' lang='lat' dir='ltr'><strong>ad</strong></span> <span class='ocrx_word' id='word_1_104' title='bbox 903 1406 1014 1449; x_wconf 85' lang='lat' dir='ltr'><strong>omnes</strong></span> 
     </span>
     <span class='ocr_line' id='line_1_15' title="bbox 60 1473 1015 1558; baseline 0 -22"><span class='ocrx_word' id='word_1_105' title='bbox 60 1494 156 1537; x_wconf 87' lang='lat' dir='ltr'><strong>casus</strong></span> <span class='ocrx_word' id='word_1_106' title='bbox 188 1478 220 1538; x_wconf 94' lang='lat' dir='ltr'><strong>et</strong></span> <span class='ocrx_word' id='word_1_107' title='bbox 250 1474 387 1558; x_wconf 91' lang='lat' dir='ltr'><strong>impetus</strong></span> <span class='ocrx_word' id='word_1_108' title='bbox 419 1474 595 1538; x_wconf 90' lang='lat' dir='ltr'><strong>hominum.</strong></span> <span class='ocrx_word' id='word_1_109' title='bbox 649 1473 699 1538; x_wconf 92' lang='lat' dir='ltr'><strong>De</strong></span> <span class='ocrx_word' id='word_1_110' title='bbox 732 1474 884 1556; x_wconf 86' lang='lat' dir='ltr'><strong>exercitu,</strong></span> <span class='ocrx_word' id='word_1_111' title='bbox 920 1495 1015 1557; x_wconf 90' lang='lat' dir='ltr'><strong>quem</strong></span> 
     </span>
     <span class='ocr_line' id='line_1_16' title="bbox 59 1559 1015 1646; baseline 0.001 -22"><span class='ocrx_word' id='word_1_112' title='bbox 59 1560 170 1625; x_wconf 88' lang='lat' dir='ltr'><strong>Pansa</strong></span> <span class='ocrx_word' id='word_1_113' title='bbox 191 1561 316 1646; x_wconf 87' lang='lat' dir='ltr'><strong>habuit,</strong></span> <span class='ocrx_word' id='word_1_114' title='bbox 338 1562 500 1646; x_wconf 81' lang='lat' dir='ltr'><strong>legionem</strong></span> <span class='ocrx_word' id='word_1_115' title='bbox 526 1563 607 1626; x_wconf 91' lang='lat' dir='ltr'><strong>mihi</strong></span> <span class='ocrx_word' id='word_1_116' title='bbox 633 1559 751 1627; x_wconf 82' lang='lat' dir='ltr'><strong>Caesar</strong></span> <span class='ocrx_word' id='word_1_117' title='bbox 777 1583 845 1627; x_wconf 89' lang='lat' dir='ltr'><strong>non</strong></span> <span class='ocrx_word' id='word_1_118' title='bbox 871 1563 1015 1626; x_wconf 83' lang='lat' dir='ltr'><strong>remittit.</strong></span> 
     </span>
     <span class='ocr_line' id='line_1_17' title="bbox 59 1649 1015 1733; baseline 0.002 -21"><span class='ocrx_word' id='word_1_119' title='bbox 59 1649 114 1712; x_wconf 89' lang='lat' dir='ltr'><strong>Ad</strong></span> <span class='ocrx_word' id='word_1_120' title='bbox 145 1649 204 1714; x_wconf 92' lang='lat' dir='ltr'><strong>has</strong></span> <span class='ocrx_word' id='word_1_121' title='bbox 235 1650 359 1714; x_wconf 82' lang='lat' dir='ltr'><strong>litteras</strong></span> <span class='ocrx_word' id='word_1_122' title='bbox 397 1651 506 1714; x_wconf 87' lang='lat' dir='ltr'><strong>statim</strong></span> <span class='ocrx_word' id='word_1_123' title='bbox 538 1651 617 1714; x_wconf 89' lang='lat' dir='ltr'><strong>mihi</strong></span> <span class='ocrx_word' id='word_1_124' title='bbox 648 1651 786 1714; x_wconf 83' lang='lat' dir='ltr'><strong>rescribe</strong></span> <span class='ocrx_word' id='word_1_125' title='bbox 822 1655 1015 1733; x_wconf 86' lang='lat' dir='ltr'><strong>tuorumque</strong></span> 
     </span>
     <span class='ocr_line' id='line_1_18' title="bbox 60 1737 1015 1822; baseline -0.001 -21"><span class='ocrx_word' id='word_1_126' title='bbox 60 1737 200 1820; x_wconf 85' lang='lat' dir='ltr'><strong>aliquem</strong></span> <span class='ocrx_word' id='word_1_127' title='bbox 218 1739 320 1820; x_wconf 83' lang='lat' dir='ltr'><strong>mitte,</strong></span> <span class='ocrx_word' id='word_1_128' title='bbox 343 1738 370 1802; x_wconf 94' lang='lat' dir='ltr'><strong>si</strong></span> <span class='ocrx_word' id='word_1_129' title='bbox 389 1739 464 1820; x_wconf 93' lang='lat' dir='ltr'><strong>quid</strong></span> <span class='ocrx_word' id='word_1_130' title='bbox 482 1739 683 1803; x_wconf 91' lang='lat' dir='ltr'><strong>reconditum</strong></span> <span class='ocrx_word' id='word_1_131' title='bbox 701 1739 805 1822; x_wconf 86' lang='lat' dir='ltr'><strong>magis</strong></span> <span class='ocrx_word' id='word_1_132' title='bbox 824 1738 884 1802; x_wconf 90' lang='lat' dir='ltr'><strong>erit</strong></span> <span class='ocrx_word' id='word_1_133' title='bbox 902 1760 1015 1819; x_wconf 91' lang='lat' dir='ltr'><strong>meque</strong></span> 
     </span>
     <span class='ocr_line' id='line_1_19' title="bbox 61 1824 1015 1910; baseline -0.001 -22"><span class='ocrx_word' id='word_1_134' title='bbox 61 1826 142 1890; x_wconf 87' lang='lat' dir='ltr'><strong>scire</strong></span> <span class='ocrx_word' id='word_1_135' title='bbox 164 1847 245 1910; x_wconf 92' lang='lat' dir='ltr'><strong>opus</strong></span> <span class='ocrx_word' id='word_1_136' title='bbox 269 1846 338 1890; x_wconf 86' lang='lat' dir='ltr'><strong>esse</strong></span> <span class='ocrx_word' id='word_1_137' title='bbox 362 1829 494 1908; x_wconf 89' lang='lat' dir='ltr'><strong>putaris.</strong></span> <span class='ocrx_word' id='word_1_138' title='bbox 544 1845 625 1890; x_wconf 82' lang='lat' dir='ltr'><strong>vnn.</strong></span> <span class='ocrx_word' id='word_1_139' title='bbox 648 1826 721 1890; x_wconf 89' lang='lat' dir='ltr'><strong>Kal.</strong></span> <span class='ocrx_word' id='word_1_140' title='bbox 747 1826 818 1890; x_wconf 90' lang='lat' dir='ltr'><strong>Iun.</strong></span> <span class='ocrx_word' id='word_1_141' title='bbox 846 1824 1015 1908; x_wconf 83' lang='lat' dir='ltr'><strong>Eporedia.</strong></span> 
     </span>
    </p>
   </div>
   <div class='ocr_carea' id='block_1_3' title="bbox 179 2020 890 2200">
    <p class='ocr_par' dir='ltr' id='par_1_3' title="bbox 179 2020 890 2200">
     <span class='ocr_line' id='line_1_20' title="bbox 494 2020 580 2084; baseline 0 -1"><span class='ocrx_word' id='word_1_142' title='bbox 494 2020 580 2084; x_wconf 83' lang='lat' dir='ltr'><strong>XXI.</strong></span> 
     </span>
     <span class='ocr_line' id='line_1_21' title="bbox 179 2129 890 2200; baseline -0.003 -16"><span class='ocrx_word' id='word_1_143' title='bbox 179 2129 237 2185; x_wconf 83' lang='lat' dir='ltr'><strong>Sor.</strong></span> <span class='ocrx_word' id='word_1_144' title='bbox 257 2130 363 2186; x_wconf 87' lang='lat' dir='ltr'><strong>Romae</strong></span> <span class='ocrx_word' id='word_1_145' title='bbox 382 2131 452 2200; x_wconf 87' lang='lat' dir='ltr'><strong>prid.</strong></span> <span class='ocrx_word' id='word_1_146' title='bbox 471 2132 566 2185; x_wconf 86' lang='lat' dir='ltr'><strong>Nonas</strong></span> <span class='ocrx_word' id='word_1_147' title='bbox 586 2131 679 2185; x_wconf 90' lang='lat' dir='ltr'><strong>lunias</strong></span> <span class='ocrx_word' id='word_1_148' title='bbox 698 2145 723 2184; x_wconf 82' lang='lat' dir='ltr'><strong>a.</strong></span> <span class='ocrx_word' id='word_1_149' title='bbox 742 2148 768 2183; x_wconf 92' lang='lat' dir='ltr'><strong>u.</strong></span> <span class='ocrx_word' id='word_1_150' title='bbox 789 2147 811 2183; x_wconf 91' lang='lat' dir='ltr'><strong>c.</strong></span> <span class='ocrx_word' id='word_1_151' title='bbox 832 2136 890 2182; x_wconf 75' lang='lat'><strong>711.</strong></span> 
     </span>
    </p>
   </div>
   <div class='ocr_carea' id='block_1_4' title="bbox 138 2251 935 2308">
    <p class='ocr_par' dir='ltr' id='par_1_4' title="bbox 138 2251 935 2308">
     <span class='ocr_line' id='line_1_22' title="bbox 138 2251 935 2308; baseline 0.003 -2"><span class='ocrx_word' id='word_1_152' title='bbox 138 2251 175 2306; x_wconf 83' lang='lat' dir='ltr'><strong>M.</strong></span> <span class='ocrx_word' id='word_1_153' title='bbox 195 2252 322 2308; x_wconf 81' lang='lat' dir='ltr'>CICERO</span> <span class='ocrx_word' id='word_1_154' title='bbox 343 2253 369 2307; x_wconf 81' lang='lat' dir='ltr'><strong>S.</strong></span> <span class='ocrx_word' id='word_1_155' title='bbox 388 2254 421 2307; x_wconf 91' lang='lat' dir='ltr'><strong>D.</strong></span> <span class='ocrx_word' id='word_1_156' title='bbox 440 2254 472 2308; x_wconf 90' lang='lat' dir='ltr'><strong>D.</strong></span> <span class='ocrx_word' id='word_1_157' title='bbox 492 2253 614 2308; x_wconf 86' lang='lat' dir='ltr'>BRUTO</span> <span class='ocrx_word' id='word_1_158' title='bbox 635 2254 706 2307; x_wconf 89' lang='lat' dir='ltr'><strong>IMP.</strong></span> <span class='ocrx_word' id='word_1_159' title='bbox 727 2252 800 2308; x_wconf 88' lang='lat' dir='ltr'><strong>COS.</strong></span> <span class='ocrx_word' id='word_1_160' title='bbox 819 2253 935 2308; x_wconf 82' lang='lat' dir='ltr'><strong>DESIG.</strong></span> 
     </span>
    </p>
   </div>
   <div class='ocr_carea' id='block_1_5' title="bbox 58 2350 1114 3319">
    <p class='ocr_par' dir='ltr' id='par_1_5' title="bbox 58 2350 1114 3319">
     <span class='ocr_line' id='line_1_23' title="bbox 128 2350 1050 2438; baseline 0.001 -24"><span class='ocrx_word' id='word_1_161' title='bbox 128 2350 171 2414; x_wconf 92' lang='lat' dir='ltr'><strong>Di</strong></span> <span class='ocrx_word' id='word_1_162' title='bbox 193 2352 248 2416; x_wconf 92' lang='lat' dir='ltr'><strong>isti</strong></span> <span class='ocrx_word' id='word_1_163' title='bbox 266 2351 396 2438; x_wconf 81' lang='lat' dir='ltr'><strong>Segulio</strong></span> <span class='ocrx_word' id='word_1_164' title='bbox 415 2355 498 2418; x_wconf 87' lang='lat' dir='ltr'><strong>male</strong></span> <span class='ocrx_word' id='word_1_165' title='bbox 518 2354 648 2438; x_wconf 87' lang='lat' dir='ltr'><strong>faciant,</strong></span> <span class='ocrx_word' id='word_1_166' title='bbox 670 2353 795 2418; x_wconf 89' lang='lat' dir='ltr'><strong>homini</strong></span> <span class='ocrx_word' id='word_1_167' title='bbox 819 2355 1015 2438; x_wconf 89' lang='lat' dir='ltr'><strong>nequissimo</strong></span> <span class='ocrx_word' id='word_1_168' title='bbox 1036 2367 1050 2415; x_wconf 93' lang='lat'>1</span> 
     </span>
     <span class='ocr_line' id='line_1_24' title="bbox 61 2439 1014 2525; baseline 0.001 -21"><span class='ocrx_word' id='word_1_169' title='bbox 61 2439 220 2522; x_wconf 90' lang='lat' dir='ltr'><strong>omnium,</strong></span> <span class='ocrx_word' id='word_1_170' title='bbox 252 2441 307 2523; x_wconf 91' lang='lat' dir='ltr'><strong>qui</strong></span> <span class='ocrx_word' id='word_1_171' title='bbox 338 2446 427 2524; x_wconf 84' lang='lat' dir='ltr'><strong>sunt,</strong></span> <span class='ocrx_word' id='word_1_172' title='bbox 459 2443 514 2525; x_wconf 89' lang='lat' dir='ltr'><strong>qui</strong></span> <span class='ocrx_word' id='word_1_173' title='bbox 541 2443 685 2525; x_wconf 87' lang='lat' dir='ltr'><strong>fuerunt,</strong></span> <span class='ocrx_word' id='word_1_174' title='bbox 717 2442 772 2525; x_wconf 91' lang='lat' dir='ltr'><strong>qui</strong></span> <span class='ocrx_word' id='word_1_175' title='bbox 798 2443 899 2507; x_wconf 86' lang='lat' dir='ltr'><strong>futuri</strong></span> <span class='ocrx_word' id='word_1_176' title='bbox 928 2445 1014 2506; x_wconf 88' lang='lat' dir='ltr'><strong>sunt!</strong></span> 
     </span>
     <span class='ocr_line' id='line_1_25' title="bbox 62 2526 1017 2612; baseline 0.004 -23"><span class='ocrx_word' id='word_1_177' title='bbox 62 2526 162 2611; x_wconf 86' lang='lat' dir='ltr'><strong>quid?</strong></span> <span class='ocrx_word' id='word_1_178' title='bbox 185 2530 221 2590; x_wconf 89' lang='lat' dir='ltr'><strong>tu</strong></span> <span class='ocrx_word' id='word_1_179' title='bbox 243 2528 334 2593; x_wconf 92' lang='lat' dir='ltr'><strong>illum</strong></span> <span class='ocrx_word' id='word_1_180' title='bbox 357 2534 463 2593; x_wconf 85' lang='lat' dir='ltr'><strong>tecum</strong></span> <span class='ocrx_word' id='word_1_181' title='bbox 487 2532 591 2594; x_wconf 91' lang='lat' dir='ltr'><strong>solum</strong></span> <span class='ocrx_word' id='word_1_182' title='bbox 614 2534 671 2594; x_wconf 90' lang='lat' dir='ltr'><strong>aut</strong></span> <span class='ocrx_word' id='word_1_183' title='bbox 693 2552 766 2595; x_wconf 87' lang='lat' dir='ltr'><strong>oum</strong></span> <span class='ocrx_word' id='word_1_184' title='bbox 781 2528 937 2594; x_wconf 81' lang='lat' dir='ltr'><strong>Caesare?</strong></span> <span class='ocrx_word' id='word_1_185' title='bbox 962 2531 1017 2612; x_wconf 90' lang='lat' dir='ltr'><strong>qui</strong></span> 
     </span>
     <span class='ocr_line' id='line_1_26' title="bbox 60 2616 1015 2702; baseline 0.004 -24"><span class='ocrx_word' id='word_1_186' title='bbox 60 2616 224 2679; x_wconf 87' lang='lat' dir='ltr'><strong>neminem</strong></span> <span class='ocrx_word' id='word_1_187' title='bbox 246 2618 506 2701; x_wconf 87' lang='lat' dir='ltr'><strong>praetermiserit,</strong></span> <span class='ocrx_word' id='word_1_188' title='bbox 530 2618 657 2700; x_wconf 90' lang='lat' dir='ltr'><strong>quicum</strong></span> <span class='ocrx_word' id='word_1_189' title='bbox 680 2618 769 2702; x_wconf 93' lang='lat' dir='ltr'><strong>loqui</strong></span> <span class='ocrx_word' id='word_1_190' title='bbox 791 2618 941 2700; x_wconf 89' lang='lat' dir='ltr'><strong>potuerit,</strong></span> <span class='ocrx_word' id='word_1_191' title='bbox 965 2620 1015 2682; x_wconf 90' lang='lat' dir='ltr'><strong>cui</strong></span> 
     </span>
     <span class='ocr_line' id='line_1_27' title="bbox 60 2703 1015 2789; baseline 0.004 -23"><span class='ocrx_word' id='word_1_192' title='bbox 60 2724 129 2768; x_wconf 90' lang='lat' dir='ltr'><strong>non</strong></span> <span class='ocrx_word' id='word_1_193' title='bbox 152 2703 263 2768; x_wconf 90' lang='lat' dir='ltr'><strong>eadem</strong></span> <span class='ocrx_word' id='word_1_194' title='bbox 285 2705 349 2769; x_wconf 89' lang='lat' dir='ltr'><strong>ista</strong></span> <span class='ocrx_word' id='word_1_195' title='bbox 372 2705 495 2769; x_wconf 89' lang='lat' dir='ltr'><strong>dixerit.</strong></span> <span class='ocrx_word' id='word_1_196' title='bbox 541 2706 586 2770; x_wconf 85' lang='lat' dir='ltr'><strong>Te</strong></span> <span class='ocrx_word' id='word_1_197' title='bbox 613 2710 736 2788; x_wconf 87' lang='lat' dir='ltr'><strong>tamen,</strong></span> <span class='ocrx_word' id='word_1_198' title='bbox 763 2706 807 2768; x_wconf 92' lang='lat' dir='ltr'><strong>mi</strong></span> <span class='ocrx_word' id='word_1_199' title='bbox 830 2704 943 2789; x_wconf 81' lang='lat' dir='ltr'><strong>Brute,</strong></span> <span class='ocrx_word' id='word_1_200' title='bbox 971 2707 1015 2770; x_wconf 93' lang='lat' dir='ltr'><strong>sic</strong></span> 
     </span>
     <span class='ocr_line' id='line_1_28' title="bbox 60 2792 1114 2880; baseline 0.006 -26"><span class='ocrx_word' id='word_1_201' title='bbox 60 2812 143 2875; x_wconf 88' lang='lat' dir='ltr'><strong>amo,</strong></span> <span class='ocrx_word' id='word_1_202' title='bbox 166 2795 204 2855; x_wconf 86' lang='lat' dir='ltr'><strong>ut</strong></span> <span class='ocrx_word' id='word_1_203' title='bbox 226 2792 336 2876; x_wconf 85' lang='lat' dir='ltr'><strong>debeo,</strong></span> <span class='ocrx_word' id='word_1_204' title='bbox 359 2795 444 2876; x_wconf 89' lang='lat' dir='ltr'><strong>quod</strong></span> <span class='ocrx_word' id='word_1_205' title='bbox 467 2794 553 2858; x_wconf 90' lang='lat' dir='ltr'><strong>istud</strong></span> <span class='ocrx_word' id='word_1_206' title='bbox 577 2794 732 2879; x_wconf 91' lang='lat' dir='ltr'><strong>quidquid</strong></span> <span class='ocrx_word' id='word_1_207' title='bbox 754 2797 838 2858; x_wconf 91' lang='lat' dir='ltr'><strong>esset</strong></span> <span class='ocrx_word' id='word_1_208' title='bbox 855 2815 1016 2880; x_wconf 84' lang='lat' dir='ltr'><strong>nugarum</strong></span> <span class='ocrx_word' id='word_1_209' title='bbox 1110 2819 1114 2829; x_wconf 72' lang='grc'>’</span> 
     </span>
     <span class='ocr_line' id='line_1_29' title="bbox 60 2881 1015 2967; baseline 0.004 -25"><span class='ocrx_word' id='word_1_210' title='bbox 60 2901 111 2943; x_wconf 90' lang='lat' dir='ltr'><strong>me</strong></span> <span class='ocrx_word' id='word_1_211' title='bbox 144 2881 224 2944; x_wconf 90' lang='lat' dir='ltr'><strong>scire</strong></span> <span class='ocrx_word' id='word_1_212' title='bbox 256 2882 400 2964; x_wconf 70' lang='lat' dir='ltr'><strong>voluisti,</strong></span> <span class='ocrx_word' id='word_1_213' title='bbox 433 2883 561 2966; x_wconf 89' lang='lat' dir='ltr'><strong>signum</strong></span> <span class='ocrx_word' id='word_1_214' title='bbox 594 2883 679 2945; x_wconf 89' lang='lat' dir='ltr'><strong>enim</strong></span> <span class='ocrx_word' id='word_1_215' title='bbox 711 2903 865 2967; x_wconf 87' lang='lat' dir='ltr'><strong>magnum</strong></span> <span class='ocrx_word' id='word_1_216' title='bbox 897 2885 1015 2948; x_wconf 90' lang='lat' dir='ltr'><strong>amoris</strong></span> 
     </span>
     <span class='ocr_line' id='line_1_30' title="bbox 60 2966 1050 3055; baseline 0.002 -25"><span class='ocrx_word' id='word_1_217' title='bbox 60 2966 184 3032; x_wconf 87' lang='lat' dir='ltr'><strong>dedisti.</strong></span> <span class='ocrx_word' id='word_1_218' title='bbox 221 2967 316 3051; x_wconf 87' lang='lat' dir='ltr'><strong>Nam,</strong></span> <span class='ocrx_word' id='word_1_219' title='bbox 339 2970 424 3053; x_wconf 90' lang='lat' dir='ltr'><strong>quod</strong></span> <span class='ocrx_word' id='word_1_220' title='bbox 446 2971 531 3033; x_wconf 90' lang='lat' dir='ltr'><strong>idem</strong></span> <span class='ocrx_word' id='word_1_221' title='bbox 551 2969 707 3054; x_wconf 83' lang='lat' dir='ltr'><strong>Segulius,</strong></span> <span class='ocrx_word' id='word_1_222' title='bbox 730 2976 898 3036; x_wconf 85' lang='lat' dir='ltr'><strong>veteranos</strong></span> <span class='ocrx_word' id='word_1_223' title='bbox 917 2974 1016 3055; x_wconf 86' lang='lat' dir='ltr'><strong>queri,</strong></span> <span class='ocrx_word' id='word_1_224' title='bbox 1034 2985 1050 3032; x_wconf 76' lang='lat' dir='ltr'><strong>a</strong></span> 
     </span>
     <span class='ocr_line' id='line_1_31' title="bbox 59 3055 1016 3142; baseline 0.002 -23"><span class='ocrx_word' id='word_1_225' title='bbox 59 3056 146 3138; x_wconf 88' lang='lat' dir='ltr'><strong>quod</strong></span> <span class='ocrx_word' id='word_1_226' title='bbox 164 3060 201 3120; x_wconf 91' lang='lat' dir='ltr'><strong>tu</strong></span> <span class='ocrx_word' id='word_1_227' title='bbox 220 3061 253 3120; x_wconf 90' lang='lat' dir='ltr'><strong>et</strong></span> <span class='ocrx_word' id='word_1_228' title='bbox 267 3055 384 3121; x_wconf 84' lang='lat' dir='ltr'><strong>Caesar</strong></span> <span class='ocrx_word' id='word_1_229' title='bbox 402 3059 437 3121; x_wconf 91' lang='lat' dir='ltr'><strong>in</strong></span> <span class='ocrx_word' id='word_1_230' title='bbox 456 3059 642 3122; x_wconf 89' lang='lat' dir='ltr'><strong>decemviris</strong></span> <span class='ocrx_word' id='word_1_231' title='bbox 660 3080 728 3123; x_wconf 88' lang='lat' dir='ltr'><strong>non</strong></span> <span class='ocrx_word' id='word_1_232' title='bbox 747 3060 868 3142; x_wconf 85' lang='lat' dir='ltr'><strong>essetis,</strong></span> <span class='ocrx_word' id='word_1_233' title='bbox 890 3062 1016 3123; x_wconf 89' lang='lat' dir='ltr'><strong>utinam</strong></span> 
     </span>
     <span class='ocr_line' id='line_1_32' title="bbox 58 3145 1014 3230; baseline 0.002 -24"><span class='ocrx_word' id='word_1_234' title='bbox 58 3163 100 3206; x_wconf 90' lang='lat' dir='ltr'><strong>ne</strong></span> <span class='ocrx_word' id='word_1_235' title='bbox 124 3164 184 3228; x_wconf 84' lang='lat' dir='ltr'><strong>ego</strong></span> <span class='ocrx_word' id='word_1_236' title='bbox 209 3145 342 3227; x_wconf 87' lang='lat' dir='ltr'><strong>quidem·</strong></span> <span class='ocrx_word' id='word_1_237' title='bbox 362 3149 476 3210; x_wconf 86' lang='lat' dir='ltr'><strong>essem!</strong></span> <span class='ocrx_word' id='word_1_238' title='bbox 505 3147 581 3230; x_wconf 92' lang='lat' dir='ltr'><strong>quid</strong></span> <span class='ocrx_word' id='word_1_239' title='bbox 611 3148 696 3211; x_wconf 89' lang='lat' dir='ltr'><strong>enim</strong></span> <span class='ocrx_word' id='word_1_240' title='bbox 719 3147 907 3212; x_wconf 75' lang='lat' dir='ltr'><strong>molestius?</strong></span> <span class='ocrx_word' id='word_1_241' title='bbox 953 3145 1014 3210; x_wconf 81' lang='lat' dir='ltr'><strong>Sed</strong></span> 
     </span>
     <span class='ocr_line' id='line_1_33' title="bbox 58 3235 1014 3319; baseline 0.002 -25"><span class='ocrx_word' id='word_1_242' title='bbox 58 3235 182 3316; x_wconf 80' lang='lat' dir='ltr'><strong>tamen,</strong></span> <span class='ocrx_word' id='word_1_243' title='bbox 210 3255 308 3316; x_wconf 90' lang='lat' dir='ltr'><strong>quum</strong></span> <span class='ocrx_word' id='word_1_244' title='bbox 337 3254 397 3319; x_wconf 89' lang='lat' dir='ltr'><strong>ego</strong></span> <span class='ocrx_word' id='word_1_245' title='bbox 426 3236 596 3299; x_wconf 91' lang='lat' dir='ltr'><strong>sensissem</strong></span> <span class='ocrx_word' id='word_1_246' title='bbox 625 3236 662 3299; x_wconf 92' lang='lat' dir='ltr'><strong>de</strong></span> <span class='ocrx_word' id='word_1_247' title='bbox 690 3236 742 3319; x_wconf 88' lang='lat' dir='ltr'><strong>iis,</strong></span> <span class='ocrx_word' id='word_1_248' title='bbox 773 3236 827 3317; x_wconf 91' lang='lat' dir='ltr'><strong>qui</strong></span> <span class='ocrx_word' id='word_1_249' title='bbox 859 3235 1014 3298; x_wconf 88' lang='lat' dir='ltr'><strong>exercitus</strong></span> 
     </span>
    </p>
   </div>
   <div class='ocr_carea' id='block_1_6' title="bbox 33 3417 1013 3580">
    <p class='ocr_par' dir='ltr' id='par_1_6' title="bbox 33 3417 1013 3580">
     <span class='ocr_line' id='line_1_34' title="bbox 33 3417 1013 3511; baseline 0 -18"><span class='ocrx_word' id='word_1_250' title='bbox 33 3417 36 3423; x_wconf 83' lang='lat'>&#39;</span> <span class='ocrx_word' id='word_1_251' title='bbox 130 3440 181 3510; x_wconf 83' lang='lat' dir='ltr'><strong>ap.</strong></span> <span class='ocrx_word' id='word_1_252' title='bbox 202 3447 244 3508; x_wconf 80' lang='lat'><strong>20,</strong></span> <span class='ocrx_word' id='word_1_253' title='bbox 260 3447 284 3494; x_wconf 81' lang='lat' dir='ltr'><strong>a.</strong></span> <span class='ocrx_word' id='word_1_254' title='bbox 311 3443 347 3495; x_wconf 78' lang='lat' dir='ltr'><strong>us</strong></span> <span class='ocrx_word' id='word_1_255' title='bbox 366 3443 472 3496; x_wconf 69' lang='lat' dir='ltr'><strong>uanus</strong></span> <span class='ocrx_word' id='word_1_256' title='bbox 490 3443 553 3511; x_wconf 74' lang='lat' dir='ltr'><strong>(ui.</strong></span> <span class='ocrx_word' id='word_1_257' title='bbox 591 3444 632 3497; x_wconf 71' lang='lat' dir='ltr'><strong>aes</strong></span> <span class='ocrx_word' id='word_1_258' title='bbox 651 3445 676 3496; x_wconf 80' lang='lat' dir='ltr'><strong>a.</strong></span> <span class='ocrx_word' id='word_1_259' title='bbox 696 3443 759 3495; x_wconf 83' lang='lat' dir='ltr'><strong>us.</strong></span> <span class='ocrx_word' id='word_1_260' title='bbox 779 3445 840 3509; x_wconf 73' lang='lat' dir='ltr'><strong>(err.</strong></span> <span class='ocrx_word' id='word_1_261' title='bbox 856 3443 933 3510; x_wconf 66' lang='lat' dir='ltr'><strong>typi.</strong></span> <span class='ocrx_word' id='word_1_262' title='bbox 962 3441 1013 3511; x_wconf 73' lang='lat' dir='ltr'><strong>sp.</strong></span> 
     </span>
     <span class='ocr_line' id='line_1_35' title="bbox 58 3512 698 3580; baseline 0.005 -16"><span class='ocrx_word' id='word_1_263' title='bbox 58 3516 101 3578; x_wconf 78' lang='lat'><strong>21,</strong></span> <span class='ocrx_word' id='word_1_264' title='bbox 118 3518 141 3564; x_wconf 93' lang='lat'><strong>1.</strong></span> <span class='ocrx_word' id='word_1_265' title='bbox 178 3512 220 3565; x_wconf 82' lang='lat' dir='ltr'><strong>Di</strong></span> <span class='ocrx_word' id='word_1_266' title='bbox 237 3514 286 3566; x_wconf 76' lang='lat' dir='ltr'><strong>isti</strong></span> <span class='ocrx_word' id='word_1_267' title='bbox 305 3513 376 3578; x_wconf 88' lang='lat' dir='ltr'><strong>(edd.</strong></span> <span class='ocrx_word' id='word_1_268' title='bbox 396 3515 483 3580; x_wconf 84' lang='lat' dir='ltr'><strong>vett).</strong></span> <span class='ocrx_word' id='word_1_269' title='bbox 519 3514 575 3568; x_wconf 86' lang='lat' dir='ltr'><strong>Dei</strong></span> <span class='ocrx_word' id='word_1_270' title='bbox 593 3515 612 3569; x_wconf 66' lang='grc' dir='ltr'><strong>τ’.</strong></span> <span class='ocrx_word' id='word_1_271' title='bbox 631 3513 698 3568; x_wconf 81' lang='grc' dir='ltr'><strong>ΜΒ.</strong></span> 
     </span>
    </p>
   </div>
   <div class='ocr_carea' id='block_1_7' title="bbox 0 0 1192 3878">
    <p class='ocr_par' dir='ltr' id='par_1_7' title="bbox 0 0 1192 3878">
     <span class='ocr_line' id='line_1_36' title="bbox 0 0 1192 3878; baseline 0 0"><span class='ocrx_word' id='word_1_272' title='bbox 0 0 1192 3878; x_wconf 95' lang='lat' dir='ltr'><strong> </strong></span> 
     </span>
    </p>
   </div>
  </div>
 </body>
</html>
