2370 3878
441 810 551 870 LIBER
569 811 709 868 SEXTUS
728 811 897 870 DECIMUS.

394 1002 397 1008 .
489 938 559 1004 AD
590 937 851 1004 TIRONEM.

654 1113 680 1179 I.

326 1235 382 1291 Scr.
401 1236 431 1290 in
449 1235 550 1319 itineie
568 1234 615 1289 ΙΙΙ,
635 1233 707 1289 Non.
726 1233 798 1289 Nov.
816 1248 841 1287 a.
860 1251 887 1288 n.
906 1251 928 1288 c.
950 1241 1011 1290 704.

211 1377 365 1433 TULLIUS
385 1343 512 1432 TIRONI
535 1374 603 1430 SUO
623 1373 699 1429 SAL.
717 1373 822 1429 PLUR.
845 1373 914 1429 DIO.
931 1373 982 1430 ET
1001 1375 1129 1432 CICERO

358 1446 456 1501 MEUS
474 1445 523 1500 ET
541 1444 689 1500 FRATER
706 1443 755 1499 ET
773 1443 930 1499 FRATRIS
948 1445 980 1500 F.

159 1567 173 1618 1
258 1554 371 1619 Paullo
390 1553 516 1618 facilius
534 1554 646 1638 putavi
666 1574 761 1638 posse
779 1573 829 1617 mc
852 1552 936 1618 ferre
955 1553 1144 1621 desiderium

72 1668 75 1673 ·
191 1643 253 1728 tui,
286 1642 341 1707 sed
372 1643 468 1726 plane
496 1663 563 1707 non
585 1642 654 1707 fero
678 1645 723 1726 ot,
751 1663 944 1725 quamquam
972 1646 1088 1729 magni
1108 1645 1144 1708 ad

191 1733 349 1798 honorem
370 1734 518 1795 nostrum
540 1731 675 1794 interest
697 1730 950 1813 quamprimum
976 1731 1018 1795 ad
1037 1733 1144 1796 urbem

192 1843 243 1886 me
265 1820 387 1903 venire,
413 1824 521 1886 tamen
551 1839 700 1903 peccasse
728 1816 808 1881 mihi
834 1817 957 1903 videor,
990 1820 1048 1903 qui
1075 1843 1094 1886 a
1115 1825 1142 1884 le

192 1909 403 1990 discesserim3
435 1906 505 1990 sed,
535 1907 611 1989 quia
641 1910 699 1970 tua
730 1907 881 1970 voluntas
909 1928 947 1970 ea
979 1907 1143 1973 videbatur

193 2019 275 2079 esse,
297 1999 335 2061 ut
356 2016 487 2080 prorsus
510 1995 573 2058 nisi
596 1994 785 2058 confirmato
809 2015 941 2077 corpore
964 1995 1071 2061 nolles
1093 2018 1142 2060 na-

192 2086 311 2170 vigare,
329 2083 506 2168 approbavi
518 2086 611 2147 tuum
624 2082 802 2164 consilium,
819 2103 923 2165 neque
941 2104 1030 2148 nunc
1049 2088 1143 2166 muto,

192 2173 220 2236 si
250 2176 288 2236 tu
319 2172 354 2234 in
386 2172 496 2236 eadem
528 2192 561 2235 es
589 2170 764 2252 sententia3
793 2170 844 2234 sin
876 2173 995 2255 autam,
1020 2178 1142 2256 postea-

192 2281 289 2343 quam
317 2259 423 2323 cibum
453 2259 578 2343 cepisti,
604 2258 721 2323 videris
747 2257 808 2321 tibi
834 2278 929 2341 posse
956 2280 1009 2323 me
1036 2282 1142 2325 conse·

192 2348 256 2431 qui,
278 2350 370 2410 tuum
394 2347 563 2412 consilium
586 2349 642 2411 est.
680 2345 860 2410 Marionem
883 2346 923 2411 ad
946 2349 979 2410 te
1004 2369 1042 2413 eo
1066 2349 1142 2431 misi,

191 2439 229 2499 ut
251 2438 309 2500 aut
330 2437 437 2498 tecum
460 2433 499 2497 ad
522 2455 573 2497 me
597 2434 855 2518 quamprimum
878 2434 1004 2499 veniret
1026 2441 1096 2520 aut,
1119 2436 1142 2500 si

156 2529 228 2588 atu
250 2543 420 2605 mernere,
442 2521 552 2585 statim
574 2521 615 2584 ad
638 2542 688 2584 me
711 2521 836 2586 rediret.
882 2520 932 2586 Tu
955 2526 1066 2588 autem
1087 2523 1142 2588 tibi

192 2611 254 2676 hoc
285 2609 454 2695 persuade:
486 2609 514 2672 si
545 2608 712 2673 commodo
744 2608 937 2674 valetudinis
968 2613 1046 2676 tuae
1078 2612 1142 2676 fieri

191 2699 307 2782 possit,
337 2697 420 2761 nihil
451 2717 501 2761 me
533 2697 628 2760 malle
656 2718 752 2779 quam
783 2701 816 2761 te
848 2718 916 2762 esse
947 2719 1088 2783 mecum;
1118 2699 1142 2763 si

192 2788 300 2849 aulem
314 2786 335 2864 †
347 2785 509 2870 intelliges
533 2806 614 2868 opus
632 2806 701 2849 esse
721 2788 754 2850 te
772 2783 878 2849 Patris
901 2787 1142 2852 convalescendi

193 2894 289 2937 causa
311 2874 455 2957 paullum
475 2874 674 2956 commorari,
697 2872 779 2936 nihil
801 2895 851 2937 me
874 2875 970 2938 malle
993 2897 1092 2958 qnam
1113 2879 1142 2939 te

191 2963 306 3026 valere.
343 2958 377 3025 Si
400 2962 509 3026 statim
527 2961 672 3046 navigas,
694 2982 754 3025 nos
773 2959 919 3026 Leucade
938 2983 1144 3048 consequere3

193 3050 244 3114 sin
270 3053 302 3114 te
335 3048 523 3114 confirmare
555 3049 617 3131 vis,
649 3053 681 3113 et
712 3049 845 3114 comites
877 3052 911 3113 et
936 3054 1144 3134 tempestates

192 3140 225 3202 et
255 3159 371 3202 navem
403 3137 552 3202 idoneam
583 3141 620 3200 ut
650 3137 785 3220 habeas,
816 3136 988 3222 diligenter
1015 3139 1144 3221 videbis.

262 3345 314 3415 Ep.
329 3353 353 3414 1,
367 3352 393 3400 2.
424 3345 477 3400 tibi
493 3345 542 3399 hoc
555 3344 692 3414 persuade
709 3344 771 3413 (V.).
807 3345 856 3401 too
873 3349 893 3400 t.
911 3345 961 3401 hoc
973 3361 1005 3414 p.
1024 3344 1062 3400 n.
1100 3346 1147 3401 hoc

187 3420 205 3470 t.
213 3431 248 3485 p.
263 3415 295 3471 B.
311 3447 345 3457 -
360 3416 520 3488 flatelliyos
533 3414 609 3485 (WI.
640 3415 778 3484 intestinos
792 3414 859 3485 (W.)
873 3417 924 3470 ant
935 3416 1069 3487 iatolls'pio
1080 3416 1146 3486 (W).

148 3636 211 3731 f
