2370 3878
181 199 244 262 372
462 196 499 250 Μ.
520 197 642 251 TULLII
660 196 851 252 CICERONIS

180 347 217 408 ut
239 343 278 406 de
300 342 363 406 isto
386 342 456 424 ipso
481 341 646 426 suffragi03
670 342 741 424 alia,
763 364 845 425 quae
866 343 1038 408 defendam
1064 369 1086 410 a
1108 349 1142 412 te

144 447 161 495 8
180 432 232 516 pie
254 430 324 494 fieri
346 434 379 492 et
400 429 550 510 humane,
572 432 610 494 ut
627 430 665 493 de
689 431 854 494 curatione
877 431 1036 497 ludorum.
1077 433 1141 499 Sed

181 524 222 600 te,
244 518 407 583 hominem
431 517 659 599 doctissimum,
681 539 749 583 non
770 518 865 603 fugit,
888 521 915 584 si
938 517 1060 585 Caesar
1083 545 1142 587 rex

179 607 341 671 fuerit-
365 605 451 690 quod
473 605 552 669 mihi
576 605 703 690 quidem
725 606 851 671 videtur
875 643 931 690 -—,
957 609 993 672 in
1015 613 1140 674 utram—

79 770 81 779 ,
180 716 241 778 que
264 698 388 778 partem
416 694 455 758 dc
481 697 538 759 tuo
567 693 673 759 officio
701 694 859 777 disputari
886 717 995 780 posse,
1023 699 1075 762 vel
1103 700 1139 762 in

180 805 264 865 eam,
291 805 355 866 qua
382 803 442 867 ego
466 783 554 847 soleo
577 783 638 864 uti,
664 782 859 846 laudandam
886 806 955 847 esse
982 784 1081 849 fidem
1105 792 1140 850 et

180 870 414 935 humanitatem
426 875 526 951 tuam,
545 871 599 954 qui
616 871 753 934 amicum
768 871 865 934 etiam
883 875 1046 936 mortuum
1067 875 1137 939 dili-

181 981 249 1044 gas,
270 960 321 1024 vel
343 960 379 1023 in
402 981 486 1041 earn,
514 980 577 1041 qua
604 959 752 1023 nonnulli
776 963 925 1043 utuntur,
951 960 1138 1027 libertatem

179 1049 303 1132 patriae
325 1049 410 1112 vttae
434 1047 528 1111 amici
556 1047 823 1130 anteponendam.
868 1047 919 1111 Ex
940 1047 992 1111 his
1015 1071 1136 1116 sermo-

179 1137 275 1200 nibus
305 1137 431 1200 utinam
462 1138 571 1199 essent
602 1135 726 1199 delatae
759 1135 800 1199 ad
831 1139 863 1199 te
898 1136 1137 1220 disputationes

179 1226 281 1288 meae!
327 1224 389 1288 Illa
418 1245 494 1288 vero
522 1222 598 1304 duo,
631 1244 712 1306 quae
735 1225 874 1288 maxima
904 1229 980 1288 sunt
1002 1225 1137 1292 laudum

180 1317 322 1393 tuarum,
352 1311 423 1395 quis
447 1315 503 1375 aut
524 1311 676 1375 libentius
700 1333 796 1395 quam
819 1333 879 1396 ego
904 1321 1137 1379 commemorat

180 1404 237 1463 aut
259 1399 408 1484 saepius?
430 1403 463 1462 te
486 1403 519 1463 et
540 1421 608 1464 non
631 1401 824 1483 suscipiendi
842 1401 918 1465 belli
937 1401 1039 1465 civilis
1064 1424 1135 1488 gra-

180 1489 345 1553 vissimum
368 1491 531 1552 auctorem
553 1488 653 1552 fuisse
680 1493 713 1553 et
735 1489 949 1553 moderandae
971 1490 1136 1575 victoriae,

180 1577 214 1639 in
238 1598 301 1660 quo
325 1576 379 1659 qui
402 1576 481 1640 mihi
503 1598 571 1640 non
594 1577 812 1660 assentiretur,
833 1577 942 1642 inveni
962 1580 1135 1644 neminem.

180 1664 284 1740 Quare
307 1665 410 1729 habeo
432 1665 570 1749 gratiam
585 1664 746 1746 Trebatio,
767 1664 919 1729 familiari
937 1670 1060 1751 nostro,
1080 1669 1135 1752 qui

179 1753 258 1817 mihi
286 1754 374 1818 dedit
404 1775 534 1817 causam
560 1753 676 1818 harum
702 1754 895 1837 litterarum,
927 1755 1043 1838 quibus
1070 1756 1134 1820 nisi

179 1843 359 1926 credideris,
381 1864 431 1906 me
451 1843 555 1907 omnis
575 1841 673 1907 officii
690 1845 723 1905 et
740 1842 951 1907 humanitatis
970 1847 1133 1927 expertem

178 1931 342 2013 iudicaris,
369 1953 432 2014 quo
459 1952 518 1995 nec
545 1930 624 1994 mihi
657 1929 787 2016 gravius
819 1931 993 2015 quidquam
1024 1935 1134 2015 potest

179 2040 248 2082 asse
271 2041 330 2083 nec
353 2041 372 2082 a
395 2023 427 2083 te
450 2020 594 2082 alienius.

577 2211 731 2278 XXVIII.

285 2323 342 2379 Sor.
362 2324 466 2379 Romae
486 2327 604 2380 exeunte
622 2341 716 2380 mense
735 2323 810 2379 Maio
830 2341 854 2378 a.
873 2341 899 2377 u.
919 2340 941 2378 c.
962 2331 1020 2379 710.

425 2447 580 2502 'MATIUS
599 2446 768 2503 CICERONI
787 2447 862 2502 SAL.

147 2562 159 2609 1
246 2547 400 2634 Magnam
423 2548 623 2631 voluptatem
645 2568 683 2610 ex
705 2547 770 2611 tuis
793 2547 909 2612 lilteris
932 2548 1016 2633 cepi,
1039 2549 1136 2633 quod,

180 2659 276 2720 quam
304 2658 467 2720 speraram
494 2640 590 2719 atque
618 2638 777 2724 optaram,
807 2636 926 2700 habere
956 2640 988 2700 te
1016 2636 1056 2701 de
1083 2659 1135 2701 me

180 2726 366 2808 opinionem
397 2725 548 2810 cognovi3
580 2724 618 2788 de
651 2745 714 2806 qua
746 2724 807 2788 etsi
838 2747 905 2789 non
937 2724 1135 2808 dubitabam,

179 2817 298 2896 tamen,
322 2813 397 2897 quia
418 2813 549 2876 maximi
568 2813 786 2896 aestimabam,
808 2817 846 2877 ut
863 2813 1051 2896 incorrupta
1068 2835 1135 2878 ma·

180 2904 281 2985 neret,
302 2901 499 2966 laborabam.
535 2899 690 2967 Conscius
713 2905 820 2965 autem
843 2901 922 2964 mihi
946 2923 1034 2965 eram
1052 2901 1135 2966 nihil

181 3012 201 3053 a
223 3011 273 3053 me
297 2991 501 3055 commissum
524 3012 602 3074 esse,
625 2989 711 3075 quod
733 2990 811 3054 boni
830 2990 1016 3073 cuiusquam
1036 2989 1135 3055 offen-

182 3079 271 3142 deret
294 3078 448 3143 anilnum:
481 3100 519 3144 eo
542 3080 648 3143 minus
672 3077 839 3142 credebam
867 3079 1014 3161 plurimis
1038 3081 1136 3162 atque

181 3167 312 3250 optimis
339 3167 461 3232 artibus
488 3171 603 3232 ornato
630 3167 690 3231 tibi
716 3169 836 3230 temere
864 3166 1038 3250 quidquam
1065 3188 1135 3250 per·

182 3255 309 3319 suaderi
329 3256 482 3339 potuisse,
504 3255 693 3340 praesertim
715 3253 750 3317 in
769 3276 863 3337 quem
884 3276 955 3318 mea
973 3276 1137 3339 propensa

182 3347 214 3407 et
235 3348 392 3427 perpetua
413 3345 529 3409 fuisset
556 3348 651 3426 atque
675 3346 760 3408 esset
784 3343 1019 3426 benevolentia3
1049 3344 1137 3427 quod

229 3534 286 3607 Ep.
304 3543 349 3611 27,
367 3546 393 3598 8.
422 3556 476 3599 nco
494 3558 514 3598 a
532 3545 559 3598 tc
572 3538 697 3598 albatus
715 3535 900 3607 tattaeus.
933 3539 1019 3614 aecta
1031 3520 1140 3587 ulls.
