2370 3878
314 184 573 241 EPISTOLARUM
591 186 651 240 xli.
672 192 713 239 15.
734 192 775 239 ro.
956 184 1019 245 399

62 350 166 413 quam
183 349 243 411 pro
261 332 373 395 nostro
391 329 562 393 veterrimo
579 328 808 411 verissimoque
827 349 935 391 amore
955 350 1020 391 om·

62 416 164 481 nibus
176 416 242 481 tuis
257 416 354 481 etiam
370 416 512 481 minimis
530 416 714 497 commodis,
733 437 800 481 non
815 416 909 481 modo
928 420 1020 480 tanto

63 504 155 569 bono
183 503 350 589 gaudeam.
398 502 476 569 Noli
501 507 629 587 putare,
655 504 701 567 mi
727 500 852 586 (lieero,
879 525 930 567 me
959 504 1021 566 hoc

65 591 200 657 auribus
221 591 287 657 tuis
310 591 399 657 dare:
420 591 503 655 nihil
526 591 727 656 adolescente
750 595 807 655 tuo
827 596 923 674 atque
942 591 1021 655 adeo

66 682 181 750 nostro
195 715 237 731 ‹—
251 678 333 745 nihil
347 680 432 743 enim
447 678 526 743 mihi
545 683 610 743 ate
628 682 737 762 potest
755 700 823 742 esse
843 680 1022 743 seiunctum

67 802 111 815 -
134 769 192 831 aut
218 766 387 831 amabilius
420 767 569 831 omnibus
600 766 653 843 iis,
686 767 741 848 qui
767 765 906 831 Athenis
938 769 1022 847 sunt,

66 857 119 919 est
140 857 198 919 ant
219 853 393 919 studiosius
420 876 529 918 aarum
557 855 688 936 artium,
715 875 794 936 quas
821 858 858 918 tu
885 854 1021 917 maxime

67 962 169 1027 amas,
189 941 252 1008 hoc
275 946 324 1005 est
351 942 554 1025 optimarum.
599 940 712 1024 Itaque
739 941 812 1023 tibi,
842 941 927 1024 quod
949 962 1022 1003 vere

66 1029 175 1094 facere
196 1050 337 1113 possum,
359 1029 497 1093 libenter
520 1049 646 1111 quoque
668 1029 814 1112 gratulor
835 1049 894 1091 neo
917 1028 1023 1091 minus

67 1116 168 1181 etiam
190 1116 294 1201 nobis,
316 1116 402 1199 quod
425 1137 507 1199 eum,
529 1136 624 1199 quem
646 1136 776 1179 necesse
796 1119 865 1178 erat
883 1114 1024 1198 diligere,

68 1204 310 1289 qualiscumque
328 1208 420 1285 esset,
438 1204 537 1268 talem
554 1203 720 1282 habemus,
737 1206 774 1265 ut
790 1202 928 1266 libenter
947 1224 1023 1284 quo-

68 1313 132 1375 quc
159 1290 339 1377 diligamus.
389 1290 450 1366 Qui
478 1313 577 1374 quum
603 1290 683 1354 mihi
710 1289 745 1353 in
773 1311 918 1354 sermone
946 1290 1058 1352 inis-2

68 1380 168 1444 sisset
194 1400 228 1443 se
254 1379 336 1443 velle
359 1378 472 1442 Asiam
494 1379 609 1461 visere,
640 1398 708 1442 non
735 1378 830 1443 modo
860 1378 1024 1459 invitatus,

68 1466 127 1531 sed
145 1466 243 1531 etiam
260 1470 393 1551 rogatus
412 1470 461 1530 est
479 1488 499 1529 a
518 1488 577 1548 me,
600 1470 638 1529 ut
654 1465 687 1529 id
705 1466 909 1548 potissimum
929 1465 1023 1529 nobis

68 1554 292 1620 obtinentibus
314 1554 514 1637 provinciam
536 1553 670 1635 faceret3
692 1554 743 1617 cui
761 1576 822 1618 nos
841 1558 873 1617 et
892 1554 1023 1617 caritate

68 1645 105 1707 et
125 1663 234 1709 amore
256 1644 349 1707 tuum
372 1641 513 1705 officium
530 1645 750 1724 praestaturos
768 1662 835 1705 non
855 1641 950 1704 debes
968 1641 1024 1703 du-

68 1730 184 1795 bitare.
218 1728 303 1814 Illud
322 1751 447 1813 quoque
471 1729 532 1793 erit
554 1729 648 1792 nobis
667 1750 771 1810 curae,
793 1732 829 1792 ut
852 1724 1024 1810 Cratippus

68 1838 232 1881 unacum
255 1838 293 1882 eo
317 1818 372 1891 sit,
399 1838 439 1880 ne
466 1820 560 1900 putes
589 1817 624 1878 in
651 1815 731 1879 Asia
757 1815 907 1878 feriatum
934 1816 1025 1877 illum

69 1904 176 1969 abiis
204 1903 331 1987 studiis,
357 1905 392 1968 in
421 1925 503 1987 quae
530 1906 588 1967 tua
615 1902 836 1967 cohortatione
863 1902 1025 1982 incitatur,

68 1990 231 2074 futurum3
257 2013 334 2056 nam
360 1992 451 2055 illum
474 1993 636 2074 paratum,
662 1993 700 2053 ut
721 1989 828 2071 video,
850 1994 883 2053 et
904 1990 1025 2072 ingres-

70 2100 145 2144 sum
166 2080 263 2163 pleno
287 2079 389 2164 gradu
413 2079 574 2143 cohortari
596 2099 664 2141 non
682 2077 939 2159 intermittemus,
962 2098 1025 2159 quo
1060 2134 1063 2139 .

69 2166 198 2231 indies
224 2167 354 2251 longius
377 2166 527 2231 discendo
547 2165 785 2247 exercendoque
808 2187 842 2229 se
864 2165 1025 2248 procedat.

71 2253 143 2319 Vos
165 2254 242 2338 quid
264 2255 403 2339 ageretis
425 2255 460 2317 in
482 2275 517 2317 re
540 2254 677 2337 publica,
700 2274 798 2335 quum
820 2253 879 2317 has
901 2253 1026 2316 litteras
1044 2270 1061 2319 s

72 2342 200 2426 dabam,
218 2364 285 2407 non
299 2342 450 2406 sciebam:
475 2341 644 2404 audiebam
658 2340 814 2423 quaedam
832 2341 1027 2421 turbulenta,

70 2448 157 2513 quae
180 2429 302 2495 scilicet
323 2429 416 2513 cupio
445 2450 513 2493 esse
536 2429 632 2512 falsa,
658 2432 696 2492 ut
723 2429 894 2511 aliquando
923 2429 1027 2492 otiosa

71 2518 222 2583 libertate
254 2518 413 2599 fruamur3
449 2516 534 2599 quod
565 2516 617 2580 vel
635 2516 779 2581 ,minime
811 2516 891 2579 mihi
922 2514 1026 2578 adhuc

72 2605 220 2690 contigit.
264 2604 337 2689 Ego
360 2608 470 2669 tamen
491 2607 606 2669 nactus
628 2603 663 2667 in
685 2603 892 2687 navigatione
915 2605 1027 2665 nostra

71 2693 227 2777 pusillum
249 2693 424 2757 laxamenti
447 2691 637 2757 concinnavi
658 2691 719 2754 tibi
742 2690 966 2753 munusculum
988 2709 1027 2751 ex

72 2780 224 2847 instituto
248 2801 329 2863 meo,
351 2783 384 2844 et
406 2779 526 2844 dictum
545 2800 618 2843 cum
636 2797 755 2861 magno
774 2781 886 2841 nostro
904 2777 1027 2841 honore

73 2890 95 2933 a
111 2872 145 2933 tc
164 2868 285 2933 dictum
303 2868 445 2933 conclusi
463 2871 496 2930 et
513 2867 573 2930 tibi
590 2865 677 2928 infra
695 2865 881 2948 subscripsi:
904 2866 939 2930 in
960 2866 1027 2949 qui-

72 2956 135 3021 bus
161 2955 326 3021 versiculis
358 2956 386 3019 si
412 2954 472 3018 tibi
500 2953 691 3036 quibusdam
721 2952 827 3017 verbis
856 2947 1028 3032 εὐθυρρη-

73 3041 274 3123 μονέστερος
288 3043 429 3125 videbor,
441 3041 608 3123 turpitudo
622 3061 778 3124 personae
793 3041 870 3123 eius,
882 3041 918 3103 in
932 3062 1028 3122 quam

72 3128 206 3195 liberius
233 3130 427 3214 invehimur,
453 3150 514 3192 nos
541 3129 728 3211 vindicabit3
755 3129 903 3213 ignosces
930 3128 1030 3189 etiam

72 3217 258 3283 iracundiae
285 3222 429 3301 nostras,
456 3238 537 3300 quae
564 3217 649 3282 iusta
676 3221 725 3281 est
751 3217 786 3278 in
814 3214 969 3280 eiusmodi
997 3217 1029 3276 et

72 3305 222 3371 homines
254 3310 288 3369 et
318 3307 416 3389 cives3
445 3303 559 3370 deinde
591 3305 647 3388 qui
679 3304 783 3387 magis
815 3303 877 3366 hoc
904 3300 1027 3364 Lucilio

73 3393 202 3459 licuerit
238 3415 398 3457 assumere
433 3393 592 3457 libertatis
629 3413 725 3475 quam
761 3388 878 3454 nobis?
921 3410 1028 3471 quum,

73 3481 202 3547 etiamsi
225 3481 299 3545 odio
320 3482 392 3564 pari
415 3481 569 3544 fueritin
591 3501 662 3564 eos,
684 3499 766 3565 quos
786 3476 900 3561 laesit,
918 3479 1039 3540 tamen
