2370 3878
158 177 223 239 314
390 150 393 156 ’
439 180 476 232 u.
496 179 618 233 runnu
638 178 826 234 cronaours

156 344 295 406 namque
323 322 458 386 assiduis
490 323 696 386 internuntiis
724 345 796 387 cum
824 324 945 407 Lepido
978 326 1042 409 egi,
1075 331 1112 390 ut

157 411 276 474 omissa
303 412 391 474 omni
420 411 625 475 contentione
653 413 920 495 reconciliataque
944 415 1112 477 voluntate

157 501 269 562 nostra
300 500 462 562 communi
492 499 625 563 consilio
657 500 703 563 rei
730 500 877 582 publicae
905 508 1112 584 succurreret,

158 608 200 668 se,
228 586 346 650 liberos
373 587 548 670 urbemque
575 587 675 670 pluris
703 609 799 670 quam
825 610 926 651 unum
949 590 1111 671 perditum

158 675 380 757 abiectumque
403 676 561 739 latronem
583 679 712 758 putaret
736 675 951 758 obsequioque
975 699 1060 759 mec,
1084 679 1111 741 si

122 763 202 826 ‘zita
226 763 353 845 faceret,
377 763 416 826 ad
440 785 550 827 omnes
573 785 624 827 res
647 763 840 827 abuteretur.
885 763 1024 828 Profecit
1052 766 1111 828 ita-

158 872 219 933 que
241 872 298 933 per
321 850 528 914 Laterensem
550 852 784 914 internuntium
807 852 903 915 fidem
926 853 1005 916 mihi
1024 853 1112 916 dedit

158 960 191 1002 se
214 938 407 1022 Antonium,
435 940 462 1003 si
488 939 657 1023 prohibere
684 941 850 1023 provincia
880 960 937 1003 sua
965 962 1032 1005 non
1054 963 1110 1024 po-

156 1027 280 1111 tuisset,
302 1028 386 1091 bello
410 1031 661 1111 persecuturum,
684 1048 744 1110 me,
766 1031 803 1091 ut
823 1028 965 1091 venirem
988 1030 1110 1111 copias-

157 1137 219 1199 que
246 1116 487 1200 coniungerem,
519 1115 655 1199 rogavit,
686 1135 786 1199 eoque
814 1116 930 1200 magis
963 1116 1048 1199 quod
1079 1121 1112 1179 et

157 1202 320 1268 Antonius
344 1204 384 1266 ab
409 1203 552 1286 equitatu
579 1203 690 1266 firmus
713 1224 782 1266 esse
805 1203 969 1267 dicebatur
997 1212 1029 1267 et
1052 1204 1109 1267 Le-

157 1292 250 1374 pidus
282 1312 323 1354 ne
355 1292 547 1355 mediocrem
583 1290 711 1374 quidem
743 1289 921 1374 equitatum
956 1291 1110 1373 habebat;

157 1401 233 1442 nam
257 1379 354 1442 etiam
377 1400 415 1442 ex
437 1379 598 1461 paucitate
622 1378 689 1442 eius
716 1401 784 1442 non
806 1380 916 1443 multis
944 1383 1018 1443 ante
1047 1381 1110 1443 die-

157 1468 217 1531 bus
241 1467 440 1549 decen1,qui
464 1466 577 1550 optimi
599 1466 741 1550 fuerant,
765 1467 805 1530 ad
828 1489 878 1531 me
901 1468 1109 1531 transierunt.

158 1554 280 1629 Quibus
301 1554 397 1617 rebus
425 1575 485 1639 ego
509 1555 646 1639 cognitis
675 1559 842 1619 cunctatus
870 1577 938 1620 non
965 1578 1048 1619 sum:
1075 1557 1110 1619 in

158 1665 252 1707 cursu
280 1643 438 1727 bonorum
471 1643 677 1707 consiliorum
705 1642 861 1726 Lepidum
894 1644 1111 1708 adiuvandum

122 1745 138 1795 3
157 1731 276 1814 putavi.
313 1731 480 1795 Adventus
503 1752 593 1794 meus
612 1731 687 1814 quid
706 1731 907 1814 profecturus
926 1735 1018 1814 esset,
1036 1732 1110 1814 vidi,

157 1821 207 1884 vel
240 1819 325 1903 quod
357 1819 502 1903 equitatu
533 1840 604 1884 meo
636 1819 785 1903 persequi
811 1819 985 1884 Autololum
1014 1824 1110 1902 atque

158 1909 337 1992 opprimere
361 1908 539 1991 equitatum
563 1909 630 1971 eius
653 1929 789 1990 possem,
811 1908 862 1971 vel
886 1908 971 1990 quod
994 1910 1110 1971 exerci-

157 1999 209 2060 tus
237 1996 350 2079 Lepidi
377 2018 448 2060 eam
475 2000 613 2080 partem,
645 2017 726 2079 quae
754 1998 905 2079 corrupta
932 2000 981 2059 est
1008 2000 1040 2059 et
1070 1997 1109 2059 ab

157 2084 342 2167 republica
365 2085 518 2168 alienate,
545 2087 577 2148 et
604 2084 762 2168 corrigere
790 2086 822 2148 et
849 2089 993 2148 coercere
1020 2105 1109 2167 prae-

158 2173 262 2257 sentia
284 2173 347 2236 mei
370 2173 526 2236 exercitus
552 2193 689 2254 possem.
734 2171 848 2254 Itaque
870 2173 905 2235 in
927 2171 1030 2255 Isara,
1052 2172 1109 2236 flu-

157 2261 243 2323 mine
276 2261 427 2344 maximo,
464 2260 548 2343 quod
585 2260 620 2323 in
650 2259 768 2323 finibus
803 2263 852 2324 est
887 2259 1110 2344 Allobrogum,

157 2351 256 2432 ponte
279 2370 345 2412 uno
365 2349 415 2412 die
433 2348 520 2412 fecto
540 2348 712 2412 exercitum
732 2347 803 2411 ad.
826 2361 889 2409 1111.
912 2347 989 2412 Idus
1007 2347 1110 2411 Maias

157 2437 293 2500 traduxi.
339 2435 443 2510 Quum
466 2457 541 2500 vero
565 2436 644 2500 mihi
666 2436 852 2499 nuntiatum
879 2439 963 2499 esset
984 2434 1020 2498 L.
1043 2435 1110 2501 An-

156 2526 284 2590 tonium
306 2525 517 2608 praemissum
540 2545 612 2587 cum
636 2524 796 2607 equitibus
814 2528 847 2588 et
865 2523 1050 2588 cohortibus
1069 2524 1109 2586 ad

157 2613 278 2678 Forum
299 2612 375 2677 Iulii
397 2613 532 2694 venisse,
553 2611 686 2675 fratrem
705 2633 777 2675 cum
798 2611 941 2695 equitum
959 2614 1111 2695 quattuor

157 2702 296 2784 milibus,
319 2703 356 2764 ut
374 2703 554 2765 occurreret
572 2700 609 2782 ei,
632 2700 704 2764 misi
723 2723 751 2764 a.
774 2700 804 2764 d.
817 2700 838 2779 †
852 2723 880 2764 v.
898 2699 975 2764 Idus
993 2697 1110 2781 Maias3

157 2790 226 2873 ipse
258 2788 405 2853 maximis
436 2788 605 2852 itineribus
637 2809 710 2853 curn
742 2791 895 2871 quattuor
930 2787 1110 2872 legionibus

122 2878 313 2961 4expeditis
346 2881 378 2941 et
409 2876 532 2960 reliquo
565 2877 710 2960 equitatu
747 2876 931 2960 subsequar.
986 2873 1020 2940 Si
1051 2897 1110 2939 nos

157 2965 326 3030 mediocris
353 2965 448 3030 modo
476 2964 608 3029 fortuna
634 2965 680 3028 rei
708 2963 855 3047 publicae
883 2963 1051 3046 adiuverit,
1080 2967 1113 3026 et

158 3055 309 3119 audaciae
340 3053 538 3137 perditorum
575 3056 607 3117 et
637 3054 767 3117 nostrae
804 3051 1028 3118 sollicitudinis
1060 3051 1112 3114 hie

156 3144 254 3209 finem
277 3142 483 3226 reperiemus3
506 3141 592 3225 quod
615 3140 643 3204 si
665 3141 748 3204 latro
772 3139 981 3224 praecognito
999 3143 1112 3203 nostro

226 3301 278 3370 Ep.
299 3304 340 3367 15,
355 3306 379 3354 2.
416 3299 585 3354 recuderunt
602 3295 650 3365 (W
651 3298 687 3365 .)?
724 3302 748 3350 3.
772 3297 906 3351 exercitus
919 3310 1027 3364 possem
1046 3295 1112 3379 (Ml,

142 3369 493 3508 rrr-raaass·
506 3399 552 3492 s
759 3367 828 3491 a·
841 3365 1113 3505 <arceram

129 3507 228 3576 (ΡΜ
273 3510 304 3566 V.
324 3513 404 3568 Idus
421 3512 471 3584 M,
491 3510 592 3585 vulgo.
