2370 3878
129 174 194 238 426
411 174 447 229 M.
468 174 590 230 TULLII
609 173 800 230 CICERONIS

576 368 632 434 IX.

463 471 519 526 Ser.
540 489 612 527 anno
630 472 745 528 incerto.

378 575 506 632 CICERO
525 576 736 634 CRASSIPEDI
755 577 829 633 SAL.

94 681 108 730 1
195 663 396 751 Quamquam
418 668 478 732 tibi
500 690 652 752 praesens
676 667 910 751 commendavi,
931 671 971 733 ut
992 670 1085 753 potui

128 755 386 840 diligentissime,
418 756 521 821 socios
547 754 721 841 Bithyniae
752 761 848 840 teque
880 778 980 840 quum
1012 779 1084 821 mea

128 843 414 929 commendatione,
435 848 506 909 tum
528 845 626 908 etiam
648 848 705 910 tua
729 847 843 929 sponte
861 844 1007 909 intellexi
1031 867 1083 909 cu·

127 953 202 1016 pere
232 932 261 996 ei
284 932 429 997 societati
446 932 708 1016 ‘quibuscumque
735 932 831 997 rebus
858 952 970 1015 posses
998 954 1083 996 com·

127 1020 267 1104 modare,
289 1024 408 1105 tamen,
430 1043 529 1104 quum
550 1021 582 1105 ii,
605 1042 741 1105 quorum
759 1041 810 1085 res
833 1019 949 1106 agitur,
972 1022 1084 1105 magni

128 1130 187 1173 sua
217 1109 371 1174 interesse
404 1109 637 1174 arbitrarentur
667 1131 718 1173 me
751 1108 848 1173 etiam
877 1130 935 1192 per
957 1109 1083 1172 litteras

128 1197 289 1261 declarare
311 1198 380 1282 tibi,
403 1218 467 1280 qua
490 1218 592 1262 essem
615 1218 692 1282 erga
710 1197 798 1282 ipsos
817 1197 993 1280 voluntate,
1016 1218 1085 1261 non

93 1297 109 1347 2
129 1285 273 1350 dubitavi
294 1285 375 1349 haec
398 1285 439 1349 ad
457 1289 494 1350 .te
517 1285 663 1350 scribere.
703 1283 788 1351 Volo
812 1285 898 1349 enim
920 1287 952 1348 te
977 1285 1083 1348 existi·

128 1393 215 1436 mare
238 1394 298 1457 me,
321 1394 420 1456 quum
441 1374 591 1438 universo
616 1373 721 1439 ordini
738 1373 984 1458 publicanorum
1002 1393 1084 1436 sem-

128 1481 185 1544 per
207 1460 418 1525 libanussime
444 1462 612 1526 tribuerim
639 1460 813 1546 plurimum
835 1460 930 1544 idque
954 1462 1083 1547 magnis

129 1548 197 1611 eius
220 1548 342 1612 ordinis
365 1568 442 1633 erga
464 1570 515 1613 me
538 1550 661 1614 meritis
683 1549 789 1613 faeere
813 1548 990 1633 debuerim,
1012 1553 1084 1612 tum

101 1636 164 1699 ·in
189 1637 301 1719 primis
334 1637 472 1701 amicum
499 1658 568 1702 esse
599 1638 674 1701 huic
703 1636 894 1720 Bithynicae
927 1636 1085 1719 societati,

130 1744 211 1807 quae
235 1725 370 1789 societas
395 1721 539 1812 [ordina]
569 1725 638 1811 ipso
666 1723 834 1790 hominum
862 1744 980 1810 genere
1007 1746 1084 1808 pars

130 1816 179 1876 est
209 1813 348 1878 maxima
380 1813 519 1878 civitatis
547 1842 591 1861 *-
619 1814 747 1879 constat
778 1813 864 1877 enim
898 1832 937 1876 ex
969 1813 1084 1877 ceteris

130 1901 337 1967 societatibus
361 1932 417 1986 a,
440 1905 472 1966 et
495 1923 570 1967 casu
593 1901 745 1986 permulti
767 1904 843 1965 sunt
865 1901 901 1964 in
923 1919 962 1964 ea
985 1901 1084 1964 socie-

128 1992 197 2054 tate
223 1990 315 2054 valde
342 1990 423 2054 mihi
444 1989 633 2074 familiares,
659 1990 695 2053 in
721 1988 895 2074 primisque
923 1988 965 2072 is,
993 1988 1084 2052 cuius

129 2079 337 2162 praecipuum
359 2078 502 2143 officium
525 2079 632 2163 agitur
658 2078 720 2142 hoo
746 2080 903 2161 tempore,
925 2074 960 2139 P.
983 2075 1085 2159 Rupi-

128 2165 191 2228 lius
213 2164 248 2229 P.
271 2166 293 2228 f.
315 2164 414 2250 Men,
446 2167 501 2249 qui
531 2169 580 2232 est
608 2166 762 2250 magister
792 2165 828 2227 in
855 2185 893 2228 ea
920 2164 1085 2228 societate.

94 2264 111 2313 3
130 2250 218 2327 Quae
241 2274 341 2335 quum
362 2255 410 2317 ita
432 2254 507 2337 sint,
528 2255 563 2318 in
585 2255 739 2319 maiorem
757 2251 888 2317 modum
906 2273 925 2315 a
942 2255 975 2316 te
998 2255 1085 2335 peto,

131 2338 189 2404 On.
210 2338 362 2425 Pupium,
392 2341 447 2424 qui
471 2346 519 2406 est
541 2343 575 2406 in
598 2343 704 2427 operis
727 2341 794 2406 eius
818 2340 994 2423 societatis,
1017 2361 1084 2404 om-

129 2428 226 2492 nibus
257 2428 322 2492 tuis
354 2428 468 2494 officiis
501 2433 597 2513 atque
630 2429 718 2495 omni
748 2428 941 2494 liberalitate
972 2430 1084 2492 tueare

130 2537 284 2600 curesque
291 2567 300 2600 ,
331 2519 382 2581 ut.
399 2517 467 2582 eius
500 2538 628 2602 operae,
660 2517 746 2601 quod
777 2517 837 2582 tibi
868 2515 962 2580 facile
993 2515 1085 2580 factu

131 2608 194 2688 est,
221 2626 319 2688 quam
346 2605 547 2689 gratissimae
570 2605 636 2669 sint
659 2605 767 2689 sociis,
789 2624 919 2688 remque
943 2606 976 2668 et
998 2604 1085 2668 utili-

130 2696 232 2757 tatem
259 2693 418 2758 sociorum
440 2729 485 2740 -
507 2693 598 2757 cuius
627 2693 673 2756 rei
705 2697 860 2776 quantam
889 2694 1086 2775 potestatem

132 2784 283 2863 quaestor
300 2781 427 2864 habeat,
449 2802 518 2846 non
540 2802 611 2845 sum
630 2781 764 2866 ignarus
787 2807 829 2828 -—·
852 2801 910 2865 per
931 2783 963 2844 te
987 2801 1086 2863 quam

130 2868 268 2932 maxime
291 2868 456 2933 defensam
479 2871 511 2933 et
533 2873 661 2934 auctam
683 2869 772 2934 velis.
816 2868 853 2934 Id
883 2889 982 2951 quum
1006 2867 1087 2930 mihi

132 2955 350 3040 gratissimum
376 2957 503 3040 feceris,
534 2961 605 3022 tum
635 2958 715 3022 illud
744 2957 807 3022 tibi·
836 2959 984 3040 expertus
1013 2977 1087 3039 pro-

131 3045 225 3109 mitto
249 3046 282 3108 et
303 3044 456 3129 spondeo,
477 3049 510 3110 te
534 3046 637 3111 socios
660 3045 846 3130 Bithyniae,
873 3044 901 3108 si
931 3043 972 3106 iis
1001 3064 1087 3108 com·

131 3132 281 3217 modaris,
303 3152 460 3198 memores
483 3153 552 3198 esse
574 3137 608 3198 et
629 3137 740 3218 gratos
763 3131 976 3218 cogniturum.

201 3288 253 3358 Ep.
278 3295 307 3356 9,
327 3293 351 3341 2.
388 3289 531 3343 tribuerim
552 3289 707 3358 arnimar
733 3289 814 3358 idque
841 3289 978 3357 (Kayser).
1024 3292 1043 3341 t.
1068 3289 1088 3341 ι’.

130 3358 195 3412 ΜΒ.
216 3388 249 3398 -
269 3358 397 3429 [ordina]
416 3360 476 3427 ipso
493 3360 519 3413 t.
538 3373 633 3428 periere
645 3373 716 3428 pars
734 3364 773 3414 est
789 3377 823 3413 m.
843 3359 1011 3413 caritatis-
1026 3375 1090 3412 ecn-

130 3433 186 3482 stat
255 3444 307 3484 soc.
327 3459 370 3495 -,
388 3433 413 3484 et
432 3429 507 3498 (Ἦ).
543 3443 637 3498 penore
650 3444 768 3497 prorsas
784 3434 824 3483 est
842 3429 945 3498 (Sohar
982 3429 1090 3495 ordine,

120 3500 184 3567 aare
199 3499 225 3554 h.
242 3515 282 3571 a,
293 3516 371 3573 pars
387 3516 409 3558 e.
429 3516 463 3557 m.
484 3515 524 3568 c.;
542 3515 565 3557 c.
586 3539 611 3555 ..
629 3513 693 3568 soc,
709 3504 735 3555 ct
750 3499 849 3568 vulga
