2370 3878
381 169 640 237 EPISTQLARUM
656 171 705 226 111.
726 176 767 225 11.
1008 167 1049 232 87

93 319 192 384 fidem
214 316 535 401 benevolentiamque
557 315 689 381 mirifice
711 313 837 381 laudas:
863 314 967 379 laetor
989 313 1051 379 vir·

94 410 166 472 tute
185 408 218 471 ct
236 404 343 472 officio
362 426 461 490 quum
478 408 610 470 tuorum
627 404 888 482 necessariorum,
907 423 1051 468 meorum

96 493 372 575 amicissimorum,
392 496 463 559 tum
485 492 617 559 alterius
636 493 780 560 omnium
798 492 998 559 saeculorum
1021 494 1054 555 et

96 583 244 671 gentium
271 582 441 668 principis,
471 581 603 647 alterim
630 582 696 647 iam
722 581 846 667 pridem
868 580 1054 662 iuventutis,

96 671 256 755 celeriter,
278 674 316 736 ut
338 690 445 754 spero,
473 669 621 736 civitatis.
666 669 715 734 De
738 668 943 735 mercenariis
964 669 1054 733 testi·

97 760 159 825 bus
187 782 207 824 a
235 759 300 824 suis
329 758 513 825 civitatibus
544 756 710 841 notandis,
741 758 805 823 nisi
835 758 901 822 iam
932 756 1055 822 factum

98 847 220 934 aliquid
239 850 289 913 est
306 868 363 931 per
381 845 542 929 Flaccum,
559 845 616 912 fiet
634 868 654 910 a
671 867 732 929 me,
750 868 849 931 quum
867 867 924 930 per
942 845 1055 910 Asiam

99 937 260 1002 decedam.
291 933 388 1001 Nune
411 934 453 999 sd
475 937 610 999 alteram
633 935 802 1018 epistolam
825 935 929 1000 venio.
962 933 1054 1011 Quod
1074 952 1090 999 4

99 1025 141 1090 ad
164 1045 215 1089 me
238 1023 330 1108 quasi
345 1023 491 1089 formam
511 1022 728 1088 communium
748 1026 930 1108 temporum
953 1026 986 1087 et
1006 1027 1054 1087 to-

99 1114 165 1178 tius
188 1113 235 1178 rei
258 1111 406 1196 publicae
424 1111 540 1176 misisti
564 1131 755 1196 expressam,
777 1110 949 1196 prudentia
971 1110 1055 1176 litte·

99 1222 210 1267 rarum
231 1204 362 1267 tuarmn
384 1197 476 1266 valde
499 1198 579 1264 mihi
601 1203 651 1264 est
673 1203 766 1284 grata
789 1235 831 1247 -
854 1198 947 1265 rideo
970 1201 1056 1264 enim

100 1293 134 1354 et
156 1289 299 1373 pericula
320 1287 451 1373 leviora,
473 1309 570 1373 quam
590 1287 752 1373 timebam,
774 1292 808 1353 et
825 1287 949 1354 maiora
965 1307 1056 1373 prae·

101 1377 194 1461 sidia,
217 1375 246 1440 si
268 1375 406 1460 quidem,
426 1379 464 1442 ut
482 1376 604 1461 scribis,
627 1398 737 1442 omnes
756 1377 840 1443 vires
860 1376 999 1443 civitatis
1022 1398 1056 1441 se

102 1464 144 1530 ad
161 1464 309 1548 Pompeii
324 1463 457 1531 ductum
475 1464 774 1550 applicaverunt-
788 1469 943 1552 tuumque
962 1466 1058 1531 simul

101 1556 290 1639 promptum
316 1553 459 1619 animum
487 1556 520 1618 et
542 1554 681 1618 amorem
706 1555 854 1640 perspexi
881 1554 922 1620 ad
950 1553 1057 1619 defen-

102 1641 242 1707 dendam
263 1661 332 1707 rem
353 1641 531 1727 publicam,
557 1640 788 1727 mirificamque
815 1643 885 1727 cepi
911 1643 1058 1728 volupta-

102 1733 170 1795 tem
201 1751 240 1795 ex
266 1730 328 1795 hac
359 1733 417 1797 tua
444 1729 625 1816 diligentia,
657 1731 743 1816 quod
770 1731 805 1795 in
832 1732 965 1797 summis
993 1732 1058 1796 tuis

104 1817 369 1904 occupationibus
397 1817 478 1883 mihi
500 1822 610 1884 tamen
632 1818 830 1903 reipublice
857 1822 980 1886 statum
1001 1841 1058 1903 per
1166 1888 1170 1897 ,

104 1909 136 1971 te
163 1908 279 1972 notum
309 1927 379 1972 esse
410 1906 553 1972 voluisti:
586 1928 662 1972 nam
689 1907 860 1992 augurales
887 1906 986 1972 libros
1018 1908 1059 1971 ad

104 2015 274 2061 commune
291 1994 458 2079 utriusque
475 1998 623 2061 nostrum
642 1994 743 2060 otium
762 2015 866 2078 serra,
889 1995 1060 2080 egoenim,

106 2104 126 2146 a
148 2086 181 2146 te
204 2103 302 2167 quum
323 2086 381 2147 tua
402 2083 562 2166 promissa
583 2103 641 2166 per
657 2082 782 2147 litteras
800 2081 997 2169 flagitabam,
1019 2084 1060 2148 ad

106 2170 220 2237 urbem
236 2172 269 2235 tc
287 2170 518 2237 otiosissimum
536 2191 605 2236 esse
624 2171 814 2256 arbitrabar,
835 2193 923 2239 nunc
940 2176 1060 2256 tamen,

106 2262 142 2323 ut
165 2258 234 2344 ipse
256 2259 430 2345 polliceris,
457 2280 516 2344 pro
544 2258 752 2346 auguralibus
778 2259 869 2326 libris
898 2261 1059 2328 orationes

105 2352 179 2412 tuas
206 2346 370 2414 confectas
397 2368 508 2414 omnes
535 2348 736 2434 exspectabo.
780 2347 820 2414 D.
844 2348 982 2434 Tullius,
1009 2350 1096 2415 cuis

106 2435 260 2501 mandata
288 2435 329 2501 ad
356 2456 407 2500 me
434 2436 564 2521 dedisti,
594 2458 663 2504 non
689 2441 884 2503 convenerat
905 2459 970 2521 me,
1002 2459 1061 2504 nec

107 2526 177 2589 erat
198 2524 263 2590 iam
290 2523 461 2609 quisquam
486 2546 613 2591 mecum
637 2528 768 2591 tuorum
794 2528 922 2610 praeter
950 2548 1061 2592 omnes

106 2633 209 2696 meos,
241 2611 296 2696 qui
324 2616 401 2678 sunt
427 2634 539 2679 omnes
565 2614 622 2679 tui
671 2611 946 2680 Stomachosiores
973 2635 1061 2679 meas

106 2700 231 2766 litteras
260 2721 340 2786 quas
372 2700 459 2768 dicas
487 2723 569 2786 esse,
599 2722 668 2767 non
694 2701 855 2787 intelligo:
887 2701 937 2766 bis
957 2703 1006 2769 ,ad
1028 2707 1061 2768 te

107 2788 222 2875 scripsi
247 2810 298 2855 me
325 2809 469 2875 purgans
496 2789 680 2876 diligenter,
707 2793 740 2855 te
766 2790 879 2856 leviter
906 2811 1061 2858 accusans

107 2878 142 2942 in
174 2898 227 2962 eo,
258 2877 345 2963 quod
377 2877 416 2943 de
443 2899 494 2944 me
522 2879 586 2945 cito
614 2877 814 2944 credidisses:
846 2879 932 2963 quod
960 2901 1061 2966 genus

107 2966 256 3049 querelae
279 2965 359 3032 mibi
377 2965 506 3051 quidem
523 2965 692 3032 ridebatur
710 2988 779 3032 esse
803 2968 910 3052 amici3
933 2969 984 3035 sin
1002 2970 1062 3035 tibi

109 3053 356 3139 displicetnon
377 3057 452 3121 utar
473 3075 511 3121 eo
534 3055 679 3139 posthae.
725 3052 800 3139 Sed,
824 3056 859 3141 si,
881 3059 920 3120 ut
942 3057 1063 3141 scribis,

108 3161 166 3206 eae
192 3141 318 3207 litterae
345 3163 414 3208 non
439 3142 571 3209 suerum
598 3143 748 3227 disertae,
776 3143 856 3209 scito
885 3165 972 3209 meas
995 3166 1063 3208 non

180 3367 232 3440 Ep.
249 3374 290 3424 11.
305 3376 337 3445 4,
361 3376 442 3441 prato
456 3402 489 3412 -
502 3372 581 3429 uideo
595 3414 600 3426 .
612 3412 636 3427 ..
656 3373 865 3442 applicaverunt
879 3402 922 3438 -,
936 3376 1063 3442 tuumque

110 3437 185 3508 (W0).
221 3455 263 3511 9.;
280 3438 357 3497 video
436 3442 522 3513 appi,
539 3449 558 3499 t.
577 3443 608 3498 B.
633 3474 666 3483 -—
686 3444 844 3513 praesidia,
867 3458 949 3512 ouum
971 3459 1063 3513 spera·

109 3510 180 3578 bam,
197 3513 224 3568 si
242 3510 313 3582 (bil
350 3517 375 3566 5.
393 3518 419 3568 te
435 3512 528 3570 leuiter
546 3515 613 3587 (M.).
650 3519 675 3571 te
693 3513 788 3571 leuiter
805 3513 841 3569 ll.
