2370 3878
185 199 249 263 322
466 200 502 253 Μ.
523 201 644 254 TULLII
663 202 851 256 CICERONIS

183 344 257 428 uidi,
280 344 431 428 mihique,
454 344 481 407 si
503 345 550 407 ita
572 366 743 428 oppressus
763 368 865 410 essem
883 369 1012 432 remque
1035 351 1139 432 publi-

184 454 253 496 cam
277 454 401 496 mecum
424 432 648 516 prodidissem,
677 438 804 499 mortuo
828 457 895 498 non
918 437 1013 502 modo
1037 438 1139 504 hono-

182 542 263 603 rem,
292 521 347 584 sed
373 520 623 585 misericordiam
651 543 777 605 quoque
805 522 999 588 defuturam:
1030 526 1139 609 itaque

183 609 342 672 rediturus
367 631 437 672 sum
459 630 519 672 nec
538 612 631 673 tanta
649 632 782 674 munera
800 612 934 693 perditis
953 613 1138 678 hominibus

148 696 252 760 odori
275 719 369 781 possa
393 698 505 760 sinam.
550 697 736 762 Exercitum
758 699 837 763 locis
860 700 998 764 habeam
1022 724 1137 786 oppor-

182 785 283 869 tunis,
309 785 507 870 provinciam
534 789 639 870 tuear,
666 787 791 851 etiamsi
819 788 872 851 ille
901 791 1057 853 exercitus
1086 793 1138 854 de-

183 874 302 958 scierit,
339 874 509 957 omniaque
541 874 669 959 integra
705 896 841 958 servem,
879 876 961 941 dabo
998 900 1137 962 operam,

182 963 288 1045 quoad
317 963 473 1027 exercitus
500 963 564 1026 huc
592 963 799 1027 summittatis
827 965 960 1048 parique
984 966 1137 1030 felicitate

180 1073 249 1114 rem
271 1051 434 1135 publicam
456 1051 508 1114 hio
531 1050 711 1135 vindicatio,
735 1074 793 1115 nec
817 1051 1012 1138 depugnare,
1035 1056 1061 1118 si
1086 1077 1136 1118 oc·

181 1140 266 1204 casio
293 1140 417 1223 tulerit,
448 1160 508 1202 nec
540 1139 691 1222 obsideri,
723 1141 750 1203 si
777 1161 907 1204 necesse
937 1142 1047 1226 fuerit,
1077 1166 1136 1206 neo

180 1229 275 1312 mori,
308 1229 335 1291 si
368 1249 459 1291 casus
491 1227 651 1312 inciderit,
682 1250 741 1311 pro
773 1229 865 1292 vobis
897 1231 1041 1312 paratior
1073 1232 1136 1295 fuit

181 1317 357 1401 quisquam.
403 1315 507 1390 Quare
534 1316 648 1382 hortor
669 1320 715 1400 to,
743 1317 787 1380 mi
810 1315 934 1402 Oioero,
963 1320 1134 1383 exercitum

179 1405 243 1469 huc
269 1404 493 1469 traiiciendum
521 1426 616 1489 quam
644 1405 783 1488 primum
807 1426 897 1470 cures
926 1409 957 1469 et
984 1411 1135 1490 matures

179 1494 366 1577 priusquam
401 1493 510 1557 hostes
547 1493 651 1576 magis
688 1493 935 1558 corroborentur
967 1498 1000 1557 et
1031 1498 1133 1560 nostri

179 1582 419 1664 perturbentur:
442 1581 478 1644 in
501 1603 563 1664 quo
586 1581 615 1645 si
638 1582 783 1645 celeritas
807 1583 868 1644 erit
897 1582 1055 1665 adhibita,
1083 1607 1134 1647 res

179 1670 307 1753 publica
338 1671 373 1733 in
404 1670 607 1754 possessione
643 1670 795 1734 victoriae
828 1669 940 1734 deletis
973 1672 1134 1734 sceleratis

178 1759 388 1841 permanebit.
431 1757 498 1822 -Fac
521 1760 628 1822 valeas
650 1779 764 1841 meque
788 1757 912 1842 diligas.

144 1859 158 1906 7
244 1845 391 1912 Fratrem
422 1869 529 1911 meum
561 1846 633 1928 tibi,
665 1845 876 1910 fortissimum
904 1848 1005 1911 civem
1033 1852 1065 1911 et
1093 1849 1133 1911 ad

179 1937 288 2000 omnia
301 1935 549 2020 paratissimum,
567 1956 714 1999 excusem
732 1934 870 1999 litteris?
894 1936 948 2017 qui
967 1957 1005 1998 ex
1023 1937 1133 1999 labore

178 2025 212 2086 in
239 2025 427 2088 febriculam
454 2023 568 2087 incidit
599 2023 761 2087 assiduam
789 2026 822 2087 et
848 2024 926 2087 satis
956 2024 1133 2087 molestam.

179 2112 284 2187 Quum
307 2113 446 2196 primum
469 2111 600 2196 poterit,
628 2111 711 2176 istuc
733 2133 895 2176 recurrere
917 2133 984 2176 non
1009 2112 1132 2175 dubita-

178 2200 239 2283 bit,
266 2222 394 2283 nequo
420 2201 492 2265 loco
520 2200 735 2283 reipublicae
763 2200 854 2264 desit.
899 2198 1006 2262 Meam
1029 2200 1132 2283 digui-

176 2292 277 2352 tatem
310 2288 566 2353 commendatam
597 2288 717 2354 habeas
724 2339 733 2372 ,
765 2309 854 2373 rogo.
899 2284 1132 2368 Concupiscere

176 2398 227 2440 me
255 2377 337 2441 nihil
365 2381 506 2462 oportet3
532 2378 636 2442 habeo
664 2381 697 2441 te
724 2380 758 2440 et
784 2373 1042 2439 amantissimum
1068 2378 1131 2439 mei

177 2469 222 2549 et,
249 2465 334 2549 quod
368 2467 490 2550 optavi,
522 2487 664 2530 summae
696 2462 909 2529 auctoritatis:
941 2464 978 2525 tu
1005 2462 1132 2547 videriS,

177 2558 333 2636 quantum
366 2559 398 2618 et
430 2555 558 2638 quando
590 2557 682 2618 tuum
714 2573 830 2615 munus
860 2549 945 2633 apud
974 2571 1024 2614 me
1052 2552 1131 2614 velis

176 2664 258 2725 esse3
287 2645 415 2706 tantum
442 2648 474 2707 te
501 2663 596 2727 rogo,
622 2641 658 2705 in
680 2639 779 2704 Hirtii
805 2640 912 2704 locum
939 2659 989 2701 me
1013 2639 1131 2703 subdas

175 2730 272 2795 etad
295 2734 387 2795 tuum
410 2752 552 2796 amorem
575 2733 608 2793 et
631 2729 672 2792 ad
694 2749 799 2791 meam
822 2727 1068 2791 observantiam.

598 2902 704 2970 XXII.

269 3009 325 3064 Ser.
345 3010 450 3065 Rornae
468 3023 563 3062 mense
581 3007 662 3062 lunio
682 3006 757 3076 (post
774 3005 825 3075 Id.)
845 3021 870 3060 a.
889 3024 915 3060 u.
936 3023 958 3060 c.
980 3012 1037 3058 ill.

385 3092 390 3099 ’
502 3129 631 3186 orouuo
651 3098 804 3185 arluco.

139 3247 154 3294 1
241 3225 281 3289 In
304 3227 448 3289 teatin
476 3223 601 3308 collega
629 3222 734 3286 omnis
763 3241 835 3304 spes
863 3221 913 3283 est
940 3219 988 3282 dis
1017 3240 1129 3301 appro-

175 3314 336 3379 bantibus.
374 3310 553 3382 Concordia
576 3313 691 3394 vestra,
714 3330 795 3393 quae
820 3308 947 3372 senatui
970 3306 1133 3372 declarata

230 3467 285 3539 Ep.
306 3476 352 3541 21,
369 3478 392 3527 ὃ.
433 3469 625 3539 defuturam(
654 3469 680 3537 a.
715 3465 875 3533 &famum
892 3463 957 3516 ΜΒ.
987 3469 1019 3544 Ι6.
1043 3461 1133 3515 Excr-

141 3537 235 3592 cz'tam
256 3543 330 3599 Iacca
350 3544 422 3619 (M).
461 3561 506 3602 ccc.
522 3548 553 3602 ut
568 3543 588 3600 1.
602 3539 694 3613 ΜΒ.
729 3533 952 3604 amiculas.
984 3531 1132 3587 astooMB.
