2370 3878
305 164 563 242 EPISTOLARUM
580 164 655 219 XIII.
677 170 787 220 75-77.
957 167 1022 230 477

65 311 186 375 etenim
209 331 266 375 vos
285 309 365 373 mihi
385 309 499 393 optimi
516 312 614 373 testes
633 309 719 390 estis,
739 331 837 392 quum
854 310 934 374 mihi
953 333 1023 394 per-

67 420 198 463 suasum
217 402 302 462 esset
320 397 401 460 nihil
419 418 498 479 esse,
517 396 602 481 quod
621 419 640 459 a
657 397 749 462 vobis
767 397 939 480 impetrare
957 421 1024 463 non
1140 454 1142 459 .

66 508 208 571 possem,
241 507 417 569 numquam
449 506 501 548 me
528 488 638 548 tamen
670 505 799 568 gravem
831 486 922 550 vobis
955 507 1024 551 esse

67 575 215 638 voluisse.
251 572 467 639 Vehementer
488 573 587 656 igitur
608 594 665 636 ros
688 573 785 636 etiam
809 576 904 657 atque
928 574 1059 643 etiaura

67 683 157 747 rogo,
180 666 218 725 ut
233 661 366 726 honoris
384 661 448 725 mei
467 683 562 724 causa
580 660 802 724 liberalissime
823 659 1025 745 evargum

68 748 269 833 Hippianum
291 749 437 813 tractetis
460 768 589 832 remque
613 769 685 812 cum
708 770 745 812 eo
769 748 958 831 conficiatis,
980 754 1025 833 ut,

69 860 166 921 quam
188 838 424 920 possessionem
446 837 544 900 habet
566 837 601 899 in
624 856 702 919 agro
722 835 911 920 Fregellano
932 859 954 901 ιι
972 860 1024 901 vo-

69 926 120 990 bis
139 930 290 1008 emptam,
309 947 379 988 eam
393 924 527 988 liberam
542 927 574 988 et
587 925 764 988 immunem
777 925 894 988 habere
908 927 1024 1008 possit:

69 1014 103 1077 id
127 1014 154 1076 si
178 1036 196 1077 a
218 1014 309 1078 vobis
328 1014 510 1096 impetrare,
534 1034 658 1077 summo
677 1032 729 1075 me
747 1013 901 1077 beneficio
919 1019 1025 1079 vestro

73 1101 223 1166 affectum
246 1102 434 1166 arbitrabor.

468 1274 630 1342 LXXVII.

239 1379 296 1434 Sor.
315 1344 420 1433 Romae
438 1396 532 1434 mense
552 1377 651 1433 Sextili
670 1394 695 1432 a.
714 1397 740 1432 u.
760 1395 782 1432 c.
804 1384 863 1434 709.

162 1485 200 1539 Μ.
223 1484 353 1540 CICERO
374 1484 401 1538 S.
420 1483 452 1538 D.
472 1484 502 1538 P.
522 1482 686 1538 SULPICIO
704 1484 939 1540 IMPERATORI.
963 1506 968 1515 ·

141 1573 246 1651 Quum
268 1576 318 1639 his
337 1575 535 1658 temporibus
554 1597 620 1639 non
639 1597 715 1640 sane
734 1576 769 1639 in
789 1580 935 1640 senatum
953 1598 1027 1640 ven·
1048 1597 1061 1647 1

72 1664 210 1746 titarem‚
233 1668 350 1745 tamen,
373 1667 410 1727 ut
430 1667 503 1727 tuas
522 1664 646 1728 litteras
664 1664 737 1748 legi,
759 1686 826 1728 non
848 1665 1027 1729 existimavi

72 1773 125 1816 me
148 1754 235 1816 salvo
262 1753 330 1815 iure
357 1754 487 1815 nostrae
515 1752 630 1815 veteris
659 1752 817 1817 amicitiae
840 1755 1026 1817 multorum-

74 1861 136 1924 que
159 1840 319 1904 internos
339 1840 515 1903 officiorum
534 1839 636 1902 faeere
654 1860 759 1922 posse,
781 1844 818 1902 ut
834 1839 950 1903 honori
971 1845 1027 1905 tuo

74 1927 231 2010 deessem3
255 1928 363 2011 itaque
379 1927 455 1990 affui
471 1927 799 2011 supplicationemque
817 1928 878 1991 tibi
891 1928 1029 1992 libenter

73 2016 206 2098 decrevi,
229 2038 288 2079 nec
311 2016 431 2099 reliquo
455 2019 598 2098 tempore
616 2016 682 2081 ullo
702 2019 757 2079 aut
779 2016 826 2078 rei
845 2019 900 2079 aut
921 2017 1026 2080 existi-

73 2104 209 2167 mationi
237 2107 293 2167 aut
321 2103 471 2187 dignitati
502 2108 576 2167 tuae
605 2104 706 2168 deero.
756 2103 876 2187 Atque,
903 2105 964 2168 hoc
992 2109 1029 2168 ut

71 2192 122 2255 tui
148 2192 320 2256 necessarii
347 2192 463 2274 sciant,
490 2193 551 2256 hoc
578 2214 628 2255 me
656 2193 764 2255 animo
792 2213 868 2276 erga
895 2195 927 2255 te
950 2215 1027 2275 esse,

73 2280 169 2343 velim
192 2280 291 2344 facias
319 2301 373 2343 cos
401 2301 458 2363 per
484 2281 607 2344 litteras
636 2280 798 2362 certiores,
820 2276 869 2363 ut,
898 2282 925 2344 si
952 2283 1028 2365 quid

73 2367 134 2431 tibi
157 2390 236 2451 opus
261 2368 311 2451 sit,
334 2391 374 2431 ne
393 2368 540 2433 dubitent
562 2368 642 2432 mihi
663 2369 731 2432 iure
755 2390 812 2432 suo
832 2368 1027 2434 denuntiare.

72 2453 117 2518 M.
140 2454 312 2538 Bolanum,
339 2457 442 2520 virum
469 2457 590 2520 bonum
618 2460 650 2519 et
676 2457 792 2521 fortem
820 2462 853 2521 et
880 2459 1062 2526 omnibusa
1152 2456 1157 2463 ’

72 2543 168 2606 rebus
184 2548 333 2607 ornatum
347 2565 515 2628 meumque
529 2548 669 2609 veterem
683 2547 829 2628 amicum,
838 2546 899 2609 tibi
908 2567 1027 2630 magno

73 2652 168 2714 opere
183 2633 379 2696 commendo.
415 2633 606 2717 Pergratum
619 2633 699 2697 mihi
717 2633 838 2715 secane,
857 2634 884 2696 si
898 2635 1027 2714 curaris,

72 2720 159 2783 ntis
182 2720 355 2804 intelligat,
382 2721 465 2784 hanc
488 2722 797 2786 commendationem
825 2722 886 2784 sibi
908 2743 1027 2806 magno

73 2807 257 2872 adiumento
281 2809 392 2890 fuisse,
415 2809 583 2891 ipsumque
605 2811 709 2873 virum
732 2810 890 2893 optimum
913 2811 1027 2895 gratis-

73 2896 252 2978 simumque
275 2917 462 2980 cognosces:
485 2897 638 2978 promitto
658 2897 720 2960 tibi
741 2901 773 2961 te
797 2919 836 2962 ex
858 2898 926 2962 eius
949 2900 1026 2962 ami-

22 3005 25 3010 ·
73 2984 149 3046 citia
171 3005 323 3067 magnam
342 2984 538 3065 voluptatem
558 3006 626 3048 esse
646 2989 821 3067 capturum.
858 2985 1041 3050 Praeterea

73 3075 147 3134 ate
170 3076 246 3154 peto
274 3073 308 3135 in
331 3072 485 3135 maiorem
512 3074 642 3136 modum
665 3095 724 3155 pro
752 3078 864 3137 nostra
887 3075 1027 3137 amicitia

73 3162 106 3221 et
132 3181 191 3242 pro
223 3163 279 3223 tuo
311 3162 465 3242 perpetuo
498 3160 532 3224 in
560 3182 610 3224 me
635 3162 755 3245 studio,
786 3165 823 3224 ut
849 3162 884 3223 in
910 3161 970 3224 hac
993 3182 1026 3224 re

73 3247 170 3309 etiam
194 3248 351 3312 elabores:
379 3246 567 3331 Dionysius,
591 3270 699 3313 servus
722 3270 820 3330 meus,
844 3249 899 3331 qui
921 3270 1027 3312 meam

71 3331 295 3418 βιβλιοθήκην
316 3337 490 3400 multorum
512 3358 717 3401 nummorum
739 3335 901 3412 tractavit,
929 3358 1026 3418 quum

143 3488 195 3559 Ep.
216 3495 257 3558 77,
273 3496 297 3544 3.
334 3487 518 3562 βιβλιοθήκην
537 3492 613 3573 (Οἳ.)ἶ
652 3494 824 3547 bibliothecen
841 3491 909 3545 ΜΒ.
