2370 3878
121 122 163 186 72
401 121 438 176 Μ.
458 120 581 176 TULLII
599 121 789 178 CICERONIS

119 268 276 354 processit
302 266 444 351 obviam,
471 264 582 331 Cicero
609 265 717 350 Appio
744 266 894 332 noluit?“
939 266 1079 354 Quaeso,

120 357 259 421 etiamne
272 358 309 419 tu
322 354 382 420 has
400 354 547 439 ineptias,
565 354 662 419 homo
681 376 752 420 mea
771 356 932 421 sententia
950 377 1078 422 summa

120 443 301 529 prudentia,
319 443 422 507 multa
440 443 538 507 etiam
552 442 706 529 doctrina,
723 444 861 528 plurimo
879 465 987 509 rerum
1005 467 1080 528 usu,

121 532 204 596 addo
227 532 453 616 urbanitatem,
477 550 558 615 quae
582 535 631 596 est
652 532 764 617 virtus,
785 535 823 597 ut
843 530 943 597 Stoici
965 533 1075 598 rectis·

122 620 200 685 sime
227 619 366 705 putant?
398 620 499 684 ullam
525 618 732 704 Appietatem
761 625 817 685 aut
843 620 1076 703 Lentulitatem

121 709 227 773 valere
242 707 328 793 apud
342 729 393 773 me
411 709 484 793 plus
502 730 599 792 quam
618 712 808 774 ornamenta
820 709 949 774 virtutis
968 709 1075 774 existi·

121 796 212 861 mas?
257 795 363 872 Quum
394 818 432 862 ea
464 799 654 862 consecutus
686 796 831 861 nondum
863 818 964 882 eram,
993 818 1076 881 quae

123 888 199 950 sunt
219 885 389 950 hominum
411 885 616 969 opinionibus
644 885 854 970 amplissima,
880 889 991 950 tamen
1012 886 1077 950 ista

122 976 230 1039 vestra
252 974 385 1039 nomina
402 995 578 1058 numquam
597 995 668 1038 sum
691 973 879 1056 admiratus3
902 973 988 1038 viros
1011 994 1081 1056 eos,

124 1062 178 1147 qui
196 1085 234 1127 ea
252 1063 344 1128 vobis
361 1062 575 1147 reliquissent,
593 1083 729 1147 magnos
748 1061 940 1126 arbitrabar:
963 1065 1078 1146 postea

123 1173 203 1304 tl}
220 1150 1077 1322 tbtttbtttttttitutatttttat

125 1327 315 1411 quirendum
337 1330 498 1411 putarem,
522 1327 719 1410 superiorem
741 1326 869 1410 quidem
892 1346 1081 1409 numquam,

125 1415 181 1480 sed
211 1436 323 1498 parem
355 1414 446 1479 vobis
482 1436 533 1478 me
566 1415 692 1498 speravi
723 1435 791 1479 esse
823 1414 955 1479 factum.
1008 1412 1077 1478 Nec

124 1502 304 1568 mehercule
328 1503 420 1566 aliter
442 1503 508 1567 vidi
531 1503 711 1567 existimare
735 1504 785 1567 vel
808 1500 865 1567 Cn.
879 1501 1078 1586 Pompeium,

126 1612 221 1676 quem
243 1591 407 1675 omnibus,
434 1591 489 1676 qui
515 1612 668 1675 umquam
694 1591 838 1674 fuerunt,
864 1591 915 1654 vel
937 1588 972 1653 P.
996 1588 1079 1653 Len-

125 1680 239 1764 tulum,
262 1701 356 1763 quem
378 1679 458 1744 mihi
480 1678 542 1763 ipsi
561 1683 736 1764 antepono:
758 1683 795 1744 tu
815 1679 843 1743 si
861 1679 954 1742 aliter
971 1677 1078 1742 existi-

126 1789 204 1851 mas,
226 1767 308 1833 nihil
331 1767 461 1853 errabis,
484 1767 512 1831 si
529 1769 638 1851 paullo
657 1768 851 1853 diligentius,
873 1769 918 1850 ut,
941 1764 1018 1850 quid
1037 1765 1081 1829 sit

128 1850 289 1936 εὐγένεια,
313 1856 388 1940 quid
407 1857 450 1922 sit
466 1855 629 1940 nobilitas,
650 1856 822 1940 intelligas„
840 1852 1082 1936 Athenodorus,

127 1942 286 2009 Sandonis
308 1945 403 2031 filius,
426 1945 502 2029 quid
525 1944 564 2009 de
586 1945 637 2010 his
659 1945 755 2009 rebus
778 1943 873 2026 dicat,
894 1940 1079 2006 attenderis

92 2046 109 2095 6
128 2030 200 2115 Sed,
221 2036 258 2097 ut
281 2033 322 2096 ad
339 2055 407 2098 rem
424 2034 562 2118 redeam,
584 2055 635 2099 me
652 2033 713 2097 tibi
730 2052 799 2096 non
817 2031 955 2095 amicum
973 2029 1084 2111 modu,

127 2141 238 2184 verum
261 2121 358 2185 etiam
377 2122 606 2187 amicissimum
623 2121 784 2185 existimes
802 2119 911 2183 velim:
933 2117 1081 2201 profecto

128 2208 278 2274 omnibus
297 2207 412 2273 officiis
429 2209 509 2274 meis
527 2209 674 2292 efficiam,
692 2211 729 2272 ut
740 2209 788 2272 ita
801 2228 870 2272 esse
888 2225 962 2271 vere
976 2203 1081 2290 possis

127 2296 276 2361 iudicare.
313 2296 363 2361 Tu
382 2300 490 2361 autem
508 2296 535 2360 si
552 2297 586 2362 id
605 2297 684 2381 egis,
706 2299 744 2361 ut
761 2295 867 2360 minus
885 2313 957 2358 mea
975 2313 1084 2375 causa,

129 2386 205 2450 dum
228 2404 289 2469 ego
312 2384 425 2469 absim,
447 2385 562 2450 debere
584 2385 730 2468 videaris,
753 2405 850 2467 quam
873 2401 933 2467 ego
956 2385 1014 2445 tua
1035 2380 1083 2445 la·

128 2472 280 2557 borarim,
301 2472 403 2538 libero
426 2476 459 2538 te
481 2473 545 2538 ista
568 2494 657 2538 cura:

255 2623 297 2636 -
319 2621 360 2634 -
382 2582 464 2668 πάρ’
487 2585 599 2668 ἔμοιγε
621 2585 678 2649 καὶ
699 2581 811 2666 ἄλλοι,

173 2671 208 2736 οἵ
227 2671 266 2736 κε’
285 2693 327 2754 με
348 2668 535 2753 τιμήσουσι,
557 2669 702 2752 μάλιστα
724 2668 762 2732 dl
786 2667 922 2750 μητίετα
943 2662 1038 2740 Ζεύς.

132 2793 166 2860 Si
193 2797 302 2858 autem
327 2797 446 2858 natura
472 2813 506 2856 es
534 2790 715 2872 φιλαίτιος,
737 2788 817 2855 illud
843 2809 911 2854 non
938 2784 1086 2871 perficies

132 2882 316 2968 quominus
335 2885 392 2946 tua
410 2901 507 2945 eausa
525 2879 630 2962 velim,
646 2877 709 2943 hoe
728 2897 905 2961 assequere,
923 2879 968 2959 ut,
987 2895 1086 2959 quam

131 2972 166 3036 in
188 2974 314 3054 partem
334 2971 372 3034 tu
395 2968 542 3053 accipies,
563 2967 670 3032 minus
691 2965 844 3032 laborem.
879 2963 969 3028 Haec
992 2961 1034 3026 ad
1052 2964 1088 3024 te

133 3059 245 3143 scripsi
271 3057 403 3122 liberius
429 3056 531 3121 fretus
559 3055 756 3120 conscientia
779 3052 878 3118 officii
904 3050 968 3117 mei
989 3049 1088 3114 bene·

132 3147 368 3230 volentiaeque,
395 3166 492 3230 quam
519 3166 539 3208 a
561 3164 612 3208 me
636 3144 722 3207 certo
749 3140 867 3206 iudicio
896 3140 1089 3222 susceptam,

133 3235 238 3320 quoad
260 3239 297 3300 tu
319 3234 417 3317 voles,
439 3230 645 3298 conservabo.

202 3391 254 3462 Ep.
279 3397 308 3459 7,
322 3395 347 3446 5.
392 3386 518 3458 patant?
545 3386 632 3442 ιιῑῑιιιιι
654 3385 729 3456 (Vt).
775 3401 824 3454 p.;
841 3413 874 3426 ·-
893 3383 980 3439 ubam
1002 3380 1034 3436 B.
1052 3407 1091 3422 -

133 3463 201 3533 qaid
219 3463 251 3517 de
268 3463 305 3518 tia
322 3477 345 3518 r.
366 3459 450 3530 (ΨΜ
487 3465 512 3514 6.
545 3457 633 3514 absim
650 3456 718 3526 (u).
755 3457 851 3513 absum
868 3453 913 3524 N,
926 3453 958 3509 B.
