2370 3878
422 813 532 870 LIBER
550 812 728 881 QUARTUS.

138 936 215 1007 AD.
248 936 348 1007 SER.
375 937 650 1008 SULPICIUM
681 938 745 1008 ΕΤ
772 937 1003 1006 CETEROS.

560 1114 585 1182 Ι.

161 1234 218 1293 Ser.
238 1236 269 1291 in
287 1235 411 1293 Cumano
429 1239 548 1293 exeunte
566 1251 660 1292 mense
678 1236 771 1307 Aprili
789 1252 814 1291 a
833 1254 859 1290 u.
880 1253 903 1292 c.
924 1240 982 1291 705.

286 1377 324 1432 M.
343 1375 472 1434 CICERO
491 1377 518 1433 S.
538 1378 571 1434 D.
591 1377 667 1434 SER.
687 1376 860 1434 SULPICIO.

164 1483 198 1553 O.
217 1485 397 1570 Trebatius,
418 1487 588 1552 familiaris
611 1509 711 1572 meus,
734 1486 775 1552 ad
793 1507 844 1551 me
868 1485 997 1571 scripsit
1018 1488 1051 1550 te
1072 1503 1086 1553 1

95 1596 137 1640 ex
160 1595 194 1640 se
217 1577 393 1660 quaesisse,
416 1576 533 1659 quibus
555 1576 591 1640 in
608 1576 691 1646 ¹loeis
715 1596 832 1659 essem,
855 1575 1053 1658 molesteque

94 1666 129 1729 te
151 1663 245 1747 ferre,
268 1664 354 1749 quod
376 1684 428 1728 me
446 1667 578 1749 propter
595 1663 813 1728 valetudinem
831 1667 931 1746 tuam,
954 1683 1054 1747 quum

95 1751 139 1817 ad
156 1752 270 1818 urbem
289 1752 503 1836 accessissem,
525 1773 594 1817 non
610 1751 755 1851 vidisses,
777 1754 811 1814 et
827 1750 890 1816 hoc
908 1754 1053 1833 tempore

94 1840 234 1905 vellete
257 1860 397 1920 meeum,
425 1839 454 1902 si
475 1839 609 1923 propius
637 1838 856 1920 accessissem,
884 1837 922 1900 de
946 1837 1054 1901 officio

94 1927 265 2008 utriusque
297 1929 446 1990 nostrum
477 1925 722 1990 communicare.
775 1922 925 2007 Utinam,
957 1921 1054 2007 Servi,

95 2013 197 2079 salvis
219 2012 383 2077 rebus-
406 2013 452 2075 sic
475 2012 561 2077 enim
584 2015 634 2075 est
655 2011 892 2079 dicendum—
848 2012 1054 2114 -colloqui

94 2100 316 2188 potuissemus
343 2099 525 2164 internos!
556 2098 702 2185 profecto
730 2100 851 2185 aliquid
879 2101 949 2186 opis
973 2101 1054 2166 occi·

96 2189 188 2255 denti
211 2188 258 2255 rei
280 2187 428 2274 publicae
450 2188 649 2254 tulissemus:
676 2209 852 2275 cognoram
879 2189 965 2254 enim
988 2189 1054 2254 iam

97 2278 216 2343 absens
243 2281 276 2342 te
302 2277 384 2342 haec
410 2277 497 2342 mala
522 2278 626 2343 multo
653 2281 729 2343 ante
755 2277 978 2364 providentem
1002 2277 1053 2342 de·

96 2366 260 2432 fensorem
282 2366 372 2450 pacis
396 2370 428 2431 et
450 2365 485 2431 in
508 2367 677 2431 consulatu
698 2369 756 2432 tuo
779 2370 813 2431 et
838 2371 914 2452 post
940 2387 1054 2431 consu·

97 2455 202 2520 latum
233 2454 346 2538 fuisse,
378 2474 439 2540 ego
472 2458 593 2538 autem,
629 2475 728 2540 quum
760 2455 930 2520 consilium
961 2458 1054 2518 tuum

97 2542 270 2644 probarem
293 2541 464 2607 elidem
454 2563 524 2629 ipse
547 2542 713 2627 sentirem,
734 2543 817 2607 nihil
839 2541 1056 2626 proficiebam,

99 2650 171 2697 sero
194 2631 280 2696 enim
302 2651 468 2716 veneram,
491 2631 580 2696 solus
601 2651 699 2713 eram,
720 2630 809 2695 rudis
832 2649 901 2694 esse
923 2627 1055 2693 videbor

98 2718 135 2782 in
156 2739 265 2819 causa,
288 2718 495 2784 incideram
485 2740 522 2784 ιιι
543 2717 712 2785 hominum
733 2717 903 2804 pugnandi
924 2717 1054 2802 cupido-

98 2827 172 2872 rum
198 2807 351 2872 insanias
394 2811 501 2908 Nune,
528 2807 682 2890 quoniam
708 2806 827 2871 nihil
817 2826 883 2872 ram
909 2805 1055 2871 videmur

100 2894 253 2980 opitulari
275 2915 371 2997 posse
397 2895 445 2960 rei
471 2894 631 2979 publicae,
663 2894 691 2959 si
723 2894 800 2979 quid
832 2897 894 2980 est,
923 2895 959 2960 in
990 2916 1053 2978 quo

99 2983 298 3050 nobismet
288 2983 368 3068 ipsis
395 2982 561 3051 consulere
582 2982 757 3068 possimus,
783 3004 852 3050 non
874 2985 912 3048 ut
934 2981 1054 3068 ahquid

100 3091 140 3137 ex
161 3071 299 3155 pristino
323 3072 411 3136 statu
433 3073 546 3137 nostro
574 3070 783 3156 retineamus,
811 3071 867 3137 sed
893 3074 930 3137 ut
957 3089 1054 3154 quarn

99 3157 326 3226 honestissime
349 3160 532 3246 lugeamus,
553 3179 648 3225 nemo
673 3163 723 3224 est
744 3159 902 3244 omnium,
925 3158 1054 3243 quicum

99 3247 208 3332 potius
235 3247 316 3312 mihi
343 3269 439 3332 quam
465 3251 572 3312 tecum
600 3246 903 3313 communicandum
930 3248 1054 3331 putem,

99 3354 160 3400 nec
191 3335 278 3409 enim
311 3335 560 3401 clarissimorum
586 3335 742 3420 virorum,
769 3355 906 3420 quorum
934 3334 1054 3400 similes

99 3443 170 3488 esse
192 3422 357 3508 debemus,
384 3424 530 3510 exempla
551 3444 655 3510 neque
678 3423 957 3509 doctissimorum,
974 3445 1062 3508 duos
