2370 3878
401 170 460 224 EPl
463 169 660 224 STOLARUM
679 171 699 223 l.
719 176 743 223 9.
1011 169 1054 232 25

95 317 281 402 paravisset
321 315 435 400 Neque
457 336 533 378 vero
557 334 617 396 ego
640 313 721 377 mihi
743 316 857 397 postea
880 313 1055 398 quidquam
1074 319 1106 366 1⁷

96 406 257 488 assumpsi
270 426 374 488 neque
388 403 485 468 hodie
499 423 637 483 assumo,
651 401 736 485 quod
751 423 944 487 quemquam
958 404 1055 466 male-

96 493 384 559 volentissimum
375 513 444 557 rure
466 491 570 575 possit
593 490 766 554 offendere:
789 493 919 554 tantum
943 491 1055 575 enitor,

96 587 134 647 ut
166 603 271 666 neque
302 581 412 645 amicis
443 592 547 663 neque
580 580 677 643 etiam
710 579 916 643 alienioribus
950 601 1056 663 opera,

98 671 244 755 consilio,
261 671 372 735 labore
391 668 502 732 desim.
532 666 595 731 Hic
614 688 703 731 meae
722 668 808 731 vitae
827 688 938 731 cursus
958 667 1055 732 offen-

98 760 146 823 dit
170 780 224 824 eos
247 758 399 842 fortasse,
427 757 482 841 qui
510 755 713 839 splendorem
740 758 773 819 et
800 756 938 839 speciem
960 756 1056 820 huius

98 848 184 911 vitae
216 847 398 929 intuentur,
429 844 678 909 sollicitudinem
710 847 818 908 autem
850 847 882 907 εὴ
912 844 1058 909 laborem

98 935 279 1019 perspicere
311 956 379 999 non
416 936 566 1034 possunt·
601 933 681 996 illud
713 954 789 996 vero
823 953 891 997 non
924 934 1057 998 obscure

101 1024 319 1123 querunturqs
310 1044 345 1086 m
368 1023 447 1085 meis
471 1021 649 1104 sententiis,
672 1021 788 1102 quibus
811 1042 923 1085 ornem
942 1019 1057 1087 Gaesa-

99 1134 181 1195 rem,
217 1111 308 1195 quasi
336 1110 510 1175 desciscere
542 1130 593 1172 me
620 1129 642 1171 a
667 1108 805 1191 pristina
832 1130 937 1172 causa
985 1109 1058 1194 Ego

101 1204 157 1264 aut
158 1221 209 1263 em
232 1221 331 1282 quum
354 1199 411 1262 illa
428 1218 554 1280 sequor,
577 1218 658 1281 quae
676 1197 786 1280 paullo
805 1201 880 1260 ante
897 1198 1059 1281 proposui,

99 1292 172 1353 tum
193 1288 256 1352 hoc
278 1309 346 1352 non
367 1287 403 1349 in
425 1287 606 1370 postremis,
629 1285 667 1349 de
691 1307 754 1369 quo
778 1306 946 1368 coeperam
964 1307 1058 1370 expo·

101 1397 192 1439 nere:
219 1396 288 1439 non
310 1373 451 1439 offendes
474 1374 612 1439 eundem
633 1373 794 1438 bonorum
816 1395 955 1457 sensum,
978 1373 1059 1438 Len-

101 1465 184 1546 tule,
220 1484 314 1546 quem
350 1463 520 1546 reliquisti,
554 1463 610 1547 qui
645 1462 853 1527 confirmatus
890 1463 1060 1527 consulatu

101 1556 227 1636 nostru,
259 1572 498 1635 nonnumquam
530 1554 644 1634 postea
675 1552 887 1634 interruptus,
921 1551 1060 1615 afflictus

103 1644 178 1704 ante
201 1642 234 1704 te
257 1641 435 1724 consulem,
464 1642 625 1704 recreatus
654 1640 711 1702 abs
734 1642 767 1702 te
789 1643 878 1703 totus
901 1642 950 1703 est
973 1661 1060 1703 nunc

103 1729 143 1792 ab
171 1728 210 1792 iis
216 1778 225 1811 ,
253 1728 411 1812 aquibus
438 1729 577 1793 tuendus
604 1727 724 1810 fuerat,
753 1728 937 1810 derelictus,
964 1728 1060 1810 idque

102 1838 170 1880 non
202 1817 307 1881 solum
337 1816 445 1880 fronte
480 1820 576 1898 atque
608 1816 713 1897 vultu,
750 1816 865 1899 quibus
898 1814 1060 1880 simulatio

103 1905 256 1968 facillime
278 1905 465 1985 sustinetur,
487 1904 653 1967 declarant
674 1903 708 1985 ii,
730 1903 872 1984 quitum
894 1903 930 1965 in
948 1906 1061 1967 nostro

103 1993 159 2055 illo
184 1995 272 2055 statu
295 1991 468 2074 optimates
494 1991 760 2072 nominabantur,
787 1990 843 2054 sed
871 1991 968 2054 etiam
991 2012 1060 2054 sen·

102 2079 208 2142 tentia
231 2098 326 2160 saepe
349 2077 414 2140 iarn
435 2077 618 2160 tabellaque
641 2077 831 2160 docuerunt3
860 2079 969 2162 itaque
991 2083 1062 2145 tota
1081 2101 1114 2149 18

103 2168 169 2230 iam
193 2165 387 2250 sapientium
410 2165 540 2248 civium,
568 2167 695 2248 qualem
717 2187 768 2230 me
796 2170 829 2230 et
856 2188 925 2231 esse
948 2171 981 2231 et
1003 2189 1061 2231 nu-

103 2255 220 2319 merari
243 2255 331 2337 volo,
361 2257 394 2317 et
416 2254 577 2317 sententia
604 2257 637 2318 et
663 2254 813 2319 voluntas
841 2259 966 2319 mutata
992 2278 1061 2320 esse

104 2340 212 2426 debet,
243 2342 277 2406 id
308 2342 394 2406 enim
421 2342 511 2406 iubet
541 2342 626 2406 idem
653 2343 707 2406 ille
734 2342 842 2427 Plato,
874 2366 969 2427 quem
1001 2365 1061 2428 ego

103 2394 310 2495 vehenienter
342 2434 506 2495 auctorem
532 2452 662 2515 sequor,
693 2434 839 2514 „tantum
869 2432 1062 2497 contendere

103 2520 195 2582 inre
217 2518 356 2603 publica,
380 2522 537 2602 quantum
556 2520 692 2602 probare
715 2520 780 2583 tuis
799 2520 921 2584 civibus
944 2521 1062 2603 possis3

103 2608 169 2671 vim
200 2628 304 2690 neque
335 2608 463 2692 parenti
495 2628 555 2671 nec
586 2607 710 2690 patriae
742 2607 855 2671 afferre
888 2607 1063 2691 oportere.“

103 2695 211 2779 Atque
234 2695 319 2759 hanc
343 2695 472 2779 quidem
494 2695 548 2760 ille
572 2717 702 2759 causam
723 2696 783 2759 sibi
807 2696 853 2759 ait
874 2717 942 2760 non
966 2697 1062 2760 attin·

104 2783 227 2868 gendae
251 2784 298 2847 rei
320 2784 467 2867 publicae
490 2783 604 2867 fuisse,
627 2783 726 2866 quod,
755 2804 854 2867 quum
877 2784 1062 2849 offendisset

103 2873 260 2955 populum
275 2870 509 2936 Atheniensem
531 2892 632 2955 prope
655 2871 721 2935 iam
739 2871 950 2955 desipientem
973 2895 1062 2938 senc·

104 2963 190 3023 ctute
213 2980 375 3044 quumque
399 2981 472 3024 eum
494 2980 559 3033 neo
581 2959 802 3042 persuadendo
829 2980 899 3040 nec„
917 2962 1061 3047 cogendo

103 3047 173 3130 regi
186 3068 282 3130 posse
300 3047 443 3130 vidisset,
462 3069 560 3131 quum
578 3048 764 3131 persuaderi
781 3069 875 3132 posse
895 3049 1062 3132 diffideret,

173 3291 224 3361 Ep.
245 3299 326 3360 9,17.
364 3294 505 3347 declarant
522 3293 547 3347 a·
569 3292 641 3360 (edd.
661 3295 750 3360 vett).
791 3294 946 3348 declarasti
964 3295 989 3347 ei
1010 3294 1058 3347 Ml

103 3362 231 3431 (oilla).
268 3363 294 3417 d.
313 3365 338 3418 ci
357 3363 411 3430 Oa,
430 3364 510 3417 B.——
534 3367 591 3416 tum
609 3365 751 3417 innostro
770 3364 836 3432 (W).
873 3369 932 3416 tum
950 3381 976 3417 u.
995 3364 1059 3416 ΜΒ.

102 3439 144 3487 18.
173 3437 305 3487 scnemata
327 3448 462 3502 quumque
541 3434 665 3499 uidisset,
684 3450 767 3502 quum
786 3434 842 3501 (M),
881 3449 916 3499 a,
941 3435 1063 3503 [cumque

163 3505 238 3573 vid.‚]
259 3520 319 3557 carn
339 3502 410 3571 Sch,
430 3504 461 3557 B.
481 3535 513 3543 -
533 3506 579 3558 cut
592 3505 759 3574 persuaderi
780 3504 858 3576 thl
