2370 3878
311 173 569 232 EPISTOLARUM
586 173 635 228 XI.
655 166 767 228 17'-19.
951 174 1015 237 363

59 318 231 403 profligato
263 319 332 400 illo,
370 321 402 381 ιι
433 316 592 383 liberato?
645 316 714 382 Nec
746 339 821 381 vero
858 315 1015 400 Lepidum

58 407 264 489 timebamus,
288 406 359 489 quis
378 405 465 469 enim
484 407 576 487 esset,
595 405 650 488 qui
667 406 758 469 illum
772 409 840 469 tam
857 406 1016 470 furiosum

60 495 282 576 arbitraretur,
305 498 354 576 ut,
382 493 437 577 qui
458 493 495 557 in
521 493 660 558 maximo
687 494 772 558 bello
794 514 907 576 pacem
935 495 1015 558 velle

58 604 94 647 se
118 582 258 665 dixisset,
279 582 308 645 is
330 581 366 645 in
388 581 591 664 optatissima
609 602 687 664 pace
704 581 825 645 bellum
847 582 894 645 rei
912 582 1015 665 publi·

58 692 115 735 cae
138 669 316 734 indiceret?
351 667 421 733 Nec
444 669 565 752 dubito,
588 670 667 752 quin
684 672 720 733 tu
741 670 813 752 plus
832 670 1015 752 provideas,

57 758 116 823 sed
138 762 250 822 tamen
271 761 340 821 tam
362 758 483 821 recenti
505 757 736 842 gratulatione,
759 779 854 841 quam
878 762 934 822 tuo
958 779 1014 821 no·
1035 774 1050 819 3

58 847 147 910 mine
173 846 215 910 ad
244 846 353 910 omnia
380 845 512 910 deorum
534 847 655 929 templa
677 845 825 928 fecimus,
848 846 1015 911 renovatio

58 933 186 997 timoris
208 954 362 1018 magnam
384 934 565 998 molestiam
588 934 750 998 afferebat.
791 932 896 1008 Quare
919 935 1015 998 velim

58 1021 218 1105 equidem,
235 1022 268 1085 id
287 1021 373 1105 quod
392 1043 495 1105 spero,
513 1026 550 1086 ιιι
567 1022 663 1107 plane
682 1022 825 1086 abiectus
844 1025 877 1085 et
894 1021 1016 1086 fractus

59 1110 104 1173 sit
135 1109 312 1192 Antonius,
344 1110 395 1174 sin
426 1109 548 1193 aliquid
579 1110 696 1174 virium
727 1109 811 1173 forte
843 1109 1017 1193 collegerit,

60 1198 179 1262 sentiet
200 1218 260 1261 nec
284 1198 410 1262 senatui
437 1198 606 1262 consilium
634 1219 694 1262 nec
720 1197 840 1281 populo
868 1197 1015 1261 Romano

59 1285 214 1350 virtutem
232 1285 341 1350 deesse
354 1307 414 1350 nec
427 1286 474 1350 rei
487 1286 633 1371 publicae
647 1290 680 1350 te
694 1286 767 1352 vivo
781 1287 1016 1370 imperatorem.

61 1386 152 1436 xnu.
173 1372 246 1437 Kal.
267 1372 338 1438 Iun.

495 1566 583 1633 XIX.

208 1677 266 1734 Ser.
284 1678 420 1734 Vercellis
439 1679 498 1733 XII.
518 1680 579 1734 Kal.
599 1681 657 1734 lun.
677 1695 701 1734 a.
721 1698 747 1735 ιι.
767 1696 790 1734 ι.
811 1686 869 1734 711.

107 1799 140 1855 D.
159 1799 303 1857 BRUTUS
322 1802 394 1856 IMP.
414 1802 486 1858 COS.
506 1802 621 1857 DESIG.
642 1803 668 1857 S.
687 1803 720 1859 D.
740 1803 777 1856 Μ.
797 1802 971 1858 CICERONI.

129 1899 181 1964 Ad
205 1906 352 1967 senatum
376 1925 455 1986 quas
477 1903 602 1967 litteras
622 1903 704 1985 misi,
726 1903 822 1966 velim
839 1902 929 1986 prius
946 1922 1016 1984 per·
1037 1918 1049 1963 1

63 1988 216 2072 legaset,
240 1991 268 2054 si
291 2012 366 2091 qua
376 1991 436 2054 tibi
454 1991 656 2073 ridebuntur,
679 1995 864 2054 commutes
900 1987 1016 2053 Neces-

63 2076 148 2140 sario
176 2098 227 2141 me
255 2079 420 2162 scripsisse
442 2080 511 2161 ipse
534 2041 735 2143 animadvert
721 2083 782 2160 tes3
810 2099 895 2160 nam,
918 2100 1016 2161 quum

62 2167 211 2247 putarem
234 2170 382 2248 quartam
401 2170 434 2230 et
452 2166 603 2231 Martiam
621 2167 764 2252 legiones
788 2188 966 2231 mecumu
931 2167 966 2229 tu
968 2170 1016 2229 tu·

62 2273 125 2334 ras,
146 2256 184 2317 ιιι
201 2252 308 2318 Druso
326 2253 502 2338 Paulloque
520 2256 686 2338 placuerat
704 2255 795 2320 vobis
814 2255 1016 2320 assentienti·

61 2302 133 2422 bus',
151 2341 258 2405 minus
277 2341 316 2406 de
334 2342 464 2426 reliquis
483 2344 578 2408 rebus
595 2344 808 2408 laborandum
829 2343 1017 2424 existimavi,

61 2447 150 2491 nunc
172 2449 261 2512 vero,
290 2452 389 2514 quum
417 2432 477 2496 sim
506 2453 578 2496 cum
605 2432 765 2496 tironibus
792 2437 890 2517 egent
890 2432 1017 2514 issimis,

62 2515 156 2579 valde
183 2521 216 2580 et
243 2539 347 2584 meam
374 2524 406 2584 et
435 2524 575 2584 vestram
601 2519 703 2585 ¹vicem
729 2521 861 2584 timeam
887 2540 1017 2583 necesse

98 2603 311 2671 tVicetiui
337 2629 388 2672 me
417 2612 449 2673 et
435 2608 519 2673 t.M
546 2607 684 2673 Brutum
709 2610 879 2708 praecipue
910 2608 1052 2672 obser-2

61 2607 153 2756 vaiit:
176 2693 228 2758 his
251 2716 292 2758 ne
315 2717 411 2779 quam
434 2697 590 2782 patiare
580 2697 730 2761 miuriam
753 2696 853 2760 fieri
845 2718 880 2759 m
903 2700 1017 2760 senatu

57 2802 233 2846 vernarum
257 2805 366 2867 causa,
395 2789 474 2848 ate
496 2788 582 2868 peto
624 2783 764 2849 Causam
791 2784 913 2849 habent
898 2785 1017 2868 ιιι-ορ

61 2890 160 2953 mam,
192 2871 371 2936 officium
362 2894 396 2937 m
427 2894 496 2936 rem
522 2873 685 2956 publicam
712 2895 885 2955 summum,
915 2893 1016 2958 genus

61 2956 230 3023 hominum
244 2960 499 3025 adversariorum
513 2959 700 3026 seditiosum
714 2965 747 3026 et
760 2962 1016 3026 incertissimum.

60 3059 123 3106 xn
146 3045 217 3110 Kal.
240 3046 312 3112 Iun
335 3048 499 3113 Vercellis.

130 3277 181 3345 Ep.
202 3282 248 3344 19,
268 3282 293 3330 ι.
321 3277 357 3329 ιιι
370 3289 404 3329 nc
418 3291 442 3345 q.
457 3275 504 3345 (W
506 3276 541 3341 .)?
565 3275 774 3330 incertissimam
789 3274 917 3340 (Graes).
937 3274 1017 3326 aare.

60 3346 111 3414 m,
130 3347 224 3416 vulgo.
262 3347 313 3416 Ep.
333 3351 379 3413 20,
399 3350 423 3400 2.
