2370 3878
341 160 600 223 EPISTOLARUM
618 162 665 218 xl.
687 168 799 218 14-1s.
985 163 1047 227 361

94 309 204 391 itaque
226 307 256 372 ei
277 306 435 391 praecepi,
457 327 551 390 quern
575 306 615 370 ad
632 310 666 370 te
685 306 767 390 misi,
788 309 826 370 ut
843 310 971 391 tempus
994 309 1049 373 ob·

96 399 238 460 servaret
259 396 414 478 epistolae
437 394 496 458 tibi
519 394 712 459 reddendae:
736 408 826 479 nam,
845 395 1050 479 quemadmo-

96 485 172 547 dum
190 504 306 567 coram,
325 483 380 566 qui
398 482 440 546 ad
458 504 519 547 nos
532 482 756 566 intempestive
776 482 904 566 adeunt,
921 485 1050 548 molesti

96 593 190 656 saepe
218 575 307 655 sunt,
335 572 380 635 sic
407 570 561 654 epistolae
592 570 759 635 offendunt
786 592 855 636 non
880 572 952 636 loco
979 573 1050 637 red-

96 659 194 742 ditae3
218 661 245 724 si
268 662 390 744 autem,
410 662 449 723 ut
471 679 579 743 spem,
599 658 682 723 nihil
703 663 736 723 te
758 660 939 744 perturbat,
967 661 1049 725 nihil

94 748 237 832 impedit,
260 751 292 812 et
309 748 374 830 ille,
392 747 443 811 cui
460 747 621 831 mandavi,
638 747 717 811 satis
735 747 814 811 scite
832 752 866 812 et
884 749 1050 814 commode

94 840 223 920 tempus
246 836 287 899 ad
309 840 341 900 te
365 835 451 918 cepit
473 834 621 918 adeundi,
649 834 776 901 confido
798 857 864 920 me,
890 836 976 920 quod
998 859 1049 901 ve·

95 924 162 1007 lim,
183 924 278 988 facile
301 927 370 988 ate
389 924 645 1007 impetraturum.
680 922 717 988 L.
735 923 848 988 Lamia
866 928 1050 1007 praeturum

94 1013 187 1096 petit
222 1011 294 1077 Hoc
313 1032 374 1097 ego
392 1016 468 1076 utor
481 1033 546 1076 uno
561 1011 706 1076 omnium
723 1011 910 1094 plurimumz
932 1033 1051 1096 magna
1069 1027 1085 1075 2

94 1104 249 1183 vetustus,
266 1120 387 1184 magna
405 1099 603 1165 consuetudo
622 1099 800 1182 intercedit,
820 1098 968 1182 quodque
982 1100 1051 1182 plu·

95 1188 214 1252 rimum
236 1190 331 1272 valet,
353 1188 435 1251 nihil
453 1188 533 1252 mihi
551 1187 619 1251 eius
637 1190 687 1251 est
703 1186 923 1251 familiaritate
941 1187 1052 1252 iucun-

97 1277 179 1340 dius.
232 1275 354 1360 Magno
386 1280 554 1360 praeterea
580 1274 737 1340 beneficio
769 1275 838 1340 eius
868 1295 1052 1360 magnoque

97 1364 213 1428 merito
242 1385 313 1428 sum
345 1364 522 1450 obligatus,
548 1385 625 1427 nam
653 1361 818 1428 Clodianis
844 1364 1051 1448 temporibus,

98 1473 198 1534 quum
221 1452 376 1534 equestris
403 1451 524 1517 ordinis
547 1452 696 1537 prinecps
724 1455 809 1518 esset
834 1473 957 1537 proque
979 1474 1051 1516 mea

98 1540 201 1604 salute
225 1540 376 1604 acerrime
398 1544 627 1626 propugnaret,
650 1562 670 1605 a
689 1537 827 1607 Gabinio
850 1542 981 1605 consule
1003 1563 1050 1605 re-

96 1628 224 1712 legatus
247 1632 305 1712 est,
328 1629 413 1712 quod
436 1632 512 1693 ante
534 1629 567 1693 id
589 1632 718 1713 tempus
741 1629 803 1693 ciri
820 1627 969 1694 Romano
987 1628 1050 1694 Ro-

97 1737 168 1779 mae
192 1716 329 1802 contigit
349 1717 481 1782 nemini.
515 1716 587 1782 Hoc
610 1739 710 1801 quum
727 1716 867 1800 populus
885 1716 1051 1781 Romanus

97 1804 256 1887 meminit,
290 1825 341 1869 me
371 1805 478 1888 ipsum
508 1825 577 1870 non
611 1805 795 1869 meminisse
830 1805 1052 1889 turpissimum

98 1895 155 1955 est.
200 1892 403 1976 Quapropter
428 1893 585 1977 persuade
612 1893 686 1975 tibi,
712 1893 757 1955 mi
780 1891 894 1974 Brute,
920 1912 971 1955 mc
998 1905 1087 1974 pes

97 1982 165 2043 tere
196 1986 393 2064 praeturam,
429 2002 624 2064 quamquam
660 1980 747 2044 enim
778 1979 891 2043 Lamia
927 2000 1052 2043 summo

98 2068 276 2152 splendore,
299 2091 424 2133 summa
447 2069 553 2154 gratia
575 2072 625 2133 est
641 2066 964 2152 magnificentissimo,
983 2089 1052 2131 mu·
1148 2116 1150 2121 .

98 2176 174 2220 nere
197 2156 352 2240 aedilicio,
374 2161 493 2240 tamen,
516 2157 608 2240 quasi
631 2177 670 2219 ea
692 2156 739 2220 ita
760 2176 828 2220 non
852 2158 968 2238 essent,
991 2175 1052 2240 ego

99 2245 223 2328 suscepi
249 2248 356 2309 totum
382 2247 559 2331 negotium.
602 2242 700 2308 Nunc
727 2244 754 2308 si
776 2264 828 2308 me
850 2244 934 2308 tanti
962 2243 1052 2328 facis,

99 2333 212 2414 quanti
231 2337 316 2397 certe
333 2334 424 2417 facis,
442 2333 596 2417 quoniam
614 2332 759 2416 equitum
776 2332 938 2396 centurias
951 2335 1051 2415 tenes,

96 2421 132 2483 in
156 2421 272 2503 quibus
294 2442 425 2506 regnas,
453 2422 544 2485 mitte
568 2422 608 2485 ad
631 2421 760 2504 Lupum
781 2424 943 2504 nostrum,
964 2425 1002 2484 ut
1023 2420 1051 2484 is

97 2508 193 2572 nobis
216 2530 269 2572 eas
292 2510 453 2574 centurias
480 2509 639 2574 conficiat.
683 2507 759 2574 Non
782 2509 898 2574 tenebo
926 2512 959 2572 te
982 2509 1051 2590 plu-

96 2596 200 2679 ribus3
230 2618 350 2680 ponam
377 2599 412 2661 in
439 2601 594 2682 extremo,
622 2597 708 2681 quod
736 2598 854 2663 sentio:
885 2595 967 2659 nihil
995 2599 1052 2678 est,

96 2683 206 2767 Brute,
229 2707 328 2768 quum
346 2687 455 2751 omnia
473 2707 493 2751 a
509 2690 543 2752 te
562 2688 752 2771 exspectem,
774 2684 860 2769 quod
882 2683 962 2747 mihi
980 2703 1052 2768 gra-

95 2773 161 2836 tius
183 2773 289 2838 facere
312 2775 428 2858 possis.

167 2997 218 3070 Ep.
239 3007 281 3068 16,
297 3008 321 3055 1.
358 2998 579 3069 quemadmodum
602 3013 706 3065 corum,
723 2999 772 3069 qui
790 2998 864 3067 (Ν).
908 3014 942 3067 q,
961 3012 1051 3051 coram

95 3086 120 3138 q.
138 3070 233 3141 vulgo.
270 3076 295 3124 2.
324 3071 358 3124 ab
377 3071 412 3123 A.
433 3069 553 3127 Gabinio
571 3068 656 3137 (W.)?
675 3098 709 3108 -
730 3070 919 3137 turpiestmmu
936 3073 975 3122 cet
993 3066 1049 3132 (M,

94 3140 200 3210 vulgo).
237 3146 256 3195 t.
275 3145 341 3195 esset
358 3139 465 3208 Kleyn,
484 3139 515 3193 B.
556 3146 580 3194 3.
609 3145 648 3192 ast
665 3141 801 3207 moymirtc.
820 3138 914 3207 (Son).
951 3142 997 3202 est,
1015 3153 1049 3189 m.

94 3211 190 3281 vulgo.
209 3241 244 3253 -
262 3211 412 3281 inquibus
430 3210 495 3280 (Ν.)
531 3211 565 3264 tm
582 3212 644 3280 quis
663 3210 771 3280 (MB.)?
