2370 3878
127 133 195 197 440
410 130 448 186 Μ.
468 129 590 185 TULLII
609 128 799 185 CICERONIS

543 359 664 426 XXIV.

383 469 441 528 Sor.
468 471 574 529 Romae
602 490 626 527 a.
654 491 680 527 u.
709 490 732 528 c.
761 479 820 528 708.

415 594 543 651 CICERO
564 595 695 651 SERVIO
718 596 793 651 SAL.

93 712 107 758 1
197 699 300 774 Ouum
328 700 425 762 antea
451 696 616 780 capiebam
640 718 678 759 cx
706 696 812 760 officio
842 717 913 762 meo
937 697 1088 781 volupta-

127 791 203 870 tem,
226 785 311 870 quod
334 785 556 867 memineram,
584 806 680 867 quam
707 784 768 849 tibi
791 784 963 869 diligenter
986 785 1088 869 Lyso-

127 896 211 958 nem,
228 873 390 958 hospitem
409 877 442 936 et
458 872 650 936 familiarem
664 894 781 956 meum,
795 871 1088 957 commendassem,

126 967 197 1026 tum
220 984 309 1045 vero,
336 964 546 1045 posteaquam
570 982 608 1023 ex
630 960 746 1024 litteris
770 962 837 1025 eius
864 961 1002 1046 cognovi
1025 963 1088 1026 tibi

128 1072 202 1115 eum
224 1050 307 1115 falso
331 1052 514 1133 suspectum
540 1048 653 1132 luisse,
682 1048 962 1113 vehementissime
984 1050 1087 1113 laeta-

127 1143 180 1203 tus
213 1161 284 1203 sum
310 1159 361 1201 me
388 1140 456 1201 tam
479 1136 666 1220 diligentem
696 1137 731 1199 in
763 1159 800 1201 eo
829 1138 1088 1202 commendando

127 1227 240 1310 fuisse;
262 1227 309 1290 ita
327 1225 413 1290 enim
431 1225 560 1307 scripsit
577 1225 618 1288 ad
636 1246 696 1306 me,
719 1225 780 1288 sibi
798 1247 903 1289 meam
922 1246 1086 1290 commen-

128 1315 292 1380 dationem
314 1313 453 1377 maximo
477 1313 662 1376 adiumento
680 1311 788 1396 fuisse,
811 1313 897 1397 quod
920 1313 961 1377 ad
979 1317 1012 1377 te
1034 1314 1087 1378 de-

127 1404 231 1467 latum
254 1402 373 1465 diceret
396 1421 465 1465 sese
488 1403 601 1465 contra
628 1401 820 1485 dignitatem
846 1404 937 1465 tuam
959 1400 1088 1466 Romae

93 1492 168 1554 ade
191 1495 223 1553 te
245 1490 336 1572 loqui
359 1489 489 1553 solitum
512 1510 594 1571 esse3
617 1488 655 1553 de
679 1510 742 1573 quo
766 1490 826 1553 etsi
848 1492 984 1573 protus
1006 1490 1087 1554 faci·

98 1648 101 1655 ,
128 1580 220 1641 litate
243 1581 276 1641 et
297 1577 499 1640 humanitate
525 1580 699 1661 purgatum
727 1599 760 1642 sc
783 1578 843 1641 tibi
871 1578 983 1641 scribit
1005 1599 1088 1663 esse,

128 1672 239 1729 tamen
260 1665 409 1750 primum,
430 1667 468 1728 ut
486 1665 596 1748 debeo,
617 1665 678 1729 tibi
696 1666 851 1730 maximas
870 1666 992 1750 gratias
1012 1687 1087 1752 ago,

130 1754 216 1836 quod
238 1756 366 1818 tantum
389 1753 515 1817 litterae
542 1775 631 1817 meae
654 1757 843 1837 potuerunt,
869 1758 906 1817 ut
928 1753 969 1818 iis
991 1754 1088 1818 lectis

130 1864 258 1907 omnem
282 1841 491 1907 offensionem
514 1841 719 1925 suspicionis,
742 1864 839 1926 quam
860 1842 1021 1906 habueras
1047 1843 1086 1906 de

128 1936 268 2016 Lysone,
300 1931 489 2014 deponeres,
520 1929 634 1994 deinde
662 1929 772 1994 credas
800 1929 879 1993 mihi
907 1929 1087 1994 affirmanti

129 2020 226 2083 velim
254 2041 305 2084 me
336 2019 398 2083 hoc
429 2040 497 2082 non
523 2040 582 2102 pro
611 2017 738 2102 Lysone
769 2018 872 2102 magis
900 2040 997 2100 quam
1026 2041 1087 2103 pro

130 2109 279 2172 omnibus
302 2108 449 2190 scribere,
469 2107 634 2171 hominem
652 2127 721 2169 esse
743 2106 915 2189 neminem,
937 2107 993 2190 qui
1016 2130 1086 2171 um·

130 2217 227 2279 quam
249 2195 446 2259 mentionem
468 2195 517 2259 tui
540 2194 608 2259 sinc
626 2197 683 2258 tua
701 2216 826 2258 summa
847 2194 942 2258 laude
962 2194 1086 2279 fecerit,

129 2283 215 2366 Lyso
229 2304 315 2366 vero,
333 2304 431 2366 quum
444 2303 569 2347 mecum
582 2304 682 2366 prope
701 2282 843 2365 quotidie
858 2286 942 2346 esset
955 2304 1087 2367 unaque

129 2372 259 2455 viveret,
281 2392 349 2434 non
368 2371 481 2454 solum,
499 2372 574 2454 quia
591 2371 729 2435 libenter
747 2392 797 2434 me
817 2371 926 2434 audire
949 2371 1085 2435 arbitra·
1120 2449 1122 2453 ,

128 2460 238 2544 batur,
269 2459 324 2522 sed
357 2459 432 2543 quia
462 2458 615 2523 libentius
646 2460 715 2543 ipse
742 2458 948 2542 loquebatur,
976 2460 1087 2525 omnia

93 2546 210 2612 emihi
235 2551 293 2613 tua
320 2550 353 2611 et
381 2546 468 2610 facta
495 2549 528 2609 et
554 2547 640 2610 dicta
666 2546 828 2611 laudabat.
873 2545 1087 2633 Quapropter,

131 2636 191 2700 etsi
214 2639 288 2700 ate
311 2635 358 2699 ita
379 2637 550 2718 tractatur,
578 2637 616 2697 ut
638 2636 702 2699 iam
724 2657 793 2700 non
819 2635 977 2699 desideret
1001 2657 1086 2700 com·

130 2723 370 2788 mendationem
392 2743 496 2786 meam
518 2722 653 2807 unisque
677 2744 710 2787 se
733 2724 849 2788 litteris
872 2723 952 2788 meis
976 2725 1088 2788 omnia

131 2815 338 2877 consecutum
360 2814 461 2894 putet,
482 2813 592 2874 tamen
610 2815 679 2874 ate
697 2815 773 2896 pcto
792 2812 827 2876 in
845 2812 1000 2876 maiorem
1018 2833 1086 2876 mo·

131 2901 216 2983 dum,
238 2902 276 2963 ut
298 2920 371 2963 eum
393 2900 491 2963 etiam
510 2904 605 2983 atque
624 2900 722 2963 etiam
739 2901 803 2964 tuis
825 2900 948 2983 officiis
970 2900 1086 2965 libera·

130 2989 221 3052 litate
240 2987 461 3071 complectare.
497 2986 675 3053 Scriberem
693 2989 733 3052 ad
751 2991 793 3072 te,
811 2989 914 3072 qualis
928 2989 978 3052 vir
992 2992 1087 3072 esset,

130 3080 168 3140 ut
191 3076 408 3161 superioribus
429 3077 546 3140 litteris
568 3077 720 3160 feceram,
749 3076 812 3140 nisi
840 3097 913 3140 cum
939 3076 1087 3162 iamper

130 3187 165 3230 sc
187 3165 294 3249 ipsum
316 3164 376 3227 tibi
400 3165 478 3228 satis
501 3167 616 3229 notum
639 3185 708 3229 esse
731 3164 912 3228 arbitrarer.

200 3320 252 3391 Ep.
267 3326 310 3387 24,
325 3326 349 3374 2,
378 3335 438 3390 ayo,
452 3321 524 3390 quod
537 3320 613 3388 (W.).
651 3336 711 3390 ayo,
725 3337 809 3390 quam
821 3321 868 3388 M,
882 3319 977 3391 vulgo.
994 3349 1028 3360 -
1043 3321 1087 3375 dc·

126 3406 250 3461 poneres,
264 3391 360 3446 deinde
374 3391 449 3460 (W.).
485 3391 528 3458 ὡς
545 3392 572 3444 d.
586 3390 680 3461 vulgo.
713 3397 738 3444 3.
757 3392 857 3459 efficite
871 3391 1087 3461 liberalitateque

127 3460 202 3534 Ito?
219 3492 252 3502 -
272 3467 433 3518 obtumesce
447 3460 511 3533 (V.).
547 3475 602 3516 esse
619 3477 647 3516 a.
666 3476 719 3516 esec
732 3461 769 3515 M.
807 3479 827 3516 e.
842 3478 870 3516 a.
885 3460 946 3515 edd.
962 3464 1041 3528 cett,
1055 3461 1086 3516 B.
