2370 3878
172 216 238 279 554
455 211 492 265 N.
512 210 636 266 TULLII
653 207 845 265 CICERONIS

172 358 296 423 nuntiis
319 356 435 421 certior
457 356 499 419 fio
523 358 556 418 et
583 354 622 418 de
646 376 704 419 sua
726 354 761 417 in
784 375 836 418 me
859 355 1039 419 voluntate
1063 378 1139 421 sem·

172 470 230 531 per
248 446 288 509 ad
307 466 357 509 me
376 443 545 527 perscribit
564 447 666 526 pater,
679 446 789 505 tamen
807 442 846 506 de
866 444 984 525 quavis
1006 446 1140 509 minima

172 557 206 599 re
230 534 349 617 scripta
373 553 392 594 a
413 534 446 594 te
469 530 510 593 ad
537 552 588 594 me
612 530 749 614 epistola
777 550 903 613 semper
933 530 1002 595 fuit
1026 534 1139 617 gratis-

173 644 262 687 sima.
307 618 412 695 Quare
435 640 535 701 quum
557 620 593 682 in
615 617 728 701 primis
751 622 825 681 tuas
849 617 1034 684 desiderem
1057 623 1139 685 litte·

172 732 234 789 ras,
256 708 323 773 noli
347 706 560 789 committere,
581 710 620 769 ut
643 704 848 770 excusatione
872 707 983 789 potius
1010 711 1138 793 expleas

173 796 316 949 pifipium
351 795 511 861 scribendi
553 814 651 877 quam
687 792 877 858 assiduitate
914 795 1137 878 epistolarum.

192 908 224 949 'a
238 906 263 949 e.

592 1054 715 1123 XXVI.

447 1168 504 1225 Ser.
524 1171 643 1225 exeunte
662 1185 687 1224 a.
706 1186 734 1224 u.
753 1186 776 1224 c.
795 1174 856 1223 ¹110.

282 1293 315 1361 Q.
334 1293 483 1351 OIOERO
502 1292 629 1349 TIRONI
648 1291 717 1347 SUO
737 1291 813 1347 SAL.
832 1291 935 1346 PLUR
956 1292 1026 1347 DIC.

140 1407 154 1454 1
240 1394 417 1460 Verberavi
446 1400 478 1457 te
501 1392 709 1477 cogitationis
735 1392 835 1457 tacito
866 1392 1038 1458 dumtaxat
1061 1415 1136 1459 eon-

175 1484 270 1565 vieio,
302 1482 387 1565 quod
415 1482 589 1545 fasciculus
616 1481 697 1545 alter
725 1480 766 1544 ad
793 1501 844 1544 me
871 1481 936 1545 iam
969 1481 1040 1545 sine
1070 1484 1134 1547 tuis

174 1571 291 1635 litteris
314 1571 457 1652 perlatus
481 1573 538 1632 est.
574 1567 651 1632 Non
674 1571 766 1651 potes
790 1568 930 1654 effugere
947 1570 1046 1633 huius
1070 1571 1135 1635 cul-

174 1679 235 1741 pae
262 1678 401 1741 poenam
432 1662 464 1720 te
496 1659 648 1739 patrono:
680 1655 808 1721 Marcus
841 1661 890 1721 est
922 1657 1135 1742 adhibendus,

175 1748 265 1830 isque
298 1745 353 1809 diu
388 1748 420 1808 et
455 1744 565 1809 multis
601 1744 878 1811 lucubrationibus
914 1750 1134 1811 commentata

176 1834 321 1899 oratione
353 1833 426 1897 vide
457 1837 495 1899 ut
521 1833 658 1916 probare
686 1832 789 1916 possit
819 1837 852 1898 te
879 1854 947 1898 non
974 1855 1132 1918 peccasse.

141 1922 275 1988 aPlane
298 1926 330 1986 te
358 1942 452 2007 rogo:
480 1922 564 1985 sient
591 1920 669 1986 olim
695 1924 831 1985 matrem
857 1925 1004 1987 nostram
1027 1921 1132 1987 facere

175 2012 320 2094 memini,
344 2031 425 2093 quae
448 2010 585 2094 lagonas
608 2010 705 2073 etiam
727 2009 841 2073 inanes
864 2009 1070 2094 obsignabat,
1093 2033 1133 2075 ne

177 2101 358 2164 dicerentur
380 2099 494 2162 inanes
512 2097 639 2180 aliquae
657 2096 767 2178 fuisse,
789 2118 870 2181 quae
892 2097 1006 2163 furtim
1025 2102 1134 2163 essent

176 2189 362 2269 exsiccatae,
385 2187 430 2251 sie
452 2190 498 2268 tu,
521 2184 656 2268 etiamsi,
679 2185 765 2268 quod
788 2185 922 2269 scribas,
944 2207 1013 2250 non
1036 2187 1132 2252 habe·

175 2275 239 2357 bis,
267 2275 398 2339 scribito
425 2278 548 2357 tamen,
574 2294 615 2336 ne
642 2273 765 2337 furtum
792 2274 981 2338 cessationis
1009 2276 1132 2357 quaesi-

176 2363 259 2427 visse
282 2362 433 2443 videaris,
460 2361 552 2426 valde
580 2362 666 2426 enim
693 2361 773 2425 mihi
795 2382 920 2444 semper
942 2364 975 2426 et
997 2384 1075 2427 vera
1102 2367 1134 2427 et

176 2451 282 2516 dulcia
304 2449 368 2515 tuis
393 2450 536 2533 epistolis
559 2451 760 2515 nuntiantur.
800 2449 886 2514 Ama
915 2471 976 2515 nos
1000 2454 1033 2514 et
1054 2452 1132 2516 vale.

581 2641 717 2708 XXVII.

225 2756 282 2813 Ser.
301 2756 407 2812 Romae
425 2757 543 2812 exeunte
562 2771 586 2809 a.
605 2772 631 2809 u.
651 2771 674 2810 e.
694 2759 745 2809 '110
764 2755 840 2822 (ante
858 2752 906 2809 111.
924 2752 985 2810 Kal.
1005 2754 1085 2823 Iam).

248 2878 279 2944 Q.
290 2877 418 2935 CICERO
434 2878 560 2933 TIRONI
575 2878 643 2934 SUO
658 2877 733 2933 SAL.
748 2876 941 2934 PLURIMAM
954 2876 1062 2933 DIOIT.

143 2992 157 3042 1
243 2976 412 3041 Mirificam
443 2976 523 3042 mihi
559 2978 814 3043 verberationem
845 2976 1035 3042 cessationis
1069 2979 1133 3062 epi·

178 3068 262 3132 stola
275 3064 403 3147 dedisti3
426 3086 511 3149 nam,
530 3086 612 3149 quae
630 3066 757 3150 parcius
775 3066 876 3129 frater
893 3066 1134 3149 perscripserat,

177 3154 369 3219 verecundia
392 3153 540 3217 videlicet
561 3157 594 3217 et
612 3153 847 3237 properatione,
870 3156 967 3217 eata
990 3153 1061 3217 sine
1085 3176 1133 3218 as-

178 3243 372 3325 sent-atione,
399 3243 437 3305 nt
463 3244 568 3324 erant,
598 3242 639 3306 ad
661 3262 712 3306 me
739 3240 909 3326 scripsisti,
935 3242 970 3304 et
995 3241 1135 3306 maxime

239 3388 292 3458 Ep.
311 3394 353 3443 26.
383 3388 414 3513 g
435 3386 583 3442 OIOERO
603 3386 755 3442 TIRONI
771 3387 848 3511 (Ἥ
866 3386 897 3457 Q.
918 3386 951 3441 Τ.
969 3386 1017 3455 Μ.,
1036 3387 1132 3470 vulgo.

170 3490 203 3499 —
223 3459 305 3513 SAL.
327 3458 380 3511 PL
409 3458 446 3512 R.
469 3459 583 3529 (vulgo.)
621 3458 655 3512 P.
675 3458 704 3513 S.
722 3458 788 3513 ΜΒ.
848 3475 875 3526 p.
896 3462 938 3526 27,
958 3462 982 3512 1.
1016 3459 1131 3526 apostolo

167 3534 218 3585 trra
235 3530 261 3585 d.
282 3529 367 3599 (W.)?
399 3535 423 3587 2.
452 3544 530 3603 rope:
548 3531 619 3586 sicta
637 3528 714 3598 (Ἦ.
743 3544 778 3593 r.,
794 3543 818 3583 a.
834 3528 930 3596 uulgo.

216 3792 260 3828 A
348 3816 356 3828 ,
424 3816 429 3825 .
