<?xml version="1.0" encoding="UTF-8"?>
<!DOCTYPE html PUBLIC "-//W3C//DTD XHTML 1.0 Transitional//EN"
    "http://www.w3.org/TR/xhtml1/DTD/xhtml1-transitional.dtd">
<html xmlns="http://www.w3.org/1999/xhtml" xml:lang="en" lang="en">
 <head>
  <title>
</title>
<meta http-equiv="Content-Type" content="text/html;charset=utf-8" />
  <meta name='ocr-system' content='tesseract 3.04.00' />
  <meta name='ocr-capabilities' content='ocr_page ocr_carea ocr_par ocr_line ocrx_word'/>
</head>
<body>
  <div class='ocr_page' id='page_1' title='image "./epistolae00cicegoog_0471.png"; bbox 0 0 2370 3878; ppageno 0'>
   <div class='ocr_carea' id='block_1_1' title="bbox 184 199 855 265">
    <p class='ocr_par' dir='ltr' id='par_1_1' title="bbox 184 199 855 265">
     <span class='ocr_line' id='line_1_1' title="bbox 184 199 855 265; baseline -0.018 0"><span class='ocrx_word' id='word_1_1' title='bbox 184 201 249 265; x_wconf 73' lang='grc'>462</span> <span class='ocrx_word' id='word_1_2' title='bbox 466 201 504 254; x_wconf 87' lang='grc' dir='ltr'>Μ.</span> <span class='ocrx_word' id='word_1_3' title='bbox 524 199 646 254; x_wconf 85' lang='lat' dir='ltr'>TULLII</span> <span class='ocrx_word' id='word_1_4' title='bbox 665 199 855 254; x_wconf 83' lang='lat' dir='ltr'>CICERONIS</span> 
     </span>
    </p>
   </div>
   <div class='ocr_carea' id='block_1_2' title="bbox 183 344 1179 1748">
    <p class='ocr_par' dir='ltr' id='par_1_2' title="bbox 183 344 1179 1748">
     <span class='ocr_line' id='line_1_2' title="bbox 184 344 1135 430; baseline 0.001 -21"><span class='ocrx_word' id='word_1_5' title='bbox 184 350 217 410; x_wconf 88' lang='lat' dir='ltr'>et</span> <span class='ocrx_word' id='word_1_6' title='bbox 239 365 359 430; x_wconf 81' lang='lat' dir='ltr'>magna</span> <span class='ocrx_word' id='word_1_7' title='bbox 381 365 454 409; x_wconf 91' lang='lat' dir='ltr'>cum</span> <span class='ocrx_word' id='word_1_8' title='bbox 481 346 538 408; x_wconf 85' lang='lat' dir='ltr'>tua</span> <span class='ocrx_word' id='word_1_9' title='bbox 563 344 658 408; x_wconf 87' lang='lat' dir='ltr'>laude</span> <span class='ocrx_word' id='word_1_10' title='bbox 681 347 795 408; x_wconf 91' lang='lat' dir='ltr'>notum</span> <span class='ocrx_word' id='word_1_11' title='bbox 817 347 880 426; x_wconf 86' lang='lat' dir='ltr'>est,</span> <span class='ocrx_word' id='word_1_12' title='bbox 906 344 1003 409; x_wconf 89' lang='lat' dir='ltr'>nobis</span> <span class='ocrx_word' id='word_1_13' title='bbox 1034 348 1135 410; x_wconf 84' lang='lat' dir='ltr'>autem</span> 
     </span>
     <span class='ocr_line' id='line_1_3' title="bbox 184 431 1135 514; baseline 0.001 -17"><span class='ocrx_word' id='word_1_14' title='bbox 184 435 219 497; x_wconf 92' lang='lat' dir='ltr'>in</span> <span class='ocrx_word' id='word_1_15' title='bbox 240 434 302 497; x_wconf 85' lang='lat' dir='ltr'>hac</span> <span class='ocrx_word' id='word_1_16' title='bbox 325 454 422 496; x_wconf 80' lang='lat' dir='ltr'>causo</span> <span class='ocrx_word' id='word_1_17' title='bbox 444 431 525 495; x_wconf 94' lang='lat' dir='ltr'>nihil</span> <span class='ocrx_word' id='word_1_18' title='bbox 549 432 635 495; x_wconf 87' lang='lat' dir='ltr'>aliud</span> <span class='ocrx_word' id='word_1_19' title='bbox 658 453 740 514; x_wconf 91' lang='lat' dir='ltr'>opus</span> <span class='ocrx_word' id='word_1_20' title='bbox 762 435 811 495; x_wconf 88' lang='lat' dir='ltr'>est</span> <span class='ocrx_word' id='word_1_21' title='bbox 833 432 896 495; x_wconf 88' lang='lat' dir='ltr'>nisi</span> <span class='ocrx_word' id='word_1_22' title='bbox 918 435 952 496; x_wconf 91' lang='lat' dir='ltr'>te</span> <span class='ocrx_word' id='word_1_23' title='bbox 974 433 1028 496; x_wconf 89' lang='lat' dir='ltr'>ius</span> <span class='ocrx_word' id='word_1_24' title='bbox 1051 433 1135 498; x_wconf 85' lang='lat' dir='ltr'>insti-</span> 
     </span>
     <span class='ocr_line' id='line_1_4' title="bbox 184 519 1134 606; baseline 0.001 -22"><span class='ocrx_word' id='word_1_25' title='bbox 184 525 255 585; x_wconf 87' lang='lat' dir='ltr'>tuto</span> <span class='ocrx_word' id='word_1_26' title='bbox 278 524 334 585; x_wconf 94' lang='lat' dir='ltr'>tuo</span> <span class='ocrx_word' id='word_1_27' title='bbox 359 520 475 601; x_wconf 80' lang='lat' dir='ltr'>dicere3</span> <span class='ocrx_word' id='word_1_28' title='bbox 503 519 558 584; x_wconf 90' lang='lat' dir='ltr'>sed</span> <span class='ocrx_word' id='word_1_29' title='bbox 580 524 704 602; x_wconf 86' lang='lat' dir='ltr'>tamen,</span> <span class='ocrx_word' id='word_1_30' title='bbox 733 541 831 602; x_wconf 90' lang='lat' dir='ltr'>quum</span> <span class='ocrx_word' id='word_1_31' title='bbox 853 541 905 584; x_wconf 91' lang='lat' dir='ltr'>me</span> <span class='ocrx_word' id='word_1_32' title='bbox 932 541 1002 584; x_wconf 92' lang='lat' dir='ltr'>non</span> <span class='ocrx_word' id='word_1_33' title='bbox 1026 521 1134 606; x_wconf 81' lang='lat' dir='ltr'>fugiat,</span> 
     </span>
     <span class='ocr_line' id='line_1_5' title="bbox 186 607 1134 692; baseline 0.001 -20"><span class='ocrx_word' id='word_1_34' title='bbox 186 612 307 692; x_wconf 83' lang='lat' dir='ltr'>quantu</span> <span class='ocrx_word' id='word_1_35' title='bbox 334 608 376 672; x_wconf 92' lang='lat' dir='ltr'>sit</span> <span class='ocrx_word' id='word_1_36' title='bbox 402 608 438 671; x_wconf 91' lang='lat' dir='ltr'>in</span> <span class='ocrx_word' id='word_1_37' title='bbox 468 612 616 692; x_wconf 85' lang='lat' dir='ltr'>praetore</span> <span class='ocrx_word' id='word_1_38' title='bbox 650 607 837 690; x_wconf 84' lang='lat' dir='ltr'>auotoritas,</span> <span class='ocrx_word' id='word_1_39' title='bbox 863 609 1057 691; x_wconf 77' lang='lat' dir='ltr'>praesertim</span> <span class='ocrx_word' id='word_1_40' title='bbox 1078 610 1134 673; x_wconf 80' lang='lat' dir='ltr'>ista</span> 
     </span>
     <span class='ocr_line' id='line_1_6' title="bbox 183 696 1133 781; baseline 0.001 -22"><span class='ocrx_word' id='word_1_41' title='bbox 183 698 384 781; x_wconf 83' lang='lat' dir='ltr'>integritate,</span> <span class='ocrx_word' id='word_1_42' title='bbox 412 697 583 781; x_wconf 79' lang='lat' dir='ltr'>gravitate,</span> <span class='ocrx_word' id='word_1_43' title='bbox 607 696 789 778; x_wconf 85' lang='lat' dir='ltr'>clementia,</span> <span class='ocrx_word' id='word_1_44' title='bbox 816 717 880 779; x_wconf 82' lang='lat' dir='ltr'>que</span> <span class='ocrx_word' id='word_1_45' title='bbox 906 699 939 760; x_wconf 87' lang='lat' dir='ltr'>te</span> <span class='ocrx_word' id='word_1_46' title='bbox 963 717 1034 761; x_wconf 89' lang='grc'>1111</span> <span class='ocrx_word' id='word_1_47' title='bbox 1057 697 1133 761; x_wconf 87' lang='lat' dir='ltr'>inter</span> 
     </span>
     <span class='ocr_line' id='line_1_7' title="bbox 185 784 1132 867; baseline 0 -19"><span class='ocrx_word' id='word_1_48' title='bbox 185 806 295 849; x_wconf 91' lang='lat' dir='ltr'>omnes</span> <span class='ocrx_word' id='word_1_49' title='bbox 318 788 458 867; x_wconf 87' lang='lat' dir='ltr'>constat,</span> <span class='ocrx_word' id='word_1_50' title='bbox 481 788 555 867; x_wconf 89' lang='lat' dir='ltr'>peto</span> <span class='ocrx_word' id='word_1_51' title='bbox 584 784 641 848; x_wconf 84' lang='lat' dir='ltr'>abs</span> <span class='ocrx_word' id='word_1_52' title='bbox 668 787 700 848; x_wconf 87' lang='lat' dir='ltr'>te</span> <span class='ocrx_word' id='word_1_53' title='bbox 723 806 781 867; x_wconf 91' lang='lat' dir='ltr'>pro</span> <span class='ocrx_word' id='word_1_54' title='bbox 805 787 918 848; x_wconf 85' lang='lat' dir='ltr'>nostra</span> <span class='ocrx_word' id='word_1_55' title='bbox 945 785 1132 850; x_wconf 88' lang='lat' dir='ltr'>coniunctis-</span> 
     </span>
     <span class='ocr_line' id='line_1_8' title="bbox 185 871 1179 956; baseline 0 -20"><span class='ocrx_word' id='word_1_56' title='bbox 185 873 265 937; x_wconf 82' lang='lat' dir='ltr'>sima</span> <span class='ocrx_word' id='word_1_57' title='bbox 292 872 527 937; x_wconf 76' lang='lat' dir='ltr'>necessitudine</span> <span class='ocrx_word' id='word_1_58' title='bbox 554 872 763 956; x_wconf 85' lang='lat' dir='ltr'>plurimisque</span> <span class='ocrx_word' id='word_1_59' title='bbox 796 871 910 936; x_wconf 83' lang='lat' dir='ltr'>officiis</span> <span class='ocrx_word' id='word_1_60' title='bbox 941 872 1076 956; x_wconf 85' lang='lat' dir='ltr'>paribus</span> <span class='ocrx_word' id='word_1_61' title='bbox 1101 895 1132 936; x_wconf 82' lang='lat' dir='ltr'>ac</span> <span class='ocrx_word' id='word_1_62' title='bbox 1177 922 1179 929; x_wconf 92' lang='lat'><em>.</em></span> 
     </span>
     <span class='ocr_line' id='line_1_9' title="bbox 184 960 1132 1045; baseline 0.001 -22"><span class='ocrx_word' id='word_1_63' title='bbox 184 961 317 1045; x_wconf 78' lang='lat' dir='ltr'>mutuiS,</span> <span class='ocrx_word' id='word_1_64' title='bbox 349 964 386 1026; x_wconf 91' lang='lat' dir='ltr'>ut</span> <span class='ocrx_word' id='word_1_65' title='bbox 416 961 598 1043; x_wconf 80' lang='lat' dir='ltr'>voluntate,</span> <span class='ocrx_word' id='word_1_66' title='bbox 626 961 829 1043; x_wconf 84' lang='lat' dir='ltr'>auctoritate,</span> <span class='ocrx_word' id='word_1_67' title='bbox 859 960 965 1025; x_wconf 90' lang='lat' dir='ltr'>studio</span> <span class='ocrx_word' id='word_1_68' title='bbox 988 964 1048 1026; x_wconf 94' lang='lat' dir='ltr'>tuo</span> <span class='ocrx_word' id='word_1_69' title='bbox 1070 982 1132 1045; x_wconf 86' lang='lat' dir='ltr'>per·</span> 
     </span>
     <span class='ocr_line' id='line_1_10' title="bbox 184 1048 1133 1134; baseline 0.002 -22"><span class='ocrx_word' id='word_1_70' title='bbox 184 1049 286 1133; x_wconf 79' lang='lat' dir='ltr'>licias,</span> <span class='ocrx_word' id='word_1_71' title='bbox 312 1054 349 1113; x_wconf 88' lang='lat' dir='ltr'>ut</span> <span class='ocrx_word' id='word_1_72' title='bbox 371 1049 415 1112; x_wconf 90' lang='lat' dir='ltr'>M.</span> <span class='ocrx_word' id='word_1_73' title='bbox 438 1048 584 1113; x_wconf 79' lang='lat' dir='ltr'>Anneius</span> <span class='ocrx_word' id='word_1_74' title='bbox 610 1048 773 1134; x_wconf 80' lang='lat' dir='ltr'>intelligat</span> <span class='ocrx_word' id='word_1_75' title='bbox 799 1052 831 1112; x_wconf 92' lang='lat' dir='ltr'>te</span> <span class='ocrx_word' id='word_1_76' title='bbox 860 1058 893 1111; x_wconf 88' lang='lat' dir='ltr'>et</span> <span class='ocrx_word' id='word_1_77' title='bbox 915 1048 977 1112; x_wconf 91' lang='lat' dir='ltr'>sibi</span> <span class='ocrx_word' id='word_1_78' title='bbox 1001 1049 1133 1114; x_wconf 84' lang='lat' dir='ltr'>amicum</span> 
     </span>
     <span class='ocr_line' id='line_1_11' title="bbox 185 1135 1132 1221; baseline 0.001 -21"><span class='ocrx_word' id='word_1_79' title='bbox 185 1159 267 1221; x_wconf 89' lang='lat' dir='ltr'>esse,</span> <span class='ocrx_word' id='word_1_80' title='bbox 295 1138 380 1221; x_wconf 91' lang='lat' dir='ltr'>quod</span> <span class='ocrx_word' id='word_1_81' title='bbox 403 1159 470 1202; x_wconf 90' lang='lat' dir='ltr'>non</span> <span class='ocrx_word' id='word_1_82' title='bbox 498 1137 689 1200; x_wconf 84' lang='lat' dir='ltr'>dubitat-</span> <span class='ocrx_word' id='word_1_83' title='bbox 714 1156 807 1220; x_wconf 82' lang='lat' dir='ltr'>saepe</span> <span class='ocrx_word' id='word_1_84' title='bbox 831 1135 916 1199; x_wconf 89' lang='lat' dir='ltr'>enim</span> <span class='ocrx_word' id='word_1_85' title='bbox 944 1157 1072 1201; x_wconf 91' lang='lat' dir='ltr'>mecum</span> <span class='ocrx_word' id='word_1_86' title='bbox 1092 1138 1132 1202; x_wconf 94' lang='lat' dir='ltr'>lo·</span> 
     </span>
     <span class='ocr_line' id='line_1_12' title="bbox 185 1224 1132 1309; baseline -0.001 -20"><span class='ocrx_word' id='word_1_87' title='bbox 185 1229 277 1289; x_wconf 89' lang='lat' dir='ltr'>cutus</span> <span class='ocrx_word' id='word_1_88' title='bbox 300 1228 350 1289; x_wconf 90' lang='lat' dir='ltr'>est</span> <span class='ocrx_word' id='word_1_89' title='bbox 372 1262 427 1309; x_wconf 85' lang='lat'>—,</span> <span class='ocrx_word' id='word_1_90' title='bbox 451 1228 483 1288; x_wconf 92' lang='lat' dir='ltr'>et</span> <span class='ocrx_word' id='word_1_91' title='bbox 505 1225 606 1288; x_wconf 92' lang='lat' dir='ltr'>multo</span> <span class='ocrx_word' id='word_1_92' title='bbox 635 1225 818 1289; x_wconf 80' lang='lat' dir='ltr'>amiciorem</span> <span class='ocrx_word' id='word_1_93' title='bbox 839 1224 891 1289; x_wconf 91' lang='lat' dir='ltr'>his</span> <span class='ocrx_word' id='word_1_94' title='bbox 914 1225 994 1289; x_wconf 87' lang='lat' dir='ltr'>meis</span> <span class='ocrx_word' id='word_1_95' title='bbox 1023 1225 1132 1289; x_wconf 86' lang='lat' dir='ltr'>litteris</span> 
     </span>
     <span class='ocr_line' id='line_1_13' title="bbox 187 1311 1133 1396; baseline -0.001 -19"><span class='ocrx_word' id='word_1_96' title='bbox 187 1335 255 1377; x_wconf 91' lang='lat' dir='ltr'>esse</span> <span class='ocrx_word' id='word_1_97' title='bbox 278 1313 408 1376; x_wconf 87' lang='lat' dir='ltr'>factum.</span> <span class='ocrx_word' id='word_1_98' title='bbox 453 1312 493 1376; x_wconf 92' lang='lat' dir='ltr'>ln</span> <span class='ocrx_word' id='word_1_99' title='bbox 515 1316 572 1377; x_wconf 87' lang='lat' dir='ltr'>tuo</span> <span class='ocrx_word' id='word_1_100' title='bbox 599 1315 669 1377; x_wconf 87' lang='lat' dir='ltr'>toto</span> <span class='ocrx_word' id='word_1_101' title='bbox 693 1311 826 1396; x_wconf 88' lang='lat' dir='ltr'>imperio</span> <span class='ocrx_word' id='word_1_102' title='bbox 853 1316 949 1394; x_wconf 80' lang='lat' dir='ltr'>atque</span> <span class='ocrx_word' id='word_1_103' title='bbox 971 1313 1133 1395; x_wconf 83' lang='lat' dir='ltr'>provincia</span> 
     </span>
     <span class='ocr_line' id='line_1_14' title="bbox 185 1399 1134 1485; baseline 0 -21"><span class='ocrx_word' id='word_1_104' title='bbox 185 1401 267 1464; x_wconf 90' lang='lat' dir='ltr'>nihil</span> <span class='ocrx_word' id='word_1_105' title='bbox 299 1404 361 1482; x_wconf 86' lang='lat' dir='ltr'>est,</span> <span class='ocrx_word' id='word_1_106' title='bbox 393 1401 478 1484; x_wconf 92' lang='lat' dir='ltr'>quod</span> <span class='ocrx_word' id='word_1_107' title='bbox 509 1399 590 1464; x_wconf 89' lang='lat' dir='ltr'>mihi</span> <span class='ocrx_word' id='word_1_108' title='bbox 619 1401 742 1485; x_wconf 85' lang='lat' dir='ltr'>gratius</span> <span class='ocrx_word' id='word_1_109' title='bbox 768 1400 873 1464; x_wconf 83' lang='lat' dir='ltr'>facere</span> <span class='ocrx_word' id='word_1_110' title='bbox 903 1401 1024 1483; x_wconf 81' lang='lat' dir='ltr'>possis3</span> <span class='ocrx_word' id='word_1_111' title='bbox 1055 1423 1134 1484; x_wconf 82' lang='lat' dir='ltr'>nam,</span> 
     </span>
     <span class='ocr_line' id='line_1_15' title="bbox 187 1488 1134 1573; baseline 0.001 -22"><span class='ocrx_word' id='word_1_112' title='bbox 187 1488 271 1571; x_wconf 86' lang='lat' dir='ltr'>apud</span> <span class='ocrx_word' id='word_1_113' title='bbox 293 1489 409 1571; x_wconf 82' lang='lat' dir='ltr'>ipsum,</span> <span class='ocrx_word' id='word_1_114' title='bbox 432 1489 652 1573; x_wconf 84' lang='lat' dir='ltr'>gratissimum</span> <span class='ocrx_word' id='word_1_115' title='bbox 675 1488 838 1552; x_wconf 89' lang='lat' dir='ltr'>hominem</span> <span class='ocrx_word' id='word_1_116' title='bbox 861 1491 957 1571; x_wconf 87' lang='lat' dir='ltr'>atque</span> <span class='ocrx_word' id='word_1_117' title='bbox 981 1490 1134 1572; x_wconf 89' lang='lat' dir='ltr'>optimum</span> 
     </span>
     <span class='ocr_line' id='line_1_16' title="bbox 185 1576 1134 1660; baseline 0.002 -22"><span class='ocrx_word' id='word_1_118' title='bbox 185 1576 302 1658; x_wconf 81' lang='lat' dir='ltr'>virum,</span> <span class='ocrx_word' id='word_1_119' title='bbox 330 1598 426 1659; x_wconf 79' lang='lat' dir='ltr'>quum</span> <span class='ocrx_word' id='word_1_120' title='bbox 449 1577 530 1639; x_wconf 90' lang='lat' dir='ltr'>bene</span> <span class='ocrx_word' id='word_1_121' title='bbox 553 1577 716 1660; x_wconf 88' lang='lat' dir='ltr'>positurus</span> <span class='ocrx_word' id='word_1_122' title='bbox 746 1576 789 1640; x_wconf 88' lang='lat' dir='ltr'>sis</span> <span class='ocrx_word' id='word_1_123' title='bbox 813 1577 954 1640; x_wconf 89' lang='lat' dir='ltr'>studium</span> <span class='ocrx_word' id='word_1_124' title='bbox 976 1580 1071 1641; x_wconf 87' lang='lat' dir='ltr'>tuum</span> <span class='ocrx_word' id='word_1_125' title='bbox 1093 1581 1134 1640; x_wconf 85' lang='lat' dir='ltr'>at-</span> 
     </span>
     <span class='ocr_line' id='line_1_17' title="bbox 186 1663 912 1748; baseline 0 -21"><span class='ocrx_word' id='word_1_126' title='bbox 186 1685 247 1747; x_wconf 91' lang='lat' dir='ltr'>que</span> <span class='ocrx_word' id='word_1_127' title='bbox 271 1663 420 1748; x_wconf 81' lang='lat' dir='ltr'>officium,</span> <span class='ocrx_word' id='word_1_128' title='bbox 443 1663 589 1729; x_wconf 82' lang='lat' dir='ltr'>dubitare</span> <span class='ocrx_word' id='word_1_129' title='bbox 612 1669 644 1728; x_wconf 91' lang='lat' dir='ltr'>te</span> <span class='ocrx_word' id='word_1_130' title='bbox 667 1686 734 1728; x_wconf 90' lang='lat' dir='ltr'>non</span> <span class='ocrx_word' id='word_1_131' title='bbox 757 1664 912 1729; x_wconf 86' lang='lat' dir='ltr'>existimo.</span> 
     </span>
    </p>
   </div>
   <div class='ocr_carea' id='block_1_3' title="bbox 620 1857 705 1923">
    <p class='ocr_par' dir='ltr' id='par_1_3' title="bbox 620 1857 705 1923">
     <span class='ocr_line' id='line_1_18' title="bbox 620 1857 705 1923; baseline 0 -1"><span class='ocrx_word' id='word_1_132' title='bbox 620 1857 705 1923; x_wconf 90' lang='lat' dir='ltr'>LVI.</span> 
     </span>
    </p>
   </div>
   <div class='ocr_carea' id='block_1_4' title="bbox 445 1968 877 2024">
    <p class='ocr_par' dir='ltr' id='par_1_4' title="bbox 445 1968 877 2024">
     <span class='ocr_line' id='line_1_19' title="bbox 445 1968 877 2024; baseline -0.002 0"><span class='ocrx_word' id='word_1_133' title='bbox 445 1968 502 2024; x_wconf 83' lang='lat' dir='ltr'>Sor.</span> <span class='ocrx_word' id='word_1_134' title='bbox 520 1969 550 2023; x_wconf 89' lang='lat' dir='ltr'>in</span> <span class='ocrx_word' id='word_1_135' title='bbox 568 1969 666 2023; x_wconf 82' lang='lat' dir='ltr'>Cilicia</span> <span class='ocrx_word' id='word_1_136' title='bbox 684 1985 708 2023; x_wconf 78' lang='lat' dir='ltr'>a.</span> <span class='ocrx_word' id='word_1_137' title='bbox 727 1987 754 2022; x_wconf 89' lang='lat' dir='ltr'>u.</span> <span class='ocrx_word' id='word_1_138' title='bbox 774 1985 797 2022; x_wconf 88' lang='lat' dir='ltr'>c.</span> <span class='ocrx_word' id='word_1_139' title='bbox 818 1974 877 2024; x_wconf 70' lang='lat'><strong>⁷03.</strong></span> 
     </span>
    </p>
   </div>
   <div class='ocr_carea' id='block_1_5' title="bbox 393 2090 928 2149">
    <p class='ocr_par' dir='ltr' id='par_1_5' title="bbox 393 2090 928 2149">
     <span class='ocr_line' id='line_1_20' title="bbox 393 2090 928 2149; baseline -0.002 0"><span class='ocrx_word' id='word_1_140' title='bbox 393 2092 520 2149; x_wconf 83' lang='lat' dir='ltr'>CICERO</span> <span class='ocrx_word' id='word_1_141' title='bbox 540 2091 692 2148; x_wconf 80' lang='lat' dir='ltr'>THERMO</span> <span class='ocrx_word' id='word_1_142' title='bbox 710 2090 838 2146; x_wconf 88' lang='lat' dir='ltr'>PROPR.</span> <span class='ocrx_word' id='word_1_143' title='bbox 858 2091 928 2148; x_wconf 66' lang='lat' dir='ltr'>sul.</span> 
     </span>
    </p>
   </div>
   <div class='ocr_carea' id='block_1_6' title="bbox 153 2191 1144 3248">
    <p class='ocr_par' dir='ltr' id='par_1_6' title="bbox 153 2191 1144 3248">
     <span class='ocr_line' id='line_1_21' title="bbox 153 2191 1137 2275; baseline -0.002 -18"><span class='ocrx_word' id='word_1_144' title='bbox 153 2210 166 2257; x_wconf 92' lang='lat'>1</span> <span class='ocrx_word' id='word_1_145' title='bbox 253 2192 384 2261; x_wconf 85' lang='lat' dir='ltr'>Oluvius</span> <span class='ocrx_word' id='word_1_146' title='bbox 401 2192 598 2263; x_wconf 85' lang='lat' dir='ltr'>Puteolanus</span> <span class='ocrx_word' id='word_1_147' title='bbox 620 2191 713 2256; x_wconf 84' lang='lat' dir='ltr'>valde</span> <span class='ocrx_word' id='word_1_148' title='bbox 736 2213 786 2255; x_wconf 90' lang='grc'>1111</span> <span class='ocrx_word' id='word_1_149' title='bbox 810 2191 960 2256; x_wconf 84' lang='lat' dir='ltr'>observat</span> <span class='ocrx_word' id='word_1_150' title='bbox 981 2191 1137 2275; x_wconf 83' lang='lat' dir='ltr'>valdeque</span> 
     </span>
     <span class='ocr_line' id='line_1_22' title="bbox 188 2279 1138 2362; baseline -0.005 -15"><span class='ocrx_word' id='word_1_151' title='bbox 188 2286 236 2347; x_wconf 88' lang='lat' dir='ltr'>est</span> <span class='ocrx_word' id='word_1_152' title='bbox 259 2283 337 2346; x_wconf 93' lang='lat' dir='ltr'>mihi</span> <span class='ocrx_word' id='word_1_153' title='bbox 360 2282 540 2346; x_wconf 84' lang='lat' dir='ltr'>familiaris:</span> <span class='ocrx_word' id='word_1_154' title='bbox 568 2282 603 2345; x_wconf 84' lang='lat' dir='ltr'>is&#39;</span> <span class='ocrx_word' id='word_1_155' title='bbox 622 2281 668 2345; x_wconf 86' lang='lat' dir='ltr'>ita</span> <span class='ocrx_word' id='word_1_156' title='bbox 696 2279 756 2344; x_wconf 91' lang='lat' dir='ltr'>sibi</span> <span class='ocrx_word' id='word_1_157' title='bbox 779 2279 963 2362; x_wconf 85' lang='lat' dir='ltr'>persuadet,</span> <span class='ocrx_word' id='word_1_158' title='bbox 989 2279 1078 2361; x_wconf 89' lang='lat' dir='ltr'>quod</span> <span class='ocrx_word' id='word_1_159' title='bbox 1105 2280 1138 2342; x_wconf 92' lang='lat' dir='ltr'>iu</span> 
     </span>
     <span class='ocr_line' id='line_1_23' title="bbox 187 2367 1139 2454; baseline -0.003 -21"><span class='ocrx_word' id='word_1_160' title='bbox 187 2375 244 2434; x_wconf 85' lang='lat' dir='ltr'>tua</span> <span class='ocrx_word' id='word_1_161' title='bbox 271 2370 436 2454; x_wconf 87' lang='lat' dir='ltr'>provincia</span> <span class='ocrx_word' id='word_1_162' title='bbox 467 2369 589 2454; x_wconf 85' lang='lat' dir='ltr'>negotii</span> <span class='ocrx_word' id='word_1_163' title='bbox 620 2368 752 2450; x_wconf 83' lang='lat' dir='ltr'>habeat,</span> <span class='ocrx_word' id='word_1_164' title='bbox 783 2367 846 2431; x_wconf 89' lang='lat' dir='ltr'>nisi</span> <span class='ocrx_word' id='word_1_165' title='bbox 876 2375 908 2430; x_wconf 86' lang='lat' dir='ltr'>te</span> <span class='ocrx_word' id='word_1_166' title='bbox 940 2367 1139 2450; x_wconf 83' lang='lat' dir='ltr'>provinciam</span> 
     </span>
     <span class='ocr_line' id='line_1_24' title="bbox 189 2455 1138 2537; baseline -0.004 -15"><span class='ocrx_word' id='word_1_167' title='bbox 189 2459 353 2522; x_wconf 78' lang='lat' dir='ltr'>obtinente</span> <span class='ocrx_word' id='word_1_168' title='bbox 380 2458 459 2522; x_wconf 90' lang='lat' dir='ltr'>meis</span> <span class='ocrx_word' id='word_1_169' title='bbox 482 2455 812 2522; x_wconf 85' lang='lat' dir='ltr'>commendationibus</span> <span class='ocrx_word' id='word_1_170' title='bbox 835 2455 1022 2537; x_wconf 87' lang='lat' dir='ltr'>confecerit,</span> <span class='ocrx_word' id='word_1_171' title='bbox 1050 2455 1084 2518; x_wconf 91' lang='lat' dir='ltr'>id</span> <span class='ocrx_word' id='word_1_172' title='bbox 1107 2474 1138 2518; x_wconf 89' lang='lat' dir='ltr'>se</span> 
     </span>
     <span class='ocr_line' id='line_1_25' title="bbox 188 2543 1140 2630; baseline -0.005 -19"><span class='ocrx_word' id='word_1_173' title='bbox 188 2549 222 2610; x_wconf 89' lang='lat' dir='ltr'>in</span> <span class='ocrx_word' id='word_1_174' title='bbox 244 2547 377 2630; x_wconf 87' lang='lat' dir='ltr'>perditis</span> <span class='ocrx_word' id='word_1_175' title='bbox 400 2550 432 2610; x_wconf 89' lang='lat' dir='ltr'>et</span> <span class='ocrx_word' id='word_1_176' title='bbox 455 2546 630 2628; x_wconf 83' lang='lat' dir='ltr'>desperatis</span> <span class='ocrx_word' id='word_1_177' title='bbox 647 2545 846 2625; x_wconf 81' lang='lat' dir='ltr'>habiturum3</span> <span class='ocrx_word' id='word_1_178' title='bbox 869 2564 964 2626; x_wconf 87' lang='lat' dir='ltr'>nunc,</span> <span class='ocrx_word' id='word_1_179' title='bbox 986 2543 1140 2627; x_wconf 82' lang='lat' dir='ltr'>quoniam</span> 
     </span>
     <span class='ocr_line' id='line_1_26' title="bbox 188 2631 1140 2715; baseline -0.003 -17"><span class='ocrx_word' id='word_1_180' title='bbox 188 2636 267 2700; x_wconf 90' lang='lat' dir='ltr'>mihi</span> <span class='ocrx_word' id='word_1_181' title='bbox 295 2636 335 2699; x_wconf 88' lang='lat' dir='ltr'>ab</span> <span class='ocrx_word' id='word_1_182' title='bbox 363 2635 465 2698; x_wconf 86' lang='lat' dir='ltr'>amico</span> <span class='ocrx_word' id='word_1_183' title='bbox 493 2632 726 2698; x_wconf 88' lang='lat' dir='ltr'>officiosissimo</span> <span class='ocrx_word' id='word_1_184' title='bbox 754 2635 882 2696; x_wconf 83' lang='lat' dir='ltr'>tontum</span> <span class='ocrx_word' id='word_1_185' title='bbox 910 2631 1017 2695; x_wconf 88' lang='lat' dir='ltr'>oneris</span> <span class='ocrx_word' id='word_1_186' title='bbox 1039 2632 1140 2715; x_wconf 91' lang='lat' dir='ltr'>impo-</span> 
     </span>
     <span class='ocr_line' id='line_1_27' title="bbox 189 2718 1140 2808; baseline -0.004 -22"><span class='ocrx_word' id='word_1_187' title='bbox 189 2725 289 2806; x_wconf 80' lang='lat' dir='ltr'>nitur,</span> <span class='ocrx_word' id='word_1_188' title='bbox 321 2744 380 2808; x_wconf 84' lang='lat' dir='ltr'>ego</span> <span class='ocrx_word' id='word_1_189' title='bbox 413 2743 539 2805; x_wconf 89' lang='lat' dir='ltr'>quoque</span> <span class='ocrx_word' id='word_1_190' title='bbox 570 2720 630 2785; x_wconf 90' lang='lat' dir='ltr'>tibi</span> <span class='ocrx_word' id='word_1_191' title='bbox 657 2722 822 2804; x_wconf 84' lang='lat' dir='ltr'>imponam</span> <span class='ocrx_word' id='word_1_192' title='bbox 849 2741 907 2804; x_wconf 87' lang='lat' dir='ltr'>pro</span> <span class='ocrx_word' id='word_1_193' title='bbox 935 2719 1000 2782; x_wconf 91' lang='lat' dir='ltr'>tuis</span> <span class='ocrx_word' id='word_1_194' title='bbox 1027 2718 1064 2783; x_wconf 91' lang='grc'>111</span> <span class='ocrx_word' id='word_1_195' title='bbox 1091 2739 1140 2782; x_wconf 88' lang='lat' dir='ltr'>me</span> 
     </span>
     <span class='ocr_line' id='line_1_28' title="bbox 190 2807 1141 2893; baseline -0.005 -19"><span class='ocrx_word' id='word_1_196' title='bbox 190 2812 321 2875; x_wconf 89' lang='lat' dir='ltr'>summis</span> <span class='ocrx_word' id='word_1_197' title='bbox 350 2810 475 2893; x_wconf 85' lang='lat' dir='ltr'>officiis,</span> <span class='ocrx_word' id='word_1_198' title='bbox 497 2811 544 2875; x_wconf 87' lang='lat' dir='ltr'>ita</span> <span class='ocrx_word' id='word_1_199' title='bbox 565 2813 688 2893; x_wconf 87' lang='lat' dir='ltr'>tamen,</span> <span class='ocrx_word' id='word_1_200' title='bbox 714 2812 752 2872; x_wconf 92' lang='lat' dir='ltr'>ut</span> <span class='ocrx_word' id='word_1_201' title='bbox 778 2807 838 2871; x_wconf 88' lang='lat' dir='ltr'>tibi</span> <span class='ocrx_word' id='word_1_202' title='bbox 861 2807 961 2871; x_wconf 90' lang='lat' dir='ltr'>nolim</span> <span class='ocrx_word' id='word_1_203' title='bbox 984 2807 1141 2871; x_wconf 88' lang='lat' dir='ltr'>molestus</span> 
     </span>
     <span class='ocr_line' id='line_1_29' title="bbox 190 2891 1141 2979; baseline -0.004 -17"><span class='ocrx_word' id='word_1_204' title='bbox 190 2920 266 2963; x_wconf 89' lang='grc'>1111.</span> <span class='ocrx_word' id='word_1_205' title='bbox 317 2901 489 2974; x_wconf 64' lang='lat' dir='ltr'>Mutunus</span> <span class='ocrx_word' id='word_1_206' title='bbox 520 2902 553 2962; x_wconf 91' lang='lat' dir='ltr'>et</span> <span class='ocrx_word' id='word_1_207' title='bbox 578 2891 790 2979; x_wconf 82' lang='grc' dir='ltr'><strong><em>Ἀλαβανδεῑς</em></strong></span> <span class='ocrx_word' id='word_1_208' title='bbox 821 2894 990 2979; x_wconf 81' lang='lat' dir='ltr'>pecuniam</span> <span class='ocrx_word' id='word_1_209' title='bbox 1027 2892 1141 2959; x_wconf 85' lang='lat' dir='ltr'>Oluvio</span> 
     </span>
     <span class='ocr_line' id='line_1_30' title="bbox 190 2981 1143 3069; baseline -0.007 -18"><span class='ocrx_word' id='word_1_210' title='bbox 190 2987 319 3051; x_wconf 87' lang='lat' dir='ltr'>debent:</span> <span class='ocrx_word' id='word_1_211' title='bbox 352 2986 475 3049; x_wconf 83' lang='lat' dir='ltr'>dixerat</span> <span class='ocrx_word' id='word_1_212' title='bbox 505 2986 585 3050; x_wconf 90' lang='lat' dir='ltr'>mihi</span> <span class='ocrx_word' id='word_1_213' title='bbox 616 2985 853 3069; x_wconf 54' lang='lat' dir='ltr'>Euthydemus</span> <span class='ocrx_word' id='word_1_214' title='bbox 889 3003 988 3066; x_wconf 90' lang='lat' dir='ltr'>quum</span> <span class='ocrx_word' id='word_1_215' title='bbox 1019 2981 1143 3066; x_wconf 83' lang='lat' dir='ltr'>Ephesi</span> 
     </span>
     <span class='ocr_line' id='line_1_31' title="bbox 190 3070 1144 3159; baseline -0.006 -20"><span class='ocrx_word' id='word_1_216' title='bbox 190 3097 301 3159; x_wconf 88' lang='lat' dir='ltr'>essem,</span> <span class='ocrx_word' id='word_1_217' title='bbox 324 3095 357 3139; x_wconf 89' lang='lat' dir='ltr'>se</span> <span class='ocrx_word' id='word_1_218' title='bbox 380 3078 573 3158; x_wconf 86' lang='lat' dir='ltr'>curaturum,</span> <span class='ocrx_word' id='word_1_219' title='bbox 595 3077 633 3138; x_wconf 91' lang='lat' dir='ltr'>ut</span> <span class='ocrx_word' id='word_1_220' title='bbox 650 3073 749 3137; x_wconf 86' lang='lat' dir='ltr'>ecdici</span> <span class='ocrx_word' id='word_1_221' title='bbox 767 3071 896 3156; x_wconf 85' lang='lat' dir='ltr'>Mylasii</span> <span class='ocrx_word' id='word_1_222' title='bbox 912 3070 1052 3134; x_wconf 84' lang='lat' dir='ltr'>Romam</span> <span class='ocrx_word' id='word_1_223' title='bbox 1070 3071 1144 3134; x_wconf 89' lang='lat' dir='ltr'>mit-</span> 
     </span>
     <span class='ocr_line' id='line_1_32' title="bbox 189 3158 1144 3248; baseline -0.005 -20"><span class='ocrx_word' id='word_1_224' title='bbox 189 3168 346 3248; x_wconf 63' lang='lat' dir='ltr'>terentum</span> <span class='ocrx_word' id='word_1_225' title='bbox 372 3163 405 3226; x_wconf 93' lang='lat' dir='ltr'>id</span> <span class='ocrx_word' id='word_1_226' title='bbox 427 3163 549 3226; x_wconf 84' lang='lat' dir='ltr'>factum</span> <span class='ocrx_word' id='word_1_227' title='bbox 570 3183 639 3226; x_wconf 91' lang='lat' dir='ltr'>non</span> <span class='ocrx_word' id='word_1_228' title='bbox 662 3164 723 3226; x_wconf 86' lang='lat' dir='ltr'>est:</span> <span class='ocrx_word' id='word_1_229' title='bbox 750 3161 875 3244; x_wconf 81' lang='lat' dir='ltr'>legatos</span> <span class='ocrx_word' id='word_1_230' title='bbox 904 3158 999 3223; x_wconf 84' lang='lat' dir='ltr'>audio</span> <span class='ocrx_word' id='word_1_231' title='bbox 1027 3159 1144 3223; x_wconf 86' lang='lat' dir='ltr'>missos</span> 
     </span>
    </p>
   </div>
   <div class='ocr_carea' id='block_1_7' title="bbox 191 3315 1146 3511">
    <p class='ocr_par' dir='ltr' id='par_1_7' title="bbox 191 3315 1146 3511">
     <span class='ocr_line' id='line_1_33' title="bbox 259 3315 1144 3439; baseline -0.009 -65"><span class='ocrx_word' id='word_1_232' title='bbox 259 3321 311 3392; x_wconf 88' lang='lat' dir='ltr'>Ep.</span> <span class='ocrx_word' id='word_1_233' title='bbox 331 3325 372 3389; x_wconf 82' lang='lat'>55,</span> <span class='ocrx_word' id='word_1_234' title='bbox 388 3326 412 3374; x_wconf 81' lang='lat'>2.</span> <span class='ocrx_word' id='word_1_235' title='bbox 446 3320 549 3402; x_wconf 58' lang='lat' dir='ltr'>poesim</span> <span class='ocrx_word' id='word_1_236' title='bbox 571 3335 649 3385; x_wconf 84' lang='lat' dir='ltr'>nom,</span> <span class='ocrx_word' id='word_1_237' title='bbox 668 3317 749 3401; x_wconf 36' lang='lat' dir='ltr'>&#39;apud</span> <span class='ocrx_word' id='word_1_238' title='bbox 766 3317 869 3384; x_wconf 70' lang='lat' dir='ltr'>speum,</span> <span class='ocrx_word' id='word_1_239' title='bbox 889 3330 931 3439; x_wconf 60' lang='lat' dir='ltr'>lp.</span> <span class='ocrx_word' id='word_1_240' title='bbox 952 3355 976 3368; x_wconf 91' lang='lat'>..</span> <span class='ocrx_word' id='word_1_241' title='bbox 995 3315 1102 3380; x_wconf 77' lang='lat' dir='ltr'>cirum,</span> <span class='ocrx_word' id='word_1_242' title='bbox 1120 3331 1144 3383; x_wconf 72' lang='lat' dir='ltr'>q.</span> 
     </span>
     <span class='ocr_line' id='line_1_34' title="bbox 191 3385 1146 3511; baseline -0.008 -65"><span class='ocrx_word' id='word_1_243' title='bbox 191 3393 265 3460; x_wconf 75' lang='lat' dir='ltr'>(W).</span> <span class='ocrx_word' id='word_1_244' title='bbox 306 3409 354 3461; x_wconf 70' lang='lat' dir='ltr'>p„-</span> <span class='ocrx_word' id='word_1_245' title='bbox 375 3407 441 3445; x_wconf 80' lang='lat' dir='ltr'>nam</span> <span class='ocrx_word' id='word_1_246' title='bbox 459 3407 484 3444; x_wconf 86' lang='lat' dir='ltr'>a.</span> <span class='ocrx_word' id='word_1_247' title='bbox 503 3408 522 3443; x_wconf 78' lang='lat' dir='ltr'>c.</span> <span class='ocrx_word' id='word_1_248' title='bbox 540 3405 581 3458; x_wconf 71' lang='lat' dir='ltr'>pr.</span> <span class='ocrx_word' id='word_1_249' title='bbox 602 3429 626 3442; x_wconf 89' lang='lat'>..</span> <span class='ocrx_word' id='word_1_250' title='bbox 644 3404 747 3452; x_wconf 71' lang='lat' dir='ltr'>oerum,</span> <span class='ocrx_word' id='word_1_251' title='bbox 765 3402 789 3454; x_wconf 82' lang='lat' dir='ltr'>q.</span> <span class='ocrx_word' id='word_1_252' title='bbox 812 3385 843 3438; x_wconf 93' lang='lat' dir='ltr'>B.</span> <span class='ocrx_word' id='word_1_253' title='bbox 883 3403 940 3511; x_wconf 52' lang='lat' dir='ltr'>ff.</span> <span class='ocrx_word' id='word_1_254' title='bbox 960 3389 1042 3452; x_wconf 81' lang='grc'>56,1.</span> <span class='ocrx_word' id='word_1_255' title='bbox 1080 3387 1146 3439; x_wconf 86' lang='lat' dir='ltr'>Mo·</span> 
     </span>
    </p>
   </div>
   <div class='ocr_carea' id='block_1_8' title="bbox 184 3455 1145 3533">
    <p class='ocr_par' dir='ltr' id='par_1_8' title="bbox 184 3455 1145 3533">
     <span class='ocr_line' id='line_1_35' title="bbox 184 3455 1145 3533; baseline -0.005 -18"><span class='ocrx_word' id='word_1_256' title='bbox 184 3467 282 3525; x_wconf 75' lang='grc' dir='ltr'><em>λασεῐς</em></span> <span class='ocrx_word' id='word_1_257' title='bbox 304 3467 330 3518; x_wconf 82' lang='lat' dir='ltr'>et</span> <span class='ocrx_word' id='word_1_258' title='bbox 349 3455 523 3533; x_wconf 77' lang='grc' dir='ltr'><strong><em>Ἀλαβανδεῖς</em></strong></span> <span class='ocrx_word' id='word_1_259' title='bbox 547 3458 603 3528; x_wconf 88' lang='lat' dir='ltr'>(W.</span> <span class='ocrx_word' id='word_1_260' title='bbox 621 3474 656 3514; x_wconf 82' lang='lat' dir='ltr'>ex</span> <span class='ocrx_word' id='word_1_261' title='bbox 674 3456 720 3512; x_wconf 87' lang='lat' dir='ltr'>Or.</span> <span class='ocrx_word' id='word_1_262' title='bbox 740 3456 830 3525; x_wconf 65' lang='lat' dir='ltr'>coni).</span> <span class='ocrx_word' id='word_1_263' title='bbox 918 3455 1004 3526; x_wconf 70' lang='lat' dir='ltr'>ylasio</span> <span class='ocrx_word' id='word_1_264' title='bbox 1027 3461 1054 3510; x_wconf 81' lang='lat' dir='ltr'>et</span> <span class='ocrx_word' id='word_1_265' title='bbox 1075 3456 1145 3510; x_wconf 74' lang='lat' dir='ltr'>Au-</span> 
     </span>
    </p>
   </div>
   <div class='ocr_carea' id='block_1_9' title="bbox 174 3533 365 3592">
    <p class='ocr_par' dir='ltr' id='par_1_9' title="bbox 174 3533 365 3592">
     <span class='ocr_line' id='line_1_36' title="bbox 174 3533 365 3592; baseline 0.021 -4"><span class='ocrx_word' id='word_1_266' title='bbox 174 3535 281 3590; x_wconf 65' lang='lat' dir='ltr'>bandis</span> <span class='ocrx_word' id='word_1_267' title='bbox 297 3534 330 3590; x_wconf 90' lang='lat' dir='ltr'><em>M</em></span> <span class='ocrx_word' id='word_1_268' title='bbox 332 3533 365 3592; x_wconf 90' lang='lat' dir='ltr'>B.</span> 
     </span>
    </p>
   </div>
   <div class='ocr_carea' id='block_1_10' title="bbox 0 0 1197 3878">
    <p class='ocr_par' dir='ltr' id='par_1_10' title="bbox 0 0 1197 3878">
     <span class='ocr_line' id='line_1_37' title="bbox 0 0 1197 3878; baseline 0 0"><span class='ocrx_word' id='word_1_269' title='bbox 0 0 1197 3878; x_wconf 95' lang='lat' dir='ltr'> </span> 
     </span>
    </p>
   </div>
  </div>
 </body>
</html>
