2370 3878
356 204 613 261 EPISTOLARUM
630 205 664 258 x.
686 211 726 257 11.
747 209 788 256 12.
987 200 1051 266 309

95 357 146 417 est
172 374 261 437 cura,
291 355 329 416 ut
355 353 401 415 rei
433 350 579 434 publicae
609 370 661 412 me
693 348 794 412 civem
822 346 957 430 dignum
989 348 1051 410 tuis

97 441 243 506 laudibus
266 443 436 524 praestem,
457 439 493 501 in
516 437 657 501 amicitia
679 440 736 500 tua
758 437 933 499 memorem
956 437 1051 516 atque

96 524 234 604 gratum·
279 527 370 598 Quod
393 527 551 609 reliquum
574 528 632 607 est,
654 527 746 588 tuum
768 544 884 586 munus
906 524 996 585 tuere
1020 524 1053 587 et

96 630 161 691 me,
193 609 234 693 si,
266 629 361 691 quem
391 636 460 680 osse
492 613 635 696 voluisti,
671 633 743 676 eum
776 611 862 675 exitu
893 610 1051 692 rebusque

97 696 279 796 cognoscis,
311 696 446 759 defende
477 724 514 766 ac
547 702 679 785 suscipe
724 697 829 774 Quum
857 697 1086 763 Rhodanumn

98 784 206 867 copias
238 784 435 847 traiecissem
462 724 656 867 fratremque
689 808 761 851 cum
792 786 896 848 tribus
923 786 1052 849 milibus

98 873 240 954 equitum
262 872 511 1023 praemisissem,
538 872 606 955 ipse
633 871 695 934 iter
723 875 764 937 ad
791 872 951 937 Mutinam
979 874 1052 937 diri-

98 981 216 1044 gerem,
238 961 273 1023 in
295 961 410 1024 itinere
434 959 472 1023 de
495 959 616 1041 proelio
639 959 726 1022 facto
745 957 914 1042 Brutoque
934 965 966 1024 et
983 961 1052 1025 Mu·

97 1047 168 1111 tina
191 1047 358 1112 obsidione
380 1047 525 1111 liberatis
549 1047 671 1111 audivi:
695 1046 908 1111 animadverti
930 1049 1053 1112 nullum

98 1136 198 1199 ulium
220 1140 384 1219 receptum
411 1133 592 1198 Antonium
618 1133 847 1218 reliquiasque,
873 1156 954 1218 quae
982 1157 1054 1200 cum

98 1245 135 1287 eo
169 1227 289 1307 essent,
320 1223 438 1286 habere
466 1222 528 1285 nisi
555 1222 590 1285 in
616 1222 676 1286 has
703 1226 825 1306 partes,
857 1223 998 1306 duasque
1026 1225 1055 1288 ei

99 1333 171 1393 spes
200 1333 268 1375 esse
296 1310 492 1395 propositae,
518 1332 616 1374 unam
639 1309 752 1395 Lepidi
779 1311 893 1395 ipsius,
920 1312 1055 1375 alteram

100 1399 264 1463 exercitus.
302 1397 394 1474 Quod
417 1398 572 1482 quaedam
590 1421 666 1482 pars
685 1401 840 1464 exercitus
861 1421 929 1465 non
947 1401 1053 1463 minus

98 1486 220 1551 furiosa
243 1490 293 1551 est
319 1510 415 1571 quam
442 1487 497 1570 qui
524 1509 596 1552 cum
623 1488 768 1553 Antonio
796 1488 940 1571 fuerunt,
968 1489 1053 1572 equi·

98 1579 203 1639 tatum
234 1576 393 1659 revocavi3
425 1576 494 1660 ipso
523 1577 559 1639 in
586 1575 816 1662 Allobrogibus
843 1577 987 1659 constiti,
1018 1580 1055 1640 ut

98 1664 231 1745 proinde
264 1663 304 1728 ad
337 1665 446 1728 omnia
477 1670 609 1749 paratus
641 1687 743 1729 essem
771 1686 808 1728 ac
834 1687 886 1728 res
913 1687 963 1728 me
986 1687 1053 1728 mo·

98 1755 197 1816 neret
175 1750 276 1816 tSi
303 1752 409 1816 nudus
436 1752 500 1816 huc
528 1775 561 1817 se
585 1752 748 1817 Antonius
777 1752 933 1836 conferet,
961 1753 1053 1816 facile

98 1839 178 1903 mihi
200 1839 309 1904 videor
332 1861 389 1923 per
411 1861 462 1903 me
486 1841 644 1904 sustinere
671 1860 766 1923 posse
793 1860 924 1922 remque
951 1840 1053 1922 publi·

99 1948 170 1988 cam
198 1948 236 1990 ex
263 1930 371 1990 vestra
398 1928 535 1991 sentent
527 1949 558 1990 1a
581 1927 818 2009 administrare,
846 1928 990 2009 quamvis
1013 1927 1053 1990 ab

99 2013 239 2076 exercitu
262 2013 376 2098 Lepidi
397 2014 584 2101 recipiatur3
606 2016 634 2079 si
657 2036 732 2079 vero
752 2015 916 2097 copiarum
934 2014 1054 2099 aliquid

99 2123 207 2164 secum
235 2101 371 2166 adducet
398 2105 430 2165 et
453 2102 480 2165 si
512 2102 634 2166 decima
662 2102 748 2187 legio
775 2105 940 2188 veterana,
973 2124 1053 2187 quae

98 2193 211 2254 nostra
234 2212 332 2274 opera
354 2194 503 2255 revocata
526 2212 598 2255 cum
620 2192 751 2275 reliquis
774 2194 832 2276 est,
854 2191 895 2255 ad
918 2193 1054 2256 eundem

97 2278 239 2342 furorem
266 2279 410 2361 redierit,
441 2283 564 2363 tamen,
595 2301 637 2344 ne
669 2280 745 2363 quid
777 2280 961 2345 detrimenti
987 2281 1053 2365 fiat,

98 2366 228 2430 dabitur
251 2389 349 2451 opera
372 2389 391 2431 a
414 2390 474 2450 me,
496 2367 591 2451 idque
613 2389 664 2432 me
687 2371 922 2452 praestaturum
951 2391 1053 2453 spero,

98 2455 175 2518 dum
197 2455 293 2520 istinc
316 2457 426 2540 copiae
448 2456 650 2520 traiiciantur
671 2457 922 2540 coniunctaeque
945 2457 1052 2520 nobis-

98 2565 171 2607 cum
186 2544 318 2608 facilius
336 2545 443 2629 perdit
443 2566 479 2609 os
500 2545 693 2629 opprimant.
728 2544 800 2610 Hoc
822 2545 882 2609 tibi
901 2544 1087 2628 spondeat

97 2632 142 2694 mi
166 2629 286 2717 Cicero,
308 2655 411 2716 neque
434 2632 577 2697 animum
600 2655 660 2698 nec
678 2633 879 2718 diligentiam
897 2632 977 2696 mihi
1000 2631 1051 2696 de-

97 2720 148 2783 fut
134 2724 248 2784 t.uram
293 2718 395 2805 Cupio
419 2717 627 2786 mehercules
638 2723 762 2786 nullam
784 2721 944 2785 residuam
968 2721 1052 2784 solli·

98 2808 271 2873 citudinem
295 2831 377 2891 esse3
401 2810 466 2892 sed,
489 2810 517 2873 si
538 2809 645 2892 fuerit,
622 2813 726 2873 tneo
745 2810 853 2874 animo
876 2831 935 2873 nec
958 2809 1052 2874 bene-

97 2896 216 2960 volent'
193 2901 257 2960 t1ae
283 2919 343 2962 nec
374 2860 550 2981 patientiae
582 2897 768 2980 cuiusquam
798 2919 857 2981 pro
884 2898 976 2962 robis
1004 2920 1052 2963 ce-

97 2983 180 3047 dam.
235 2984 286 3049 Do
319 2985 448 3086 quidem
485 3004 545 3068 ego
584 3006 728 3069 operam,
762 2989 800 3049 ut
831 2987 928 3051 etiam
959 2986 1052 3070 Lepi-

97 3071 173 3136 dum
197 3074 237 3136 ad
265 3073 360 3137 huius
382 3073 429 3137 rei
453 3073 639 3137 societatem
661 3073 802 3151 incitem,
829 3076 999 3175 omniaque
1023 3073 1052 3137 ei

96 3159 252 3243 obsequia
273 3161 485 3246 polliceor,
460 3183 487 3225 sn
509 3162 606 3226 modo
629 3182 697 3226 rem
715 3162 877 3245 publicam
895 3162 1051 3245 respicere

154 3386 280 3511 eql,
297 3394 319 3442 1.
356 3389 548 3444 amicitiamn
566 3389 622 3458 (M,
640 3389 804 3459 vulgo).o
806 3389 874 3442 .tui
892 3388 1000 3456 Kloyn„
1018 3386 1049 3440 B.

94 3461 119 3509 2.
147 3460 179 3511 ia
215 3472 246 3512 oc
259 3462 360 3526 portes
373 3459 447 3528 (W.).
488 3460 520 3514 in
541 3461 584 3515 bis
602 3460 734 3531 portibus
750 3407 804 3514 lla
800 3458 976 3529 ,uulqooe
1001 3472 1064 3510 coa

88 3527 188 3592 seret(
187 3527 247 3580 edd
269 3530 315 3582 vet
316 3530 354 3597 t.)
392 3531 499 3599 confert
516 3531 585 3588 ΜΒ.
