2370 3878
329 188 590 244 EPISTOLARUM
608 189 655 242 lx.
676 196 717 244 ro.
739 195 782 242 ro.
972 190 1038 254 285

77 333 193 399 virum!
226 356 295 399 non
324 357 411 418 eum,
444 356 539 418 quem
570 337 606 399 tu
635 355 669 397 es
697 334 810 398 solitus
842 335 1038 417 promulside

76 422 245 488 conficere:
269 424 431 508 integram
453 423 573 486 famem
597 422 637 485 ad
666 444 762 486 ovum
790 421 902 506 affero,
929 423 1037 506 itaque

78 511 245 594 usquead
273 534 382 575 assum
409 511 582 575 vitulinum
609 531 708 594 opera
734 510 927 594 perducitur.
977 511 1038 574 Illa

77 621 159 683 mea,
182 621 264 682 quae
289 600 415 664 solebas
440 604 535 663 antea
552 599 694 682 laudare,
715 620 753 683 „o
772 599 938 663 hominem
960 600 1037 664 faci-

78 689 154 751 lem!
179 710 198 752 o
221 688 385 772 hospitem
403 710 472 753 non
491 686 666 772 graveml“‚
679 687 841 751 abierunt:
864 709 951 752 nunc
971 711 1037 752 om-

78 798 153 839 nem
176 780 322 841 nostram
345 777 384 840 de
407 799 441 840 re
460 776 590 860 publica
608 797 727 860 curam,
749 776 979 860 cogitationem
999 777 1037 840 de

79 864 213 928 dicenda
236 865 272 928 in
295 868 410 930 senatu
434 864 608 947 sententia,
638 864 941 928 commentationem
965 887 1037 929 oau-

79 973 189 1016 sarum
212 954 401 1037 abiecimus,
427 955 462 1017 in
485 952 618 1036 Epicuri
645 974 705 1016 nos
733 951 907 1015 adversarii
934 955 1038 1018 nostri

80 1044 186 1105 castra
210 1042 414 1125 coniecimus,
437 1063 496 1106 nec
518 1045 629 1104 tamen
652 1040 693 1103 ad
715 1040 800 1104 hanc
822 1040 1038 1123 insolentiam,

80 1128 135 1192 sed
165 1128 205 1193 ad
228 1130 318 1193 illam
346 1133 436 1193 tuam
463 1129 637 1212 lautitiam,
664 1131 805 1192 veterem
828 1129 912 1213 dico,
940 1150 1039 1212 quum

79 1218 114 1281 in
138 1221 302 1301 sumptum
324 1218 482 1301 habebas²
509 1218 570 1281 etsi
593 1238 769 1300 numquam
792 1217 885 1299 plura
907 1217 1039 1301 praedia

78 1305 231 1369 habuisti.
280 1305 419 1369 Proinde
447 1310 479 1370 te
507 1328 598 1389 para:
631 1329 704 1369 cum
731 1306 862 1370 homine
890 1310 923 1369 et
950 1307 1073 1370 edacia

79 1393 140 1457 tibi
162 1415 213 1457 res
237 1397 286 1457 est
310 1397 342 1456 et
365 1395 420 1477 qui
438 1395 503 1457 iam
522 1394 642 1477 aliquid
660 1394 835 1479 intelligat,
859 1388 1040 1471 ὀψιμαθεῖς

80 1485 188 1545 autem
211 1482 359 1545 homines
379 1483 441 1545 scis
460 1503 558 1565 quam
574 1484 751 1547 insolentes
775 1482 853 1564 sint3
876 1482 1038 1546 dediscen-

80 1569 140 1633 dae
162 1570 223 1633 tibi
247 1574 323 1633 sunt
342 1572 514 1653 sportellae
536 1575 568 1634 et
587 1571 768 1656 artologam
790 1571 848 1634 tui.
884 1576 950 1634 Nos
974 1572 1038 1634 ianr

79 1658 101 1736 †
124 1679 164 1721 ex
190 1658 270 1721 artis
297 1660 425 1722 tantum
451 1659 621 1742 habemus,
650 1662 687 1724 ut
708 1658 859 1723 Verrium
886 1663 979 1723 tuum
1007 1664 1039 1722 et

80 1743 253 1809 Camillum
267 1768 388 1829 —qua
410 1748 570 1812 munditia
591 1747 754 1830 homines,
776 1768 840 1829 qua
863 1748 1038 1830 elegantia!

81 1869 123 1880 -
147 1856 262 1898 vocare
286 1835 414 1917 saepius
447 1835 635 1916 audeamus3
667 1835 722 1899 sed
754 1834 825 1898 ride
859 1835 1038 1899 audaciam:

80 1922 179 1984 etiam
200 1921 308 1986 Hirtio
333 1944 467 1986 coenam
490 1923 576 2005 dedi,
605 1924 673 1986 sine
700 1944 826 2006 parone
853 1926 976 2003 tamen3
1004 1924 1038 1986 in

80 2031 119 2074 ea
142 2031 243 2075 coena
266 2032 360 2074 cocus
383 2033 474 2074 meus
496 2014 624 2094 praeter
646 2011 696 2075 ius
720 2011 848 2074 fervens
872 2010 954 2074 nihil
976 2030 1040 2074 rrorr

80 2098 189 2181 potuit
209 2098 339 2162 imitari.
387 2098 477 2162 Haec
504 2099 603 2184 igitur
630 2102 680 2162 est
706 2120 793 2163 nunc
820 2099 888 2163 vita
913 2104 1074 2163 nostrata

81 2207 175 2250 mane
204 2188 381 2251 salutamus
410 2187 496 2252 domi
524 2191 557 2251 et
579 2188 683 2252 bonos
709 2188 796 2252 viros
823 2189 956 2271 multos,
984 2188 1038 2252 sed

80 2275 200 2358 tristes,
223 2278 256 2338 et
278 2276 338 2340 hos
360 2277 463 2340 laetos
486 2277 638 2359 victores,
666 2277 720 2360 qui
743 2297 793 2340 me
818 2276 946 2360 quidem
968 2298 1038 2360 per-

82 2362 225 2427 officiose
249 2367 282 2426 et
304 2368 509 2447 peramanter
523 2364 708 2448 observant3
731 2365 787 2429 ubi
811 2365 962 2430 salutatio
986 2365 1038 2428 de·

80 2449 183 2533 fluxit,
204 2451 321 2516 litteris
345 2475 395 2517 me
418 2453 561 2517 involvo:
590 2456 647 2517 aut
669 2453 774 2517 scribo
798 2456 855 2516 aut
877 2455 963 2536 lego3
987 2474 1038 2515 ve-

82 2538 179 2601 niunt
193 2539 300 2623 etiam,
318 2541 373 2624 qui
393 2562 444 2604 me
464 2541 597 2605 audiant
611 2542 703 2625 quasi
717 2542 848 2605 doctum
866 2541 1039 2623 hominem,

82 2626 159 2710 quia
184 2628 293 2710 paullo
323 2650 394 2692 sum
427 2650 523 2712 quam
551 2630 614 2713 ipsi
646 2630 783 2712 doctior3
814 2627 889 2691 inde
913 2627 1039 2711 corpori

83 2735 178 2778 omne
200 2719 329 2799 tempus
353 2716 456 2782 datur.
491 2717 635 2781 Patriam
658 2718 743 2782 eluxi
765 2718 830 2781 iam
854 2720 886 2779 et
909 2716 1038 2801 gravius

81 2805 115 2866 et
141 2801 276 2887 diutius,
303 2826 400 2888 quam
427 2806 493 2869 ulla
521 2808 623 2869 mater
650 2806 781 2869 unicum
812 2805 924 2868 filium.
977 2803 1039 2868 Sed

81 2911 171 2974 cura,
204 2892 233 2955 si
264 2914 314 2955 me
348 2915 450 2976 amas,
477 2897 513 2956 ut
540 2894 661 2976 valeas,
692 2915 733 2956 ne
761 2912 821 2977 ego
853 2896 886 2956 te
913 2893 1038 2957 iacente

80 2977 168 3042 bona
190 2982 248 3043 tua
265 2981 435 3062 comedim3
459 2981 558 3044 statui
576 2982 662 3044 enim
680 2981 740 3043 tibi
758 3003 799 3045 ne
819 2985 951 3066 aegroto
971 2982 1037 3064 qui-

82 3066 154 3130 dem
177 3089 317 3151 parcere.

129 3361 132 3366 Ι
152 3293 204 3362 Ep.
223 3253 266 3362 ao,
283 3301 305 3347 1.
343 3295 436 3362 offero,
450 3296 541 3365 itaque
555 3292 659 3364 (Man.).
696 3295 806 3360 adfer&
823 3296 842 3349 i.
861 3296 893 3350 B.
912 3325 946 3336 -
966 3296 1037 3349 obie-

82 3369 163 3417 runt:
181 3364 368 3434 rruac(Orat.).
405 3384 430 3420 a.
445 3383 502 3420 ooo
510 3367 547 3420 M.
584 3383 611 3420 o.
625 3366 761 3420 nomedd.
776 3367 854 3433 vett,
868 3367 899 3420 B.
936 3372 960 3419 2.
980 3368 1037 3420 iarn

82 3435 232 3502 exquisitae
251 3437 320 3490 ortis
338 3437 422 3503 (W.)?
463 3443 488 3490 3.
509 3469 541 3476 -
561 3437 680 3491 eradicat
698 3436 764 3506 (Nil.
781 3436 904 3494 audiunt
918 3439 993 3492 nlla.
