2370 3878
320 168 578 225 EPISTOLARUM
596 166 669 223 vl11.
690 173 749 222 1..
949 167 1014 230 229

56 316 112 401 qui
145 314 261 379 scirem
292 312 329 389 Q.
359 313 549 397 Pompeium
580 311 690 376 Baulis
722 312 1015 413 †embaenetrcam

55 404 164 469 facero
187 406 222 467 et
246 422 348 486 usqne
371 422 463 485 eo,u
441 405 479 467 t
501 422 562 485 ego
586 402 752 465 misererer
775 400 857 484 eius,
886 401 1015 501 esurire,

55 512 126 557 non
148 512 221 557 sum
243 493 423 555 commotus
447 494 488 574 et,
509 490 571 554 hoc
593 489 823 572 mendacio,
797 510 825 553 s1
847 510 911 572 qua
933 489 1015 573 peri·

56 580 132 645 cula
161 578 224 643 tibi
253 577 491 662 impenderent,
527 582 564 642 ut
600 577 860 662 defungeremur,
897 577 1014 661 optavi.

55 666 200 733 Plancus
222 666 350 750 quidem
372 670 448 731 tuus
468 665 642 729 Ravennae
666 670 724 748 est,
747 669 780 730 et
797 686 917 750 magno
941 687 1015 730 con·

57 754 163 841 ginno
186 754 326 821 donatus
349 776 368 818 a
391 752 527 818 Caesare
554 774 613 817 nec
641 753 754 817 beatus
781 775 841 817 nec
864 754 945 818 bene
968 754 1014 816 in·

56 846 282 909 metasset
328 841 390 907 Tui
412 842 536 926 politici
559 842 632 906 libri
656 842 805 907 omnibus
828 842 948 927 vigent.

519 1034 562 1100 Π.

233 1146 291 1204 sor.
311 1146 416 1202 Romae
434 1163 529 1202 mense
547 1146 627 1201 Iunio
647 1162 670 1200 a.
690 1164 716 1200 u.
737 1162 760 1202 o.
780 1150 845 1203 ἴοι.

318 1269 470 1326 CAELIUS
490 1269 660 1326 CICERONI
680 1268 755 1325 SAL.

127 1372 234 1454 certe,
256 1371 403 1454 inquam,
430 1371 597 1436 absolutus
625 1375 674 1435 est
700 1406 744 1416 -
771 1389 822 1433 me
849 1372 1051 1452 praesentet

58 1458 308 1542 pronuntiatum
331 1463 380 1522 est
394 1494 445 1541 -,
468 1463 501 1522 et
524 1459 651 1543 quidem
674 1459 713 1523 ab
731 1458 880 1524 omnibus
899 1458 1017 1522 ordini·

58 1546 122 1610 bns
154 1549 188 1610 et
218 1546 354 1631 singulis
381 1547 417 1610 in
443 1568 508 1611 uno
538 1569 664 1630 quoque
696 1548 807 1611 ordine
839 1546 1017 1610 sententiis.

59 1632 160 1717 ,Ride
187 1633 310 1718 modo“,
337 1635 453 1718 inquis.
498 1632 575 1700 Non
601 1635 810 1700 mehercules:
840 1635 921 1699 nihil
949 1657 1017 1698 um·

61 1742 160 1805 quam
182 1723 268 1786 enim
290 1726 358 1786 tam
380 1727 508 1807 praeter
526 1723 720 1808 opinionem,
742 1728 810 1787 tam
829 1723 914 1806 quod
933 1722 1017 1786 vide·

60 1814 151 1874 retur
173 1811 322 1875 omnibus
348 1811 533 1895 indignum,
560 1811 688 1893 accidit3
715 1812 793 1894 quin
817 1831 891 1894 ego,
919 1832 1018 1892 quum

60 1918 122 1983 pro
145 1899 286 1962 amicitia
312 1898 507 1962 validissime
529 1898 672 1962 faverem
700 1900 728 1963 ei
756 1902 789 1961 et
815 1919 866 1960 me
888 1898 954 1960 iam
977 1897 1018 1959 ad

61 1984 237 2051 dolendum
259 2007 515 2070 praeparassem,
541 1990 714 2069 postquam
736 1986 858 2049 factum
881 1988 940 2067 est,
963 1984 1017 2047 ob·

61 2074 175 2159 stupui
196 2075 330 2139 etmihi
357 2074 445 2138 visus
474 2096 544 2137 sum
567 2077 680 2157 captus
708 2095 785 2138 esse.
831 2072 914 2148 Quid
937 2073 1018 2137 alios

60 2161 182 2249 putas?
218 2163 411 2227 clamoribus
445 2163 567 2227 scilicet
597 2162 745 2226 maximis
771 2161 892 2226 iudices
922 2162 1017 2227 corri-

60 2254 205 2337 puerunt
225 2255 259 2314 et
281 2250 493 2315 ostenderunt
514 2252 610 2336 plane
633 2271 716 2335 esse,
743 2250 828 2335 quod
850 2249 928 2314 ferri
950 2270 1018 2315 non

61 2342 187 2423 posset3
207 2338 316 2422 itaque
339 2339 469 2403 relictus
491 2340 557 2424 legi
579 2338 721 2404 Liciniae
734 2339 855 2404 maiore
873 2360 942 2403 esse
964 2360 1018 2422 pe·

60 2426 165 2491 riculo
192 2425 327 2490 ridetur.
376 2427 522 2492 Accessit
544 2428 619 2511 huc,
651 2427 736 2512 quod
768 2428 922 2511 postridie
950 2427 1018 2490 cius

60 2514 300 2580 absolutionem
326 2515 362 2578 in
389 2516 552 2581 theatrum
579 2514 728 2582 Ourionis
750 2516 944 2582 Hortensius
970 2514 1017 2576 in·

60 2602 164 2686 troiit,
179 2606 269 2687 puto,
287 2606 325 2681 ut
342 2625 435 2668 suum
450 2605 602 2689 gaudium
621 2604 842 2689 gauderemus.
877 2602 939 2667 Hic
958 2601 1018 2664 tibi

106 2734 271 2820 strepitus,
288 2735 585 2888 fremiiu⁸>.{¹.†m⁰¹
602 2737 782 2801 tonitruum
800 2740 833 2800 et
845 2734 1018 2800 mdentum

436 2846 462 2887 s1
485 2846 556 2888 lus.

59 2952 135 3019 Hoc
166 2955 270 3040 magis
303 2955 561 3019 animadversum
593 2958 655 3038 est,
686 2954 772 3037 quod
803 2955 944 3020 intactus
976 2955 1017 3019 ab

60 3042 157 3107 sibilo
189 3047 380 3126 pervenerat
410 3040 604 3107 Hortensius
637 3043 678 3106 ad
714 3047 926 3125 senectutem3
962 3043 1018 3106 sed

59 3134 133 3195 tum
154 3133 223 3195 tam
246 3132 337 3215 bene,
359 3133 397 3195 ut
417 3130 454 3195 in
472 3133 576 3195 totam
599 3131 699 3197 vitam
718 3131 818 3196 cuivis
838 3131 916 3196 satis
934 3132 1019 3194 esset

131 3356 184 3427 Ep.
205 3362 268 3425 1,.4
306 3359 495 3426 cmpeadicam
514 3356 756 3426 (Turnebus)?-
784 3356 910 3411 omnibus
927 3354 1019 3422 ciperet

71 3399 247 3553 eddnrqgtti’}
279 3430 394 3498 'scipsas
411 3428 477 3482 ΜΒ.
513 3426 564 3497 Ep.
584 3432 649 3494 a,1
685 3424 813 3482 Maniae
830 3426 931 3480 maiore
949 3424 1017 3494 (m.)
