2370 3878
127 200 193 264 646
385 196 565 255 EPISTOLA
582 198 614 266 Q.
633 197 824 254 CICERONIS

91 343 108 450 ξ
194 344 242 411 Ao
260 345 398 410 multum
415 345 513 410 etiam
531 345 709 410 novitatem
726 347 817 409 tuam
838 344 988 429 adiurat,
1007 345 1092 428 quod
1135 316 1137 321 Ι

127 432 283 499 eiusmodi
309 432 434 498 nobiles
460 437 568 497 tecam
594 436 722 517 petunt,
754 437 789 498 ut
815 454 915 499 nemo
944 433 1007 518 sit,
1040 435 1094 518 qui

127 521 244 586 audeat
266 520 370 585 dicere
396 521 469 605 plus
496 521 560 585 illis
583 521 786 587 nobilitatem
813 542 912 605 quam
940 520 1011 586 tibi
1033 522 1093 587 vir·

126 614 229 674 tutem
260 607 411 693 prodesse
438 613 595 695 oportere.
638 607 725 674 Nam
755 608 790 674 Ρ.
817 608 960 675 Galbam
996 613 1033 674 et
1059 610 1093 675 L.

126 695 273 762 Cassium
297 719 422 763 summo
444 698 517 763 looo
535 701 631 763 natos
650 698 721 782 quis
739 698 861 782 estqui
879 701 1000 782 petere
1019 720 1092 765 oon·

127 785 267 850 sulatum
298 790 392 870 putet
422 785 580 869 moriae?
615 786 705 851 vides
737 786 838 871 igitur
874 787 1092 871 amplissimis

127 894 166 938 ex
188 874 320 939 familiis
338 875 495 959 homines,
517 875 604 959 quod
626 875 696 940 sine
716 876 822 940 nervis
846 873 923 959 sint,
946 875 1016 941 tibi
1039 899 1091 961 pa-

99 981 177 1026 ares
209 984 277 1028 non
309 984 386 1028 esse.
435 962 500 1048 „At
527 960 668 1028 Catilina
699 967 732 1027 et
758 962 924 1028 Antonius
959 965 1093 1030 molesti

126 1049 230 1116 sunt.“
282 1050 386 1116 Immo
417 1051 542 1116 bomini
573 1072 672 1136 navo,
702 1051 875 1135 industrio,
907 1051 1093 1137 innocenti,

125 1138 255 1223 diserto,
277 1140 420 1225 gratioso
438 1141 525 1225 apud
544 1161 608 1224 eos,
628 1141 753 1224 quires
771 1140 925 1224 iudicant,
950 1143 1094 1225 optandi

125 1229 352 1312 competitores
375 1228 470 1293 ambo
499 1229 678 1314 apueritia
705 1229 824 1312 sicarii,
853 1228 954 1294 ambo
985 1230 1093 1295 libidi-

124 1317 206 1400 nosi,
225 1317 321 1382 ambo
335 1321 476 1402 egentes.
512 1315 635 1382 Eorum
649 1317 780 1382 alterius
798 1317 886 1382 bona
898 1319 1093 1403 proscripta

124 1404 272 1489 vidimus,
294 1426 405 1471 vocem
428 1405 565 1490 denique
588 1405 768 1470 audivimus
794 1406 933 1469 iurantis
965 1428 1003 1471 se
1027 1407 1093 1473 Ro·

124 1514 195 1557 mae
217 1493 335 1558 iudicio
359 1515 461 1578 aequo
484 1515 557 1558 oum
574 1494 706 1559 homine
723 1492 844 1559 Graeco
867 1497 1000 1560 certare
1023 1517 1094 1562 non

123 1600 228 1664 posse,
250 1602 289 1644 ex
311 1585 426 1646 senatu
449 1582 585 1647 eiectum
604 1582 723 1646 seimus
747 1580 892 1669 [‚optima
909 1602 993 1648 vero
1018 1606 1094 1649 oen·

124 1690 233 1733 sorum
256 1666 518 1756 existimatione];
540 1671 575 1734 in
592 1674 745 1754 praetura
763 1670 1015 1754 competitorem
1033 1673 1092 1737 ha·

122 1756 252 1823 buimus
275 1758 378 1824 amieo
401 1756 532 1824 Sabidio
556 1762 589 1823 et
607 1758 779 1844 Panthera,
802 1780 901 1842 quum
924 1760 1026 1840 alios,
1050 1763 1093 1827 ad

123 1846 269 1911 tabulam
292 1868 372 1931 quos
395 1851 543 1931 poneret,
564 1868 632 1912 non
654 1847 802 1932 haberet,
824 1869 888 1931 quo
911 1850 1033 1914 tamen
1056 1852 1091 1915 in

123 1937 316 2021 magistratu
339 1936 489 2020 amicam,
512 1957 609 2019 quarn
632 1935 719 2001 domi
739 1935 849 2020 palam
870 1935 1028 2022 haberet,
1053 1939 1093 2003 de

123 2024 281 2088 machinis
305 2025 395 2107 emit3
421 2024 457 2088 in
482 2024 639 2109 petitione
662 2027 769 2089 autem
797 2023 991 2090 consulatus
1016 2048 1091 2091 cau·

122 2133 225 2196 pones
248 2134 359 2178 omnes
378 2112 550 2197 compilare
570 2134 627 2197 per
644 2113 865 2196 turpissimam
883 2112 1093 2197 legationem

123 2200 239 2265 maluit
261 2223 358 2286 quam
382 2202 492 2266 adesse
516 2204 549 2265 et
575 2202 695 2285 populo
718 2201 867 2266 Romano
890 2203 1093 2286 supplicare.

97 2287 218 2353 eAlter
239 2311 329 2374 vero,
356 2289 389 2354 di
411 2290 502 2355 boni!
534 2311 598 2373 quo
627 2290 797 2374 splendore
819 2287 890 2354 est?
935 2289 1092 2357 Primum

122 2376 293 2441 nobilitate
317 2378 437 2442 eadem.
481 2376 570 2443 Nam
592 2379 711 2443 maiore
734 2377 791 2443 re?
831 2375 918 2460 Non,
941 2380 1004 2444 sed
1028 2382 1093 2446 vir·

122 2468 202 2529 tute.
247 2462 484 2541 Quamobrem?
527 2465 618 2542 Quod
632 2467 654 2546 †
667 2467 796 2532 inanius
819 2466 971 2530 umbram
996 2491 1094 2534 suam

123 2554 252 2639 metuit,
273 2554 327 2618 hio
353 2575 395 2618 ne
421 2554 510 2638 leges
534 2554 675 2638 quidem,
701 2559 798 2620 natus
821 2555 856 2619 in
881 2555 990 2638 patris
1017 2579 1093 2644 ege-

124 2646 222 2726 state,
250 2643 404 2708 educatus
430 2642 466 2706 in
489 2642 608 2706 sororis
637 2645 771 2729 stupris,
798 2643 1032 2710 corroboratus
1057 2648 1094 2710 in

124 2731 220 2796 caede
243 2731 370 2816 civium,
392 2730 482 2796 auius
500 2731 624 2815 primus
642 2732 683 2796 ad
701 2754 769 2798 rem
789 2729 951 2814 publicam
977 2733 1093 2800 aditus

52 2942 55 2947 -
195 2912 268 2974 2,*1.
304 2905 381 2961 Nam
400 2907 434 2963 P.
454 2907 487 2963 G.
511 2907 572 2976 (L).
618 2908 684 2962 Iam
708 2905 742 2961 P.
766 2906 800 2962 G.
824 2907 918 2977 vulgo.
943 2937 982 2947 —
1006 2915 1096 2977 putet

123 2982 245 3047 oportere
262 2975 407 3047 (Kayser).
443 2995 486 3048 op.
505 2980 592 3050 vulgo
612 2994 666 3032 om.
685 3009 720 3018 —
738 2978 829 3033 aereis
846 2978 903 3032 siat
920 2977 996 3045 (odd.
1017 2979 1094 3036 Gru-

123 3049 195 3116 tari).
245 3065 273 3103 o.
296 3053 361 3103 sont
382 3048 453 3117 Eri„
478 3049 564 3104 Oxon.
589 3049 633 3118 T„
657 3049 688 3102 B.
734 3055 758 3104 8.
786 3049 886 3104 seimus
908 3047 1042 3119 Leptinen
1067 3070 1094 3109 o.

123 3134 145 3173 c.
165 3118 271 3190 esist.];
288 3121 321 3174 ia
339 3119 413 3188 (W.).
449 3134 472 3173 a
492 3119 554 3190 Opt.
572 3136 596 3174 o.
611 3125 630 3187 †
644 3137 665 3174 o.
684 3136 705 3174 e.
723 3120 757 3174 irs
768 3119 800 3174 B.
818 3150 854 3159 -
871 3135 956 3189 qaam
976 3121 1032 3189 (sie
1047 3122 1093 3195 L.)

123 3190 202 3256 otios,
221 3191 259 3245 ad
276 3195 296 3244 t.
314 3207 338 3260 q.
353 3208 398 3259 p,
416 3205 474 3245 aaa
492 3191 600 3247 baberet
619 3191 694 3260 (Ν).
739 3207 822 3260 quom
840 3190 878 3245 ad
975 3192 1095 3250 haberet

123 3260 181 3314 Erf.
218 3261 291 3329 qaod
309 3261 371 3329 (Ox.
390 3260 434 3328 T.)
453 3262 490 3316 ad
585 3262 701 3317 babebat
719 3261 780 3316 edd.
799 3263 882 3329 vett,
901 3261 932 3316 B.
952 3291 989 3300 —
1013 3265 1093 3335 aab„

122 3347 176 3401 qao
256 3332 333 3397 emit;
351 3333 383 3386 ia
402 3332 478 3400 (Ψ).
513 3333 539 3387 b.
569 3332 629 3402 Quo
709 3334 779 3388 emit.
806 3333 846 3386 In
863 3332 958 3403 vulgo.
987 3365 1024 3374 —-
1056 3338 1094 3392 le·

122 3403 259 3472 potionem
277 3403 393 3473 (vulgo).
439 3403 516 3472 olleo.
536 3402 591 3471 Oa,
609 3402 641 3456 B.
687 3410 711 3459 9.
739 3404 843 3459 maiore
860 3401 909 3458 ro?
930 3403 1093 3476 (Palem).

119 3475 242 3530 maiore?
261 3473 355 3548 vulgo.
375 3503 409 3514 -
429 3472 509 3546 Quod
525 3477 545 3542 †
562 3474 679 3529 taenias
697 3474 769 3541 (edd.
789 3474 878 3541 Grut,
893 3473 960 3542 Eri,
981 3474 1034 3531 Ox.
1046 3477 1094 3549 T„

112 3545 158 3605 Or.
178 3547 237 3622 ll.)-
277 3546 310 3623 Q.
330 3547 378 3607 ille
398 3544 467 3621 (Or.)
487 3547 539 3603 aut
557 3544 591 3618 Q.
610 3544 753 3600 Aatoalas
769 3543 938 3610 litam&
