2370 3878
325 181 588 240 EPISTOLARUM
606 181 654 235 ΠΙ.
674 188 697 236 5.
719 188 743 235 6.
971 180 1013 243 67

56 349 229 414 exponam:
252 349 299 412 pr.
322 326 486 391 Kalendas
510 324 645 390 Sextiles
668 336 747 410 puto
769 347 819 390 me
838 325 1015 390 Laodiceae

55 417 139 500 fore,
167 436 346 501 perpaucos
373 413 455 498 dies,
477 415 554 480 dum
576 414 714 498 pecunia
737 414 905 498 accipitur,
934 435 1015 497 quae

55 504 137 570 mibi
155 524 195 569 ex
212 503 342 588 publica
359 503 597 586 permutatione
616 503 759 585 debetur,
779 503 1016 584 commorabor3

56 591 173 658 deinde
202 591 264 656 iter
294 590 412 656 faciam
440 591 480 656 ad
509 591 696 674 exercitum,
726 593 764 654 ut
791 591 916 655 circiter
938 589 1016 657 Idus

56 679 195 746 Sextiles
217 682 329 764 putem
351 699 402 743 me
426 679 466 743 ad
489 678 636 744 Iconium
658 679 737 743 fore.
784 676 858 762 Sed,
889 680 916 743 si
940 679 1017 762 quid

55 789 145 833 nnnc
167 789 219 832 me
242 767 328 831 fallit
350 768 386 831 in
409 767 578 833 scribendo
593 803 635 814 -
650 768 762 851 procul
782 768 867 830 enim
886 767 1017 831 aberam

56 857 99 922 ab
126 878 163 921 re
190 856 264 940 ipsa¹
288 859 322 920 et
348 878 367 919 a
393 856 474 920 locis
497 891 553 940 -,
582 856 676 920 simul
704 877 741 918 ac
768 855 920 939 progredi
948 876 1017 920 coe·

55 966 151 1029 pero,
181 966 278 1028 quam
306 944 469 1008 celerrime
496 948 610 1027 potero
634 946 667 1007 et
694 965 790 1027 quam
818 944 1017 1008 creberrimis

55 1033 176 1099 litteris
198 1032 317 1096 faciam
339 1036 377 1096 ut
402 1032 463 1095 tibi
486 1035 565 1096 nota
593 1032 636 1094 sit
659 1032 764 1095 omnis
787 1031 870 1095 ratio
894 1032 1017 1095 dierum

58 1124 157 1205 atque
179 1120 332 1185 itinerum
354 1141 508 1184 meorum.
550 1117 664 1183 Oneris
686 1119 747 1183 tibi
770 1119 935 1203 imponere
958 1140 1017 1182 nec

59 1208 164 1274 audeo
192 1207 367 1292 quidquam
398 1229 457 1271 uec
489 1207 603 1290 debe03
636 1207 704 1292 sed,
737 1207 822 1291 quod
850 1207 1017 1272 commodo

57 1301 117 1362 tuo
140 1297 211 1361 fieri
233 1297 351 1380 possit,
378 1296 544 1380 utriusque
572 1298 720 1360 nostrum
747 1296 859 1381 magni
881 1295 1018 1373 interest,

57 1390 96 1451 ut
117 1384 286 1449 irrideam
308 1389 391 1462 cate,
415 1406 511 1468 quam
535 1384 682 1449 decedas:
711 1405 808 1469 quam
829 1383 1018 1449 facultatem

59 1474 89 1537 si
117 1472 188 1557 quis
220 1493 313 1537 casus
346 1472 511 1556 eripuerit,
542 1494 614 1536 mea
641 1476 752 1537 tamen
783 1473 818 1536 in
849 1476 881 1537 te
910 1473 1019 1537 omnia

60 1560 169 1626 officia
192 1560 389 1624 constabunt
410 1582 479 1625 non
502 1581 593 1625 secus
616 1582 653 1625 ao
677 1561 754 1625 site
773 1561 935 1643 vidissem3
957 1561 1018 1623 tibi

60 1649 102 1712 de
127 1648 249 1713 nostris
275 1650 371 1712 rebus
398 1648 480 1712 nihil
513 1671 584 1712 sum
617 1652 691 1713 ante
723 1649 933 1713 mandaturus
961 1670 1018 1732 per

60 1737 200 1821 litteras,
232 1757 328 1820 quam
361 1737 531 1820 desperaro
564 1758 672 1801 coram
704 1759 755 1801 me
786 1741 893 1801 tecum
923 1756 1018 1820 agero

60 1845 166 1908 posse.
212 1822 305 1899 Quod
331 1828 364 1889 te
388 1847 407 1888 a
431 1826 583 1889 Scaevola
608 1826 727 1908 petisse
751 1824 842 1908 dieis,
864 1828 914 1908 ut,
942 1825 1018 1887 dum
1038 1841 1053 1888 5

59 1917 99 1977 tu
122 1912 264 1995 abesses,
291 1915 367 1976 ante
391 1913 564 1977 adventum
587 1935 694 1977 meum
716 1912 900 1996 provinciae
928 1932 1018 1994 prae·

61 2002 161 2082 esset,
190 2021 262 2063 eum
289 2020 349 2085 ego
377 1999 500 2083 Ephesi
526 2001 592 2064 vidi
618 2001 743 2083 fuitque
775 2021 900 2063 mecum
927 1999 1018 2062 fami-

59 2087 186 2152 liariter
207 2086 349 2152 triduum
366 2087 456 2169 illud,
479 2088 564 2170 quod
583 2108 643 2172 ego
661 2087 784 2171 Ephesi
803 2090 1019 2152 commoratus

62 2197 150 2258 sum,
176 2195 235 2238 neo
268 2197 306 2239 ex
333 2197 371 2239 eo
400 2175 574 2259 quidquam
598 2176 718 2259 audivi,
746 2176 831 2260 quod
855 2176 916 2240 sibi
944 2179 1019 2240 ate

61 2262 252 2327 mandatum
279 2263 406 2327 diceret.
456 2262 504 2327 Ac
532 2285 610 2328 sane
636 2265 751 2329 vellem
777 2265 937 2348 potuisset
964 2266 1018 2329 ob-

63 2351 154 2434 sequi
176 2352 335 2417 voluntat
360 2355 449 2434 tuae3
471 2373 540 2417 non
562 2353 649 2416 enim
671 2353 810 2417 arbitror
832 2353 983 2417 noluisse.

509 2545 566 2611 VI.

106 2653 162 2711 Sor.
181 2656 330 2711 incastris
349 2657 385 2711 ad
404 2658 529 2712 Iconium
547 2676 588 2727 pr.
608 2658 670 2713 Kal.
690 2657 765 2728 Sept.
786 2674 810 2712 a.
829 2675 856 2710 u.
876 2674 898 2710 c.
919 2663 977 2712 703.

263 2780 300 2834 M.
321 2779 449 2836 CICERO
469 2781 496 2834 S.
514 2780 548 2833 D.
567 2780 622 2835 ΑΡ.
641 2779 818 2837 PULCHRO.

130 2877 236 2954 Quum
256 2901 364 2943 meum
382 2879 505 2943 factum
523 2901 596 2943 cum
614 2884 671 2945 tuo
690 2903 851 2965 comparo,
874 2882 934 2946 etsi
951 2904 1019 2948 non
1039 2898 1053 2944 1

61 2967 167 3050 magis
190 2966 270 3030 mihi
297 2968 390 3031 faveo
417 2967 453 3030 in
475 2971 588 3032 nostra
611 2969 752 3033 amicitia
778 2970 900 3034 tuenda
922 2993 1018 3054 quam

60 3054 136 3136 tibi,
162 3056 273 3116 tamen
295 3057 397 3119 multo
421 3055 524 3139 magis
552 3076 624 3120 meo
647 3056 734 3120 facto
759 3057 899 3122 delector
922 3080 1018 3141 quam

61 3145 129 3203 tuo.
166 3139 239 3222 Ego
263 3143 349 3206 enim
366 3141 532 3206 Brundisii
551 3145 693 3227 quaesivi
716 3165 754 3209 ex
772 3144 905 3228 Phania,
928 3146 1018 3209 euius

62 3226 302 3325 mihyvidebar
329 3233 362 3293 et
386 3231 573 3300 fidelitatem
602 3251 680 3315 erga
706 3236 738 3295 te
765 3233 963 3316 perspexisse
986 3237 1019 3296 et

133 3436 185 3506 Ep.
206 3442 229 3503 ὅ,
245 3441 269 3489 4.
312 3436 445 3494 celerrime
463 3439 532 3507 (Pal.
553 3442 588 3509 6).
630 3441 775 3496 celerrimis
793 3441 829 3494 M.
874 3440 1018 3495 celerrimis

61 3510 169 3593 martiis
188 3507 321 3576 (Klotz.)?

777 3604 815 3657 μ
