2370 3878
349 144 613 241 nrrsromaun
627 183 688 238 ΧΠ.
708 188 803 238 r-ro.
989 180 1054 244 385

99 330 176 414 quid
199 330 357 394 acciderit.
402 327 465 393 Sed
492 328 590 392 etiam
619 327 659 392 ad
682 325 961 391 confirmationem
983 346 1053 408 per-

99 415 215 502 petuae
228 417 395 482 libertatis
431 415 501 480 Nos
519 416 572 479 hie
591 414 630 478 de
648 414 819 479 Dolabella
836 413 1054 493 audiebamus,
1073 424 1089 472 2

101 527 182 589 quaa
205 507 368 586 vellemus,
391 504 446 567 sed
469 507 573 567 certos
597 505 743 567 auctores
762 522 830 566 non
847 501 1056 568 habebamur:

101 593 146 657 Te
170 593 298 677 quidem
320 612 476 676 magnum
501 591 666 656 hominem
689 593 722 654 et
748 589 911 674 praesenti
938 588 1055 652 iudicio

100 683 133 744 et
163 681 278 764 reliqui
309 679 464 763 temporis
497 679 734 762 exspectatione
767 678 847 741 seito
880 690 962 740 esse:
993 676 1056 740 hoo

100 768 161 831 tibi
187 767 354 852 proposito
381 767 434 831 fae
461 769 498 830 ut
530 766 570 830 ad
599 787 724 830 summa
753 764 943 846 contendam
974 763 1056 827 nihil
1159 839 1164 847 ι

102 859 151 919 est
173 858 316 938 tantum,
339 855 425 937 quod
447 875 515 918 non
537 854 676 938 populus
698 852 866 918 Romanus
889 855 963 916 ate
986 873 1056 936 per·

100 943 155 1006 fisi
177 947 274 1027 atque
299 943 439 1007 obtineri
460 963 555 1026 posse
578 941 706 1006 iudicet.
750 939 847 1005 Vale²

550 1149 608 1214 IX.

277 1261 334 1315 Sor.
354 1261 458 1314 Romae
477 1276 570 1315 mense
589 1261 670 1315 Iunio
688 1277 714 1315 a.
733 1278 759 1314 u.
778 1276 801 1315 o.
823 1266 881 1314 711.

397 1398 525 1455 CICERO
543 1399 667 1455 CASSIO
687 1400 763 1455 SAL.

171 1507 318 1578 Brevitas
345 1511 474 1571 tuarum
496 1509 676 1573 litterarum
704 1530 754 1572 me
779 1513 909 1592 'quoque
936 1508 1094 1572 brevio-1

37 1646 43 1653 .
104 1616 172 1659 rem
195 1596 231 1658 in
253 1596 420 1659 scribendo
439 1596 527 1678 facit,
550 1599 590 1680 et,
612 1618 686 1660 vere
704 1600 742 1661 ut
760 1597 873 1680 dicam,
895 1596 1059 1662 nonsatis

104 1682 256 1766 occurrit,
284 1683 360 1766 quid
388 1684 538 1766 scribam3
569 1687 697 1749 nostras
730 1685 816 1748 enim
843 1706 894 1748 res
921 1685 956 1747 in
980 1684 1060 1746 actis

104 1771 240 1854 perferri
268 1771 308 1834 ad
339 1775 371 1834 te
400 1775 486 1835 certo
515 1772 595 1855 seio,
621 1776 695 1835 tuas
724 1776 832 1836 autem
859 1773 1060 1855 ignoramus3

104 1862 269 1941 tamquam
293 1857 379 1921 enim
402 1859 511 1922 clausa
539 1859 581 1921 sit
603 1858 696 1940 Asia,
720 1861 765 1922 sio
792 1858 875 1922 nihil
901 1858 1062 1941 perfertur

105 1945 147 2008 ad
164 1967 224 2010 nos
242 1948 372 2029 praeter
388 1967 533 2008 rumores
553 1945 592 2009 de
611 1967 765 2028 oppresso
784 1944 963 2028 Dolabella,
982 1945 1060 2008 satis

105 2033 178 2098 illos
211 2033 339 2116 quidem
371 2035 571 2116 constanteS,
603 2033 659 2096 sed
692 2033 796 2097 adhue
826 2033 894 2096 sine
922 2036 1061 2096 auctore.

17 2184 20 2189 .
105 2118 190 2202 Nos,
217 2120 400 2184 confectum
427 2121 548 2184 bellum
576 2142 675 2203 quum
702 2124 902 2205 putaremus,
928 2123 1095 2204 repente2

106 2228 125 2270 a
148 2206 270 2291 Lepido
292 2211 350 2272 tuo
372 2209 408 2270 in
431 2230 589 2272 summam
607 2209 855 2273 sollicitudinem
874 2231 983 2273 sumus
1008 2209 1062 2272 ad·

106 2295 207 2358 ducti:
234 2295 343 2378 itaque
370 2296 430 2358 tibi
457 2297 614 2378 persuade
641 2297 814 2361 maximam
841 2297 888 2360 rei
914 2297 1061 2381 publicae
1122 2354 1125 2358 .

107 2403 197 2466 spem
219 2383 254 2444 in
276 2386 309 2447 te
332 2387 365 2446 et
386 2383 422 2445 in
443 2383 508 2447 tuis
532 2384 632 2467 copiis
656 2406 734 2448 esse.
779 2383 905 2449 Firmos
929 2386 1061 2450 omnino

106 2470 263 2534 exercitus
286 2470 452 2552 habemus,
476 2470 531 2534 sed
553 2475 672 2555 tamen,
694 2475 732 2535 ut
755 2473 877 2554 omnia,
899 2475 937 2535 ut
960 2492 1062 2555 spera,

105 2578 258 2640 prospere
280 2559 466 2641 procedant,
488 2559 626 2623 multum
649 2561 784 2624 interest
805 2562 838 2622 te
861 2561 983 2641 venire,
1011 2580 1062 2622 ex·

105 2645 183 2729 igua
215 2645 301 2708 enim
333 2667 406 2728 spes
438 2650 488 2710 est
517 2648 565 2710 rei
596 2648 742 2731 publicae
765 2684 809 2693 —
832 2669 908 2710 nam
940 2647 1063 2710 nullam

105 2753 174 2796 non
195 2732 276 2795 libet
299 2732 402 2797 dicere
426 2769 481 2816 -,
509 2735 578 2818 sed,
606 2755 825 2818 quaecumque
853 2739 915 2818 est,
945 2756 983 2799 ea
1010 2734 1062 2797 de·

106 2820 283 2902 spondetur
307 2842 392 2885 anno
416 2822 602 2886 consulatus
626 2823 683 2886 tui.
728 2821 818 2886 Vale.

563 3028 603 3095 X.

192 3140 249 3195 Ser.
268 3141 372 3196 Romae
387 3142 500 3196 ineunte
518 3159 612 3197 mense
632 3142 766 3208 Quinotili
784 3159 808 3197 a.
828 3162 855 3198 u.
875 3159 897 3197 o.
919 3148 977 3195 711.

398 3281 527 3337 CICERO
546 3281 670 3338 CASSIO
689 3283 764 3338 SAL.

173 3388 327 3474 Lepidus,
359 3394 434 3454 tuus
462 3391 585 3474 affinis,
616 3414 706 3457 meus
733 3391 916 3474 familiaris,
948 3412 994 3474 pr.
1022 3390 1098 3454 ΚΑ

107 3473 284 3551 Quinctiles
308 3480 476 3544 sententiis
500 3481 651 3546 omnibus
673 3479 783 3547 hostis
805 3502 829 3546 a
850 3482 975 3546 senatu
992 3477 1081 3542 'rudr-

153 3579 266 3620 aleatoris
279 3582 341 3630 epist.
354 3587 374 3626 Ι,
831 3591 871 3642 <25
