2370 3878
391 156 651 214 EPISTOLARUM
668 157 702 212 V.
721 162 762 212 12.
990 156 1052 221 137

93 303 247 369 materies
269 303 369 387 digna
391 281 545 367 facultate
573 305 606 366 et
634 302 727 385 copia
753 304 824 384 tua3
853 321 873 365 a
895 301 1053 386 principio
1072 315 1090 363 4

95 393 184 456 enim
198 390 430 456 coniurationis
444 411 545 473 usque
559 390 600 454 ad
614 389 753 454 reditum
767 393 916 454 nostrum
928 389 1055 456 videtur

93 480 177 544 milri
208 478 370 543 modicum
401 478 563 561 quoddam
591 497 707 562 corpus
736 478 849 542 confici
880 499 989 562 posse,
1020 479 1056 543 in

95 588 161 652 quo
194 570 226 631 et
261 567 317 630 illa
353 566 473 649 poteris
505 566 554 630 uti
590 566 731 630 civilium
767 568 1056 632 commutationum

97 655 232 720 scientia
259 655 310 720 rel
341 654 378 717 in
405 654 600 738 explicandis
627 655 735 718 'causis
762 676 869 719 rerum
898 675 1056 721 novarum

96 745 149 809 vel
170 744 206 807 in
228 741 377 807 remediis
400 743 687 826 incommodorum,
710 763 809 826 quum
831 747 865 807 et
885 744 1056 827 reprehen-

97 832 154 896 des
178 853 225 914 ea,
248 852 329 914 quae
349 829 562 914 vituperanda
581 830 686 913 duces,
709 834 750 914 et,
772 852 854 914 quae
873 831 1056 917 placebunt,

98 919 296 1004 exponendis
323 918 503 984 rationibus
532 918 770 1002 comprobabis,
793 922 838 1001 et,
867 920 895 982 si
916 919 1056 1004 liberius,

98 1012 136 1072 ut
159 1007 335 1090 consuesti,
367 1006 528 1091 agendum
556 1006 699 1090 putabis,
730 1007 905 1070 multorum
931 1007 967 1069 in
995 1029 1056 1072 nos

97 1095 279 1180 perfidiam,
310 1094 458 1178 insidias,
488 1094 705 1178 proditionem
732 1093 870 1157 notabis.
918 1093 1057 1158 Multam

99 1182 198 1247 etiam
230 1203 322 1248 casus
354 1183 459 1247 nostri
495 1182 684 1246 varietatem
720 1181 781 1244 tibi
816 1181 852 1245 in
888 1181 1057 1247 scribendo

100 1270 354 1354 suppeditabunt
385 1272 515 1354 plenam
548 1270 714 1334 cuiusdam
749 1269 939 1354 voluptatis,
975 1291 1057 1353 quae

98 1359 306 1423 vehementer
325 1359 450 1423 animos
467 1359 636 1422 hominum
653 1359 689 1421 in
705 1358 843 1443 legendo
860 1361 918 1423 tuo
937 1359 1057 1443 scripto

99 1447 237 1511 retinere
260 1447 376 1530 possit,
399 1447 481 1510 nihil
504 1450 552 1510 est
575 1447 661 1510 enirn
684 1447 791 1530 aptius
815 1446 855 1510 ad
874 1447 1057 1512 delectatio·

99 1557 176 1599 nem
194 1535 323 1599 lectoris
343 1556 439 1618 quam
453 1538 635 1618 temporum
653 1536 825 1599 varietates
844 1534 1058 1619 fortunaeque

100 1622 349 1687 vicissitudines:
382 1644 463 1705 quae
496 1623 557 1686 etsi
588 1623 682 1687 nobis
716 1623 874 1706 optabiles
903 1625 938 1688 in
965 1645 1057 1708 expe·

99 1710 213 1774 riendo
236 1731 304 1774 non
326 1710 467 1793 fuerunt,
488 1711 523 1774 in
546 1710 683 1795 legendo
701 1714 812 1775 tamen
831 1716 926 1776 erunt
946 1712 1058 1776 iucun-

101 1800 175 1881 dae,
197 1798 296 1862 habet
319 1799 405 1862 enim
425 1799 590 1881 praeteriti
609 1799 729 1863 doloris
748 1821 860 1863 secura
878 1800 1058 1864 recordatio

102 1886 361 1970 delectationem,
384 1887 498 1950 ceteris
520 1908 596 1950 vero
619 1887 710 1950 nulla
727 1886 905 1968 perfunctis
927 1888 1093 1970 propriso

101 1975 263 2057 molestia,
290 1995 383 2038 casus
411 1977 519 2038 autem
547 1974 669 2038 alienos
693 1973 762 2037 sine
784 1974 851 2037 ullo
879 1974 989 2039 dolore
1011 1975 1060 2038 in-

101 2062 268 2126 tuentibus
283 2063 384 2127 etiam·
394 2063 465 2145 ipsa
479 2061 697 2126 misericordia
711 2065 761 2125 est
773 2061 922 2126 iucunda.
958 2061 1060 2138 Quem

103 2151 189 2214 enim
211 2152 360 2215 nostrum
386 2150 440 2214 ille
467 2151 608 2214 moriens
636 2149 721 2233 apud
748 2148 949 2215 Mantineam
975 2150 1059 2234 Epa·

102 2238 274 2302 minandas
300 2258 369 2303 non
396 2259 469 2302 cum
497 2239 635 2322 quadam
662 2238 868 2304 miseratione
901 2239 1059 2303 delectat?

104 2327 158 2409 qui
181 2330 251 2390 tum
275 2327 412 2410 denique
435 2327 497 2390 sibi
520 2327 614 2390 evelli
636 2326 725 2391 iubet
745 2326 911 2412 spiculum,
933 2331 1059 2411 postca-

103 2435 201 2497 quam
228 2415 257 2478 ei
286 2415 491 2498 percontanti
518 2413 638 2479 dictum
666 2418 716 2478 est
742 2415 880 2499 clipeum
907 2435 976 2479 esse
1000 2417 1060 2480 sal-

103 2524 189 2586 vum,
211 2506 249 2566 ut
271 2503 369 2566 etiam
390 2503 425 2566 in
443 2503 585 2566 vulneris
609 2503 719 2567 dolore
738 2525 840 2586 aequo
860 2504 968 2567 animo
987 2525 1061 2567 cum

103 2591 198 2654 laude
225 2593 412 2655 moreretur.
457 2588 556 2655 Cuius
588 2591 731 2655 studium
761 2591 797 2654 in
827 2590 965 2675 legendo
993 2613 1061 2655 non

104 2682 246 2742 erectum
278 2677 524 2757 †Themistocli
559 2678 640 2763 fuga
675 2679 843 2763 redituque
879 2678 1060 2743 retinetur?

105 2767 224 2830 etenim
247 2766 326 2831 crdo
349 2767 418 2850 ipse
441 2766 839 2832 annalium'mediocriter
860 2787 921 2830 nos
943 2767 1061 2831 retinet

104 2856 197 2937 quasi
224 2855 465 2919 enumeratione
497 2855 671 2920 fastorum:
699 2857 733 2918 at
755 2855 815 2920 viri
839 2875 933 2939 saepe
961 2856 1061 2920 excel·

104 2943 201 3006 lentis
225 2943 381 3027 ancipites
402 2942 547 3026 variique
566 2964 659 3008 casus
676 2942 800 3008 habent
817 2942 1062 3010 admirationem

176 3129 227 3199 Ep.
253 3135 299 3199 12,
318 3137 343 3185 4.
389 3131 498 3201 lepeado
521 3137 570 3188 tao
592 3135 694 3203 scripto
716 3135 830 3189 retinere
853 3133 929 3204 (On).
981 3132 1062 3203 leuem

106 3199 167 3283 dote
184 3202 286 3282 amiyrto
303 3206 351 3255 ret.
369 3201 407 3255 Μ.
444 3202 554 3272 leucado
573 3203 609 3277 [te
626 3205 776 3328 scribtor&
788 3209 835 3260 ret.
854 3205 877 3258 B
896 3203 947 3272 (sio
962 3203 1060 3258 Graev.

106 3288 166 3326 ame
189 3274 287 3340 uncis).
312 3300 345 3311 -
368 3272 585 3339 delectationum
612 3276 706 3329 ceteris
729 3277 738 3343 (
778 3279 804 3344 .).
853 3275 1060 3330 deleautioaem.

106 3341 159 3396 Get.
184 3342 279 3412 vulgo.
326 3347 349 3396 5.
378 3348 493 3398 ereum
510 3343 708 3411 meminerit
729 3346 799 3415 faya
822 3347 963 3414 redituque
986 3345 1061 3413 (W.).

104 3430 139 3467 er.
163 3413 212 3467 Tu.
232 3414 252 3480 f.
272 3413 438 3484 interituque
456 3412 586 3486 (Ferret.)
605 3418 655 3470 aut
673 3431 709 3470 er.
731 3415 780 3469 Tlr.
804 3417 901 3470 cecilio
919 3419 970 3471 out
986 3415 1061 3473 Alci·

104 3484 195 3540 biudis
214 3484 283 3549 suaa
301 3485 443 3551 rediturae
461 3483 555 3552 (Schl.
592 3501 629 3540 er.
651 3484 701 3540 Tb.
722 3486 741 3540 t
760 3486 815 3540 red.
835 3486 900 3540 ΜΒ.
1035 3486 1040 3496 ’
