2370 3878
107 173 146 229 Μ.
164 172 288 228 TULLII
306 169 496 232 CICERONIS
515 169 774 226 EPISTOLARUM
792 170 865 226 XIV.
885 179 909 227 1.
946 173 1009 237 481

52 316 227 382 Lentulum
258 319 326 379 tam
358 313 550 397 studiosum,
583 335 680 398 quam
711 315 850 399 videtur,
883 316 910 379 si
936 338 1011 381 vero

52 405 153 469 etiam
166 402 357 488 Pompeium
375 406 407 467 ct
421 400 599 484 Caesarem,
617 423 684 467 non
702 407 752 467 est
770 401 1011 486 desperandum.

53 491 104 559 De
126 492 258 573 familia,
282 489 442 576 quomodo
465 490 623 574 placuisse
642 491 755 555 scribis
775 491 895 575 amicis,
917 491 1048 558 facie-3

54 601 135 645 mus.
181 578 230 645 De
252 581 336 662 loco,
363 600 449 643 nunc
472 577 600 662 quidem
626 578 692 642 iam
715 578 796 643 abiit
821 580 1013 663 pestilentia,

55 668 121 749 sed,
144 667 297 751 quamdiu
318 666 390 749 fuit,
412 686 463 730 me
486 687 554 731 non
576 665 693 750 attigit.
734 665 893 751 Plancius,
915 668 1013 734 homo

55 755 323 838 officiosissimus,
350 775 401 818 me
429 754 519 838 cupit
545 774 613 818 esse
642 774 750 818 secum
777 758 809 818 et
837 755 938 820 adhuc
966 779 1013 820 re·

55 844 147 908 tinet.
198 843 270 928 Ego
303 841 450 907 volebam
481 842 552 906 loco
584 841 688 926 magis
721 841 846 906 deserto
879 864 948 908 esse
979 846 1015 908 in

55 931 168 1015 Epiro,
191 952 254 1014 quo
278 951 382 1014 neque
405 928 482 995 Piso
504 930 629 994 veniret
650 950 710 994 nec
733 929 860 1013 milites,
882 932 938 997 sed
961 933 1015 996 ad·

56 1020 121 1084 huc
144 1018 295 1083 Plancius
318 1039 369 1082 me
391 1018 521 1083 retinet:
545 1021 654 1103 sperat
675 1038 770 1103 posse
790 1017 870 1102 fieri,
892 1023 929 1083 ut
950 1041 1014 1084 me-

57 1128 132 1171 cum
154 1107 189 1170 in
211 1106 341 1171 Italiam
363 1105 509 1189 decedat3
537 1126 632 1189 quem
659 1127 720 1191 ego
744 1105 828 1170 diem
856 1105 884 1170 si
906 1106 1014 1172 videro

57 1199 91 1259 et
119 1195 146 1260 si
172 1194 208 1258 in
234 1198 378 1262 vestrum
405 1195 606 1278 complexum
632 1214 750 1259 venero
779 1215 816 1258 ac
844 1195 871 1258 si
899 1197 931 1259 et
957 1217 1015 1260 vos

57 1287 156 1347 etms
170 1282 277 1366 ipsum
294 1303 493 1367 recuperaro,
512 1282 590 1348 satis
608 1302 764 1368 magnum
777 1280 857 1346 mihi
875 1281 1016 1348 fructum

58 1370 192 1435 videbor
210 1371 389 1454 percepisse
408 1374 441 1435 et
458 1375 584 1435 vestrae
597 1371 729 1456 pietatis
747 1374 780 1434 et
793 1391 891 1437 meae.
927 1370 1015 1436 Piso·
1034 1394 1052 1444 4

59 1460 111 1523 nis
134 1458 334 1542 humanitas,
360 1459 476 1542 virtus,
504 1479 594 1524 amor
620 1459 656 1524 in
679 1480 791 1524 omnes
818 1481 878 1525 nos
905 1463 1016 1524 tantus

58 1551 118 1629 est,
136 1551 174 1610 nt
191 1547 273 1611 nihil
291 1568 388 1630 supra
405 1547 522 1632 possiti
540 1547 665 1615 utinam
684 1569 722 1613 ca
740 1569 791 1612 res
810 1549 840 1613 ei
857 1549 1016 1632 voluptati

60 1635 115 1699 sit!
140 1636 262 1720 gloriae
286 1634 414 1718 quidem
436 1635 529 1701 video
552 1635 631 1702 fore.
676 1635 725 1702 De
749 1635 785 1712 Q.
812 1637 912 1701 fratre
934 1637 1017 1700 nihil

59 1743 121 1807 ego
153 1728 186 1788 te
219 1724 377 1807 accusavi,
410 1723 465 1788 sed
496 1746 569 1809 vos,
601 1746 699 1808 quum
731 1726 920 1808 praesertim
948 1729 1016 1788 tam

59 1810 154 1893 pauci
179 1812 259 1895 sitis,
281 1810 368 1876 volui
392 1832 462 1876 esse
485 1834 582 1895 quam
605 1813 895 1877 coniunctissimos.
941 1811 1016 1887 Qui·
1035 1833 1052 1883 5

59 1899 120 1962 bus
144 1918 195 1964 me
217 1898 348 1964 voluisti
371 1919 465 1983 agere
489 1901 627 1984 gratias,
650 1899 702 1984 egi
725 1902 831 1964 etms
854 1902 928 1963 ate
951 1920 1017 1964 cer-

59 1987 176 2051 tiorem
206 1986 329 2051 factum
365 2007 434 2052 esse
467 1987 589 2071 scripsi.
643 1986 736 2063 Quod
773 1987 813 2051 ad
845 2008 910 2070 me,
946 2009 1018 2052 mea

60 2073 225 2158 Terentia,
257 2073 369 2138 scribis
400 2077 433 2138 te
456 2076 563 2140 vicum
592 2075 809 2158 venditurum,
841 2075 930 2160 quid,
962 2076 1017 2140 ob·

60 2182 150 2227 secro
173 2167 263 2226 te-
277 2182 328 2226 me
350 2162 516 2227 miserum!
539 2199 592 2247 -‚
615 2163 691 2248 quid
714 2162 860 2228 futurum
882 2162 953 2228 est?
977 2168 1017 2247 et,

60 2251 88 2313 si
115 2271 176 2314 nos
207 2252 332 2332 premet
358 2250 470 2315 eadem
495 2251 641 2335 fortuna,
669 2249 746 2334 quid
772 2271 871 2336 puero
899 2252 1016 2317 misero

12 2350 14 2354 ’
59 2336 137 2401 fiet?
178 2335 255 2401 Non
278 2358 360 2420 queo
383 2338 507 2422 reliqua
529 2339 723 2404 scribere-
737 2342 831 2403 tanta
853 2339 902 2404 vis
925 2340 1016 2404 lacri-

59 2445 186 2488 marum
209 2429 259 2489 est
281 2461 336 2509 -,
363 2447 467 2509 neque
493 2430 526 2492 te
553 2428 589 2491 in
616 2425 752 2492 eundem
779 2427 891 2493 fletum
918 2428 1016 2493 addu-

59 2533 145 2593 cam3
172 2515 300 2578 tantum
327 2514 444 2579 scribo:
473 2515 501 2579 si
524 2519 619 2580 erunt
640 2516 675 2579 in
703 2515 810 2581 officio
834 2516 941 2600 amici,
963 2536 1016 2599 pe·

59 2601 157 2664 cunia
188 2621 256 2665 non
288 2600 401 2684 deerit3
438 2603 465 2667 si
497 2623 564 2669 non
596 2607 703 2688 erunt,
734 2608 770 2669 tu
803 2603 928 2669 efficere
960 2608 1017 2667 tua

58 2688 196 2771 pecunia
219 2709 286 2754 non
307 2690 438 2773 poteris.
473 2690 536 2755 Per
556 2692 705 2756 fortunas
724 2693 857 2757 miseras
879 2695 1017 2773 nostras,

58 2776 141 2858 vide,
164 2797 205 2841 ne
227 2798 362 2860 puerum
384 2779 546 2862 perditum
564 2779 748 2862 perdamus;
771 2780 822 2844 cui
845 2780 873 2844 si
896 2778 1016 2864 aliquid

58 2865 130 2946 erit,
152 2885 194 2928 ne
213 2869 316 2949 egeat,
337 2866 490 2930 mediocri
508 2868 626 2930 virtute
646 2888 727 2951 opus
746 2870 795 2932 est
813 2871 846 2932 et
864 2867 1017 2932 mediocri

56 2950 204 3035 fortuna,
230 2956 268 3016 ut
291 2956 396 3017 cetera
419 2956 643 3038 consequatur.
687 2952 753 3018 Fac
779 2956 888 3020 valeas
916 2958 949 3020 et
975 2955 1052 3024 ada

58 3059 110 3102 me
133 3039 319 3104 tabellarios
341 3040 463 3124 mittas,
485 3043 523 3105 ut
540 3041 648 3125 sciam,
672 3039 748 3126 quid
771 3045 888 3128 agatur
908 3045 940 3105 et
957 3064 1015 3106 vos

58 3126 136 3209 quid
164 3129 278 3212 agatis.
327 3126 408 3192 Mihi
437 3129 569 3194 omnino
595 3129 662 3193 iam
690 3128 796 3194 brevis
820 3129 1015 3213 exspectatio

129 3351 262 3419 E.1‚3.
299 3353 437 3418 faciemus.
480 3353 524 3409 Dc
546 3354 603 3410 loco
621 3355 734 3425 (vulgo).
780 3354 817 3420 ᾗς
839 3354 872 3409 de
889 3353 906 3408 l.
930 3353 960 3407 Β.
981 3383 1014 3393 -—

57 3422 134 3561 (1353
147 3427 157 3490 (
172 3426 259 3546 alul.
279 3424 402 3563 ἒξῗὲοΜ.
439 3422 530 3494 Hispo
547 3424 592 3492 N„
610 3424 641 3478 Β.
679 3432 703 3478 5.
741 3423 890 3478 adducam:
908 3428 1015 3478 tautum
1068 3510 1075 3521 .

114 3580 226 3621 ciceronis
238 3581 301 3629 episc
313 3582 332 3621 L
778 3591 813 3640 ῃ
