2370 3878
145 138 210 202 278
428 137 465 190 Μ.
485 135 608 189 TULLII
626 133 816 189 CICERONIS

144 282 358 366 intelligerem
384 282 417 343 te
445 301 515 344 esse
543 283 752 361 commotum,
779 284 812 344 et
840 301 899 365 ego
927 280 988 345 tibi
1011 303 1102 346 aecu-

144 375 214 436 rate
237 369 472 453 rescripseram,
494 371 532 432 ut
552 389 676 452 quoquo
694 368 789 432 modo
813 369 849 432 in
870 369 929 432 tali
952 391 986 433 re
1005 375 1103 454 atque

144 464 290 543 tempore
313 461 370 522 aul
391 457 562 521 liberarem
588 461 621 520 te
645 457 708 520 isla
730 478 807 521 eura
830 461 887 521 aul
910 461 994 522 certe
1017 459 1104 523 leva·

110 562 227 630 arem3
255 546 324 630 sed,
351 546 504 629 quoniam
526 545 679 628 proximis
703 566 829 629 quoque
856 547 972 611 litteris
996 550 1103 611 osten-

146 637 209 719 dis,
236 638 376 719 quanlas
397 634 459 698 tibi
486 655 580 698 aurae
608 634 651 698 sii
677 655 715 697 ea
741 656 807 718 res,
834 635 893 718 sio,
924 636 970 698 mi
995 634 1103 719 Paete,

145 725 278 790 habeto:
307 722 462 807 quidquid
489 726 558 786 arte
589 722 660 786 fieri
681 723 824 806 poiuerit
850 759 892 770 -
920 744 989 789 non
1016 725 1103 788 enim

146 815 211 878 iarn
235 812 313 876 satis
336 815 386 877 est
408 811 543 877 oonsilio
566 831 724 896 pugnare:
748 811 919 876 artificium
942 813 1103 896 quoddam

147 900 396 986 excogitandum
419 904 468 964 esi
481 937 534 982 -,
557 899 612 964 sed
629 903 748 981 tamen,
771 900 925 983 quidquid
944 901 1103 965 elaborari

148 993 204 1054 aut
227 988 312 1054 effici
333 989 476 1072 poluerit
498 988 539 1052 ad
561 988 697 1053 istorum
717 988 975 1054 benevolentiam
998 992 1103 1054 oonoi·

147 1078 290 1143 liandam
313 1081 346 1142 el
368 1077 591 1162 colligendam,
614 1098 738 1141 summo
758 1076 864 1141 studio
883 1099 933 1142 me
952 1099 1102 1144 consecu-

21 1226 27 1233 .
147 1171 218 1231 tum
241 1187 319 1247 esse,
342 1187 401 1229 neo
423 1165 556 1246 frustra,
584 1173 622 1230 ul
644 1165 796 1248 arbitror3
823 1166 869 1229 sio
897 1166 983 1230 enim
1007 1167 1103 1249 color,

148 1255 193 1319 sio
217 1255 370 1319 observor
392 1254 432 1317 ab
456 1253 605 1318 omnibus
626 1253 675 1337 iis,
699 1254 754 1337 qui
771 1274 792 1317 a
811 1251 946 1318 Caesare
965 1254 1103 1338 diligun-

147 1346 210 1426 tur,
232 1345 270 1406 ut
293 1342 333 1406 ab
355 1341 395 1404 iis
418 1363 469 1405 me
492 1342 593 1405 amari
615 1345 740 1425 pulem3
766 1342 896 1406 tametsi
918 1363 987 1407 non
1009 1342 1103 1406 facile

148 1430 341 1495 diiudicatur
359 1450 450 1495 amor
468 1450 561 1495 verus
580 1433 613 1493 el
630 1429 733 1512 fiotuS,
753 1430 816 1494 nisi
835 1431 964 1513 aliquod
982 1430 1103 1494 inoidat

149 1517 305 1582 eiusmodi
327 1521 469 1601 tempus,
491 1521 540 1601 ui,
568 1518 660 1602 quasi
688 1540 802 1582 aurum
824 1519 907 1603 igni,
935 1519 980 1582 sio
1007 1519 1103 1583 bene·

149 1605 291 1670 volentia
317 1605 420 1670 fidelis
446 1606 588 1690 periculo
612 1607 719 1691 aliquo
746 1607 885 1691 perspici
911 1607 1026 1690 possid,
1054 1627 1103 1670 oe-

149 1698 219 1759 tera
242 1698 319 1759 sunt
341 1694 435 1779 signa
453 1695 648 1777 communia3
671 1694 727 1758 sed
745 1714 810 1783 ¹ego
829 1716 895 1760 uno
913 1698 987 1760 utor
1010 1716 1104 1780 argu·

34 1862 37 1871 Ι
149 1785 274 1867 mento,
301 1783 509 1866 quamobrem
532 1804 582 1848 me
607 1803 645 1846 ex
672 1783 780 1847 animo
808 1805 944 1867 vereque
968 1783 1104 1847 arbitrer

150 1870 250 1957 diligi,
273 1872 349 1954 quia
371 1875 405 1936 et
426 1874 538 1937 nostra
559 1870 692 1935 fortuna
715 1893 754 1935 ea
776 1875 826 1936 esl
848 1875 881 1935 et
902 1872 1045 1954 illorum,
1068 1875 1104 1936 ui

114 1972 131 2021 a
150 1959 323 2025 simulandi
345 1981 443 2024 eausa
464 1980 531 2024 non
555 1960 605 2024 sis.
641 1959 690 2023 De
713 1960 768 2023 illo
793 1963 910 2043 autem,
932 1981 1027 2044 quem
1050 1983 1103 2044 pe·

149 2070 208 2114 nes
231 2052 280 2113 esi
303 2049 407 2113 omnis
430 2050 592 2132 poteslas,
614 2048 696 2112 nihil
718 2047 824 2131 rideo,
852 2045 937 2132 quod
964 2049 1104 2131 timeam,

150 2137 214 2200 nisi
237 2136 322 2221 quod
345 2137 454 2201 omnia
476 2139 552 2200 sunt
573 2136 710 2218 inoerla,
732 2155 831 2220 quum
854 2158 874 2200 a
895 2136 964 2201 iure
988 2136 1103 2201 disces-

152 2246 222 2288 sum
241 2227 299 2306 esi,
321 2245 381 2288 neo
400 2224 558 2308 praestari
576 2223 750 2308 quidquam
768 2227 884 2308 potesl,
907 2225 999 2309 quale
1017 2224 1103 2288 futu·

150 2333 223 2374 rum
246 2313 297 2393 sit,
320 2311 405 2394 quod
427 2313 570 2396 positum
592 2315 642 2376 esi
659 2313 695 2376 in
714 2313 845 2377 alterius
864 2314 1038 2394 voluntate,
1061 2333 1103 2375 ne

152 2399 255 2463 dicam
282 2399 426 2482 libidine3
458 2399 514 2464 sed
545 2404 655 2464 lamen
683 2401 750 2465 eius
777 2401 878 2485 ipsius
906 2400 996 2465 nulla
1022 2421 1056 2464 re
1085 2423 1104 2463 a

151 2509 202 2551 me
226 2488 366 2552 offensus
398 2491 448 2552 est
478 2488 617 2571 animus,
644 2491 694 2553 esi
720 2489 806 2553 enim
834 2488 978 2554 adhibila
1009 2488 1105 2575 inea

151 2597 185 2640 re
212 2576 283 2661 ipsa
310 2597 435 2641 summa
462 2597 481 2639 a
507 2578 601 2641 nobis
628 2577 818 2662 moderatio,
850 2581 887 2642 ul
913 2577 1000 2642 enim
1028 2577 1105 2641 olim

152 2665 332 2729 arbilrabar
350 2680 419 2729 esse
438 2686 544 2729 meum
562 2665 661 2729 libere
678 2666 776 2749 loqui,
797 2667 886 2731 ouius
906 2686 1003 2750 opera
1021 2670 1106 2730 esset

151 2752 186 2816 in
209 2753 338 2817 oivilale
360 2752 502 2837 libertas,
524 2753 570 2817 sio
593 2774 631 2817 ea
653 2775 739 2819 nuno
762 2754 881 2819 amissa
903 2753 985 2818 nihil
1007 2754 1105 2837 loqui,

152 2840 237 2923 quod
261 2841 403 2905 offendat
422 2844 480 2906 aui
500 2841 587 2906 illius
606 2846 663 2907 aui
685 2864 805 2925 eorum,
828 2843 883 2927 qui
901 2842 941 2907 ab
960 2842 1016 2907 illo
1034 2842 1104 2906 dili-

152 2930 285 3012 guntur,
312 2930 525 3012 voluntalem
552 2929 692 3016 effugere
719 2933 827 2995 autem
850 2931 878 2996 si
906 2930 1003 2995 velim
1025 2952 1105 2996 non-

151 3016 315 3081 nullorum
343 3020 435 3083 aoute
464 3022 520 3083 aul
546 3018 650 3084 facete
673 3019 832 3084 dictorum
856 3018 991 3100 famam,
1017 3019 1106 3083 fama

150 3105 274 3190 ingenii
296 3105 376 3171 mihi
403 3110 453 3171 est
475 3106 666 3191 abiicienda,
693 3107 792 3191 quod,
816 3108 844 3172 si
869 3128 1012 3192 possem,
1038 3129 1106 3173 non

221 3262 272 3332 Ep.
294 3269 335 3330 lo,
350 3269 373 3318 2.
406 3268 515 3332 palem
533 3264 640 3319 taowlsl
658 3263 710 3330 (sio
724 3262 807 3332 Orat,
825 3263 961 3335 Madvig.)
1039 3278 1106 3319 oom-

150 3334 263 3396 monia
289 3335 335 3388 sed
362 3334 438 3403 (W.).
487 3338 591 3404 palem.
627 3351 693 3389 uam
718 3335 767 3388 etsi
848 3350 884 3401 a,
910 3335 957 3391 sed
983 3333 1049 3391 ΜΒ.
1072 3364 1106 3373 -

129 3401 343 3538 [ilgffssmm
361 3405 447 3475 (W.)?
487 3411 512 3460 3.
540 3405 608 3462 midi
630 3409 669 3462 est
687 3405 844 3461 abiicienda
869 3405 936 3475 (M.).
972 3421 1007 3460 aa.
1025 3405 1063 3461 sit
1080 3421 1107 3458 α.
