2370 3878
189 149 252 213 150
468 149 504 201 M.
525 148 648 203 TULLII
666 148 858 205 CICERONIS

186 297 316 377 captum
338 292 459 355 iamdiu
482 296 544 376 est,
574 294 612 357 de
635 314 699 376 quo
723 293 764 357 ad
786 298 832 377 te,
858 314 927 359 non
950 316 1017 379 quo
1040 298 1140 363 celau-

186 383 245 445 dus
273 401 372 463 esses,
399 380 480 443 nihil
508 381 621 464 scripsi
648 386 757 464 antea,
784 382 840 446 sed
862 383 939 466 qnia
966 386 1138 451 communi·

186 470 270 532 catio
293 468 419 533 consilii
436 468 496 531 tali
513 472 657 552 tempore
676 470 768 553 quasi
787 470 945 553 quaedam
963 472 1139 539 admonitio

185 557 401 620 videturesse
426 556 524 620 officii
546 558 596 621 vel
618 558 726 640 potius
749 557 940 643 efflagitatio
964 561 1008 625 ad
1029 568 1138 627 cotuu-

186 646 260 708 dam
283 644 469 709 societatem
496 646 547 708 vel
569 646 702 728 periculi
729 647 780 710 vel
807 647 941 730 laboris3
968 669 1046 714 cum
1067 670 1138 715 vero

185 755 224 797 ea
245 736 302 797 tua
326 733 368 796 sit
394 734 557 817 voluntas,
585 734 783 818 humanitas,
810 735 1040 801 benevolentia
1067 759 1139 824 erga

184 842 248 905 me,
275 821 413 884 libenter
441 821 617 904 amplector
639 823 737 885 talem
760 823 917 907 animum,
944 824 1002 888 sed
1030 826 1078 890 ita
1100 862 1137 873 -

184 930 252 974 non
275 909 361 973 enim
384 909 543 973 dimittam
566 910 720 992 pudorem
743 911 779 974 in
796 912 942 996 rogando
962 934 1073 978 meum
1086 938 1137 979 -ε

185 999 212 1061 si
234 998 347 1062 feceris
370 998 416 1081 id,
440 998 525 1081 quod
550 998 705 1081 ostendis,
732 1020 885 1084 magnam
911 1000 1042 1067 habebo
1070 1024 1137 1087 gre·

183 1088 276 1171 tiam,
305 1087 332 1151 si
354 1108 422 1150 non
444 1087 570 1170 feceris,
599 1086 779 1171 ignoscam,
807 1091 839 1151 et
862 1088 1000 1151 alterum
1023 1090 1138 1175 timori,

184 1175 320 1239 alterum
351 1174 430 1237 mihi
461 1178 494 1238 te
524 1195 643 1258 negare
674 1196 742 1239 non
773 1176 915 1258 potuisse
943 1177 1137 1261 arbitrabor;

184 1267 233 1326 est
264 1263 350 1326 enim
381 1283 432 1325 res
464 1263 608 1345 profecto
641 1263 792 1326 maxima:
824 1263 900 1347 quid
932 1268 1060 1331 rectum
1091 1268 1137 1349 sir,

184 1354 330 1432 apparet,
359 1349 434 1431 quid
462 1350 622 1433 expediat,
650 1350 821 1415 obscurum
851 1355 912 1435 est,
944 1352 992 1416 ita
1022 1358 1136 1437 tamen,

183 1442 228 1521 ut,
252 1439 278 1500 si
301 1459 361 1501 nos
384 1438 408 1499 ii
432 1459 554 1521 sumus,
578 1438 724 1520 quiesse
748 1440 912 1523 debemus,
934 1440 967 1503 id
991 1446 1052 1525 est,
1075 1446 1135 1507 stu·

183 1525 235 1589 dio
260 1525 350 1610 digni
373 1546 410 1588 ac
427 1526 544 1589 litteris
562 1527 692 1610 nostris,
715 1527 861 1591 dubitare
880 1548 947 1591 non
968 1530 1136 1612 possimus,

183 1614 261 1695 quin
289 1635 326 1677 ea
353 1613 490 1677 maxime
519 1614 713 1699 conducant,
745 1636 826 1698 qnae
853 1615 920 1679 sint
948 1617 1135 1682 rectissima.

182 1700 287 1776 Quare
309 1705 359 1785 tu,
387 1702 414 1765 si
437 1703 532 1766 simul
554 1702 707 1786 placebit,
735 1704 844 1767 statim
872 1703 912 1766 ad
940 1725 991 1768 me
1015 1706 1135 1789 venies,

182 1791 232 1855 sin
260 1791 344 1855 idem
376 1791 516 1874 placebit
543 1795 639 1874 atque
672 1792 783 1856 eodem
810 1813 870 1855 nec
897 1793 1055 1858 continuo
1082 1816 1135 1879 po·

181 1880 271 1963 teris,
300 1880 409 1945 omnia
435 1880 496 1944 tibi
522 1883 559 1943 ut
586 1883 664 1943 nota
692 1880 769 1962 sint,
798 1880 923 1943 faciam.
974 1879 1135 1966 Quidquid

181 1970 339 2051 statueris,
361 1972 394 2032 te
416 1969 496 2032 mihi
520 1969 665 2051 amicum,
690 1968 739 2032 sin
759 1967 800 2051 id,
823 1968 908 2051 quod
928 1972 1015 2052 opto,
1039 1972 1135 2034 etiam

181 2057 408 2120 amicissimum
429 2057 587 2121 iudicabo.

615 2264 688 2330 XX.

247 2385 304 2442 Ser.
325 2386 362 2440 ad
380 2386 477 2440 urbem
495 2385 586 2441 medio
605 2403 699 2442 mense
718 2387 848 2442 Ianuario
867 2403 892 2443 a
911 2404 939 2442 u.
957 2402 980 2442 o.
1002 2392 1063 2441 705.

527 2527 655 2582 CICERO
676 2527 782 2583 RUFO.

145 2647 160 2696 ι
246 2636 375 2720 Quoquo
397 2636 493 2701 modo
516 2637 705 2720 potuissem,
727 2640 759 2701 te
783 2635 1012 2720 convenissem,
1035 2638 1064 2703 si
1087 2659 1134 2720 eo,

179 2746 242 2808 quo
266 2726 492 2808 constitueras,
519 2725 627 2788 venire
650 2726 818 2808 uoluisses3
842 2747 953 2809 quare,
980 2724 1043 2789 etsi
1071 2726 1135 2790 mei

179 2813 339 2877 commodi
365 2835 461 2878 causa
484 2834 683 2878 commovere
706 2835 756 2877 me
779 2814 926 2897 noluisti,
953 2816 1066 2877 tamen
1088 2814 1135 2879 ita

179 2900 340 2965 existimes
367 2901 475 2985 velim,
502 2923 553 2965 me
581 2903 798 2965 antelaturum
820 2902 932 2985 fuisse,
962 2901 990 2965 si
1013 2900 1055 2965 ad
1084 2923 1134 2967 me

178 2989 332 3073 misisses,
354 2990 554 3054 voluntatem
576 2993 667 3054 tuam
690 2990 856 3055 commodo
880 3011 960 3053 mec.
1006 2988 1060 3053 Ad
1088 3012 1135 3073 ea,

179 3101 260 3162 quae
284 3078 447 3162 scripsisti,
470 3079 666 3143 commodius
686 3079 832 3162 equidem
854 3100 983 3162 possem
1006 3078 1045 3142 de
1070 3079 1134 3143 sin-

179 3168 262 3252 gulis
294 3167 335 3230 ad
366 3170 399 3232 te
431 3167 526 3232 rebus
558 3167 709 3250 scribere,
741 3167 768 3231 si
795 3165 838 3231 M.
863 3166 999 3249 Tullius,
1027 3168 1136 3231 scriba

247 3412 298 3483 Ep.
321 3419 362 3481 19,
377 3417 401 3465 a.
438 3428 508 3481 quae
528 3412 586 3466 ciat
611 3412 761 3466 rectissima
784 3412 858 3479 (Wu.
922 3452 927 3463 .
950 3414 1016 3464 suat
1037 3426 1061 3464 r.
1087 3411 1137 3480 M,

178 3482 271 3553 vulgo.
291 3513 325 3523 —
343 3484 472 3539 continuo
486 3483 591 3553 poteris
609 3481 713 3551 (Crat).
750 3498 772 3536 c.
787 3482 889 3551 poterit
940 3481 970 3535 Β.
