2370 3878
335 179 594 236 EPISTOLARUM
611 180 685 235 xm.
705 186 818 236 ee-u.
987 180 1052 244 473

525 392 622 458 LXX.

377 504 435 560 Scr.
453 505 559 560 Romae
578 522 602 559 a.
621 522 648 559 u.
667 521 690 559 0.
710 511 769 560 708.

147 627 184 683 M.
204 627 335 682 CICERO
349 626 379 681 P.
400 626 568 682 SERVILIO
588 626 779 682 COLLEGAE
799 626 874 682 SAL.
893 628 997 686 PLUR.

167 726 249 804 Quia
271 749 339 791 non
366 730 416 791 est
438 727 573 790 obscura
599 730 656 790 tua
682 727 718 790 in
744 748 795 790 me
823 729 1053 811 benevolentia,

96 817 148 899 fit,
174 819 212 879 ut
238 815 332 879 multi
358 835 416 898 per
442 835 493 877 me
524 814 585 877 tibi
607 815 709 878 velint
736 816 964 899 commendari3
993 838 1053 901 ego

97 908 207 968 autem
229 904 337 967 tribuo
360 924 602 986 nonnumquam
629 903 664 965 in
686 904 815 987 vulguS,
839 904 895 967 sed
916 906 1052 987 plerum·

98 1013 161 1076 que
183 991 380 1073 necessariis,
402 995 438 1053 ut
460 991 521 1054 hoc
539 994 696 1073 tempore3
719 1012 805 1073 nam,
827 1013 900 1054 cum
922 991 957 1055 T.
976 992 1053 1056 Am-

97 1080 153 1163 pio
176 1078 279 1143 Balbo
307 1079 387 1142 mihi
415 1100 540 1142 summa
562 1078 764 1142 familiaritas
791 1079 1054 1163 necessitudoque

99 1171 163 1231 est:
195 1168 262 1231 eius
294 1167 458 1250 libertum,
490 1166 526 1230 Τ.
558 1166 712 1250 Ampium
743 1164 969 1250 Menandrum,
998 1168 1054 1231 ho·

99 1255 220 1319 minem
252 1255 338 1338 frugi
369 1259 401 1318 et
432 1254 628 1337 modestum,
665 1257 698 1318 et
728 1258 865 1337 patrono
898 1258 930 1318 et
960 1255 1054 1319 nobis

98 1343 305 1406 vehementer
331 1343 515 1426 probatum,
541 1344 602 1406 tibi
629 1343 817 1407 commendo
844 1342 998 1407 maiorem
1020 1344 1056 1406 in

99 1431 239 1494 modum.
285 1429 500 1494 Vehementer
522 1430 602 1493 mihi
625 1434 753 1514 gratum
775 1431 898 1514 feceris,
921 1432 963 1515 si,
987 1432 1054 1515 qui-

99 1518 295 1601 buscumque
319 1519 414 1582 rebus
437 1519 506 1583 sine
528 1521 586 1582 tua
603 1520 750 1582 molestia
767 1520 898 1603 poteris,
922 1521 950 1583 ei
971 1541 1054 1583 com-

99 1605 254 1670 modaris:
279 1606 364 1689 quod
382 1609 419 1670 ut
436 1606 545 1691 facias,
567 1610 600 1671 10
619 1607 823 1672 vehementer
842 1609 939 1672 etiam
958 1612 1055 1694 atquc

100 1694 197 1757 etiam
220 1713 308 1778 rogo.

523 1868 636 1934 LXXI.

378 1978 435 2035 Cer.
454 1980 560 2035 Romae
578 1998 603 2035 a.
622 1999 649 2037 u.
668 1998 691 2036 c.
711 1986 771 2038 708.

205 2103 242 2157 M.
262 2103 392 2159 CICERO
412 2104 439 2160 S.
458 2104 490 2158 D.
510 2105 540 2158 P.
561 2105 729 2159 SERVILIO
748 2101 947 2159 COLLECAE.

167 2201 287 2267 Multos
318 2204 379 2268 tibi
407 2205 626 2270 commendem
653 2226 782 2270 necesse
809 2208 870 2282 est,
902 2205 1054 2288 quoniam

99 2290 248 2354 omnibus
276 2296 354 2356 nota
380 2297 492 2356 nostra
518 2294 718 2358 necessitudo
752 2296 800 2357 est
830 2296 949 2376 tuaque
976 2315 1054 2379 erga

98 2399 150 2441 me
179 2378 415 2463 benevolentia,
449 2381 504 2444 sed
530 2385 653 2464 tamen,
685 2382 746 2445 etsi
773 2381 915 2447 omnium
948 2404 1053 2465 causa,

100 2486 180 2550 quos
204 2468 406 2549 commendo,
433 2469 513 2532 velle
537 2469 650 2553 debeo,
677 2473 786 2533 tamen
809 2491 882 2533 cum
904 2470 1052 2534 omnibus

98 2574 165 2616 non
189 2555 298 2617 cadem
322 2556 401 2618 mihi
430 2577 526 2621 causa
553 2562 609 2621 est.
655 2557 690 2621 Τ.
718 2557 859 2640 Agusius
888 2560 920 2620 et
947 2578 1052 2620 comes

98 2663 188 2705 meus
211 2642 274 2705 fuit
295 2643 351 2706 illo
374 2644 552 2709 miserrimo
575 2650 719 2729 tempore
742 2648 775 2708 et
798 2644 941 2708 omnium
959 2644 1052 2707 itine-

97 2750 183 2811 rum,
205 2731 462 2815 navigationum,
485 2734 645 2809 laborum‚
672 2731 885 2815 periculorum
908 2753 1052 2796 meorum

98 2817 216 2901 socius,
244 2839 348 2902 neque
375 2819 436 2883 hoc
463 2823 607 2902 tempore
631 2819 828 2883 discessisset
856 2842 875 2882 a
897 2841 961 2903 me,
989 2820 1053 2883 nisi

97 2925 158 2987 ego
182 2906 211 2968 ei
234 2907 464 2988 permisissem:
489 2929 586 2990 quare
610 2907 654 2971 sic
676 2907 736 2970 tibi
760 2929 832 2970 eum
855 2909 1052 2991 commende,

96 2995 133 3056 ut
155 3015 255 3056 unum
279 2993 317 3056 de
340 2995 420 3057 meis
444 2994 626 3058 domesticis
649 2999 681 3057 et
699 2995 836 3059 maxime
856 2996 1051 3060 necessariis.

95 3079 287 3165 Pergratum
311 3081 391 3145 mihi
413 3081 534 3165 feceris,
558 3082 585 3145 si
608 3103 680 3145 eum
703 3082 749 3146 ita
766 3085 924 3165 tractaris,
946 3087 983 3146 ut
1003 3084 1052 3146 in·

94 3169 221 3253 telligat
243 3170 327 3233 hanc
350 3170 659 3234 commendationem
683 3171 745 3234 sibi
767 3192 887 3255 magno
909 3171 982 3234 usui
1004 3172 1051 3233 at-

95 3277 156 3339 que
181 3257 364 3321 adiumento
387 3258 494 3322 fuisse.

166 3430 217 3498 Ep.
239 3437 279 3485 70.
308 3432 406 3497 00000,
423 3432 461 3498 aa
477 3431 552 3501 (W.).
589 3431 624 3498 1.,
637 3432 677 3485 sic
694 3431 726 3498 fit
739 3430 889 3500 M.,vulgo.
908 3460 944 3469 —
962 3435 1051 3485 autem

93 3500 124 3554 iu
143 3502 234 3555 tribuo
252 3501 337 3569 (W.)?
372 3502 424 3570 Ep.
443 3508 484 3556 71.
507 3517 607 3572 000900
625 3502 691 3556 usui
705 3502 786 3572 (1112).
821 3519 858 3556 ru.
876 3516 931 3556 usu
945 3501 1056 3569 MR.
