2370 3878
337 183 599 240 EPISTOLARUM
617 182 676 239 Vn.
696 190 720 238 e.
741 190 766 239 ³.
965 179 1027 246 197
1105 268 1108 274 Ι

67 330 107 396 in
130 330 276 396 oratione
298 330 346 394 ita
369 329 521 413 crudeles,
543 331 581 393 ut
602 329 708 413 ipsam
730 328 898 393 victoriam
918 327 1028 394 horre·

68 440 155 503 rem3
181 419 357 484 maximum
381 422 488 483 autem
512 438 566 482 aes
589 418 730 482 alienum
757 416 1030 500 amplissimorum

69 508 228 573 virorum:
255 507 332 591 quid
355 505 504 590 quaeris?
536 505 618 569 nihil
640 505 718 570 boni
741 508 868 589 praeter
890 526 1030 570 causam.

71 594 162 671 Quae
185 616 284 678 quum
306 595 473 680 uidissem,
499 594 673 678 desperans
700 593 869 659 victoriam
889 593 1030 678 primum

72 683 165 767 coepi
188 683 321 748 suadere
343 698 470 769 pacem,
497 683 587 747 cuius
609 682 735 749 fueram
758 703 883 766 semper
905 684 1031 765 auctor,

72 771 202 855 deinde,
230 793 329 855 quum
352 771 392 835 ab
416 792 455 836 ea
478 771 639 836 sententia
659 770 832 854 Pompeius
859 769 952 834 valde
976 770 1030 834 ab·

71 859 232 943 honeret,
264 860 398 924 suadere
419 859 566 944 institui,
592 861 630 923 ut
655 858 776 923 bellum
799 857 941 922 duceret:
968 859 1031 924 hoo

71 947 236 1011 interdum
258 947 419 1032 probabat
436 948 522 1012 etin
540 968 578 1011 ea
596 945 758 1012 sententia
774 945 944 1010 videbatur
961 945 1031 1011 fore

73 1039 109 1100 et
129 1035 246 1100 fuisset
267 1036 416 1119 fortasse,
437 1036 501 1100 nisi
525 1035 664 1119 quadam
686 1055 725 1098 ex
743 1053 855 1118 pugna
872 1035 1033 1118 coepisset

74 1123 142 1188 suis
169 1124 325 1188 militibus
358 1123 526 1188 confidere.
571 1118 622 1186 Ex
653 1143 691 1186 eo
723 1125 868 1205 tempore
900 1122 951 1186 vir
977 1123 1031 1186 ille

74 1232 219 1276 summus
242 1213 351 1276 nullus
373 1212 548 1296 imperator
569 1210 644 1275 fuit:
668 1210 763 1295 signa
783 1210 890 1274 tirone
913 1212 947 1274 et
968 1211 1031 1274 col·

73 1299 200 1364 lecticio
228 1300 367 1364 exercitu
396 1321 469 1364 oum
490 1299 673 1384 legionibus
696 1298 929 1363 robustissimis
957 1319 1031 1362 con·

73 1387 164 1471 tulit,
190 1389 295 1452 victus
321 1389 507 1472 turpissime
531 1388 657 1452 amissis
685 1386 782 1451 etiam
806 1387 920 1451 custus
944 1387 1032 1452 solus

74 1475 169 1560 fugit.
214 1475 311 1539 Hunc
334 1496 394 1560 ego
417 1476 498 1540 mihi
520 1477 597 1541 belli
618 1476 717 1540 finem
743 1474 806 1539 feci
828 1496 889 1540 nec
911 1475 1032 1560 putavi,
1050 1490 1067 1539 3

76 1584 176 1645 quum
197 1563 317 1647 integri
339 1585 433 1647 pares
455 1586 523 1629 non
545 1564 731 1649 fuissemus,
752 1563 874 1630 fractos
898 1581 955 1628 nos
981 1585 1032 1629 su·

75 1651 218 1735 periores
241 1651 323 1714 fore:
351 1651 483 1716 discessi
510 1652 551 1716 ab
574 1673 612 1717 eo
634 1653 734 1736 bello,
760 1653 796 1715 in
823 1673 887 1735 quo
915 1653 1034 1717 autin

77 1738 145 1804 acie
169 1738 347 1802 cadendum
369 1738 433 1803 fuit
456 1740 569 1805 autin
591 1740 715 1824 aliquas
737 1740 872 1804 insidias
890 1740 1032 1805 inciden-

77 1827 154 1892 dum
186 1829 243 1891 aut
274 1827 508 1891 deveniendum
538 1828 574 1891 in
605 1828 737 1892 victoris
764 1848 881 1892 manus
909 1832 966 1892 aut
992 1829 1033 1892 ad

77 1913 192 1980 Iubam
219 1914 472 2000 confugiendum
503 1919 560 1979 aut
587 1916 761 2000 capiendus
787 1920 955 1999 tamquam
982 1937 1033 1981 ex·

78 2002 150 2067 silio
172 2004 263 2069 locus
287 2007 344 2068 aut
366 2003 593 2068 consciscenda
615 2025 703 2068 mors
725 2003 921 2087 voluntaria3
949 2006 1034 2069 certe

77 2091 161 2156 nihil
191 2092 255 2156 fuit
281 2095 460 2176 praeterea,
493 2092 521 2157 si
547 2095 579 2156 te
605 2092 721 2156 victori
751 2092 855 2157 nolles
883 2095 1034 2158 autnon

79 2180 212 2245 auderes
236 2181 444 2245 committere.
488 2179 541 2245 Ex
568 2180 718 2246 omnibus
741 2184 849 2244 autern
870 2179 924 2264 iis,
952 2201 1034 2264 quae
1118 2187 1121 2191 '

79 2268 157 2353 dixi,
183 2269 396 2334 incommodis
418 2269 500 2334 nihil
522 2269 722 2341 tolerabilius
744 2269 869 2354 exsilio,
891 2290 1034 2354 praeser-

77 2357 138 2420 tim
168 2358 348 2440 innocenti,
384 2358 440 2422 ubi
470 2358 562 2422 nulla
593 2358 745 2423 adiuncta
776 2361 826 2423 est
856 2358 1034 2442 turpitudo,

79 2443 162 2509 addo
185 2446 292 2530 etiam,
315 2468 414 2530 quum
437 2466 475 2510 ea
497 2446 576 2512 urbe
599 2467 717 2530 careas,
739 2446 774 2510 in
797 2466 861 2530 qna
877 2446 960 2510 nihil
983 2445 1035 2530 sit,

79 2533 165 2616 quod
186 2534 294 2599 videre
321 2535 426 2618 possis
454 2533 524 2599 sine
551 2534 673 2601 dolore:
700 2554 761 2620 ego
790 2556 863 2599 cum
885 2535 979 2617 meis,
1006 2535 1034 2600 si

79 2621 253 2706 quidquam
275 2643 362 2687 nuno
385 2623 660 2707 cuiusquamest,
682 2622 780 2688 etiam
802 2623 838 2686 in
860 2622 940 2687 meis
963 2643 1033 2687 esse

78 2710 186 2774 malui.
232 2709 320 2786 Quae
353 2711 550 2797 acciderunt,
578 2712 688 2777 omnia
714 2712 780 2776 dixi
805 2711 929 2794 lutura3
959 2711 1070 2776 venir

78 2797 219 2883 domum,
241 2819 309 2864 non
332 2822 395 2883 quo
414 2800 538 2885 optima
555 2800 684 2865 vivendi
702 2799 848 2865 condicio
867 2801 960 2884 esset,
978 2799 1034 2864 sed

77 2889 198 2969 tamen,
221 2886 249 2950 si
271 2891 357 2952 esset
374 2887 483 2972 aliqua
499 2888 606 2953 forma
623 2889 670 2953 rei
689 2889 846 2974 publicae,
868 2891 1034 2973 tamquam

78 2973 114 3036 in
136 2973 243 3056 patria
268 2976 306 3039 ut
333 2996 451 3058 essem,
474 2975 501 3039 si
528 2976 631 3059 nulla,
658 2980 824 3061 tamquam
850 2978 886 3042 c'u
913 2977 1033 3042 exsilio.

78 3057 218 3124 Mortem
240 3061 321 3125 mihi
343 3082 400 3126 cur
422 3062 661 3149 consciscerem,
684 3085 781 3130 causa
798 3086 866 3130 non
883 3066 953 3130 risa
976 3068 1034 3147 est,

79 3167 136 3211 cur
163 3151 323 3231 optarem,
348 3149 469 3215 multae
496 3170 624 3236 causae,
655 3156 748 3219 vetus
775 3156 825 3219 est
851 3153 950 3217 enim:
977 3151 1034 3215 ubi

148 3371 200 3443 Ep.
220 3379 245 3441 3,
260 3380 283 3429 3.
320 3375 423 3442 fructos
440 3392 490 3432 uoe
507 3378 659 3446 capacem
677 3378 752 3448 (W.).
792 3378 853 3444 fis.
872 3377 919 3445 M,
937 3376 1031 3447 vulgo.

77 3447 261 3570 ἓωξζιῖἷηααη
283 3445 316 3500 iu
328 3446 428 3516 patrio
449 3452 482 3503 ut
499 3463 592 3517 1111111,
610 3450 636 3504 si
653 3449 733 3504 uallo
750 3448 780 3503 B.
800 3464 891 3503 errore
911 3447 1033 3517 quodam
