2370 3878
345 169 604 226 EPISTOLARUM
622 170 681 224 Vll.
700 176 742 224 23.
762 175 803 224 24.
989 169 1053 232 217

93 314 207 400 Nicia,
233 315 319 399 quod
345 315 374 379 is
401 315 515 398 utitur,
542 318 581 379 ut
608 315 683 397 scis,
709 313 912 379 familiariter
934 312 1055 379 Cassio.

95 402 146 471 Ut
167 403 248 469 redii
270 406 392 487 autem,
418 403 606 487 priusquam
628 407 701 466 tuas
724 403 788 487 legi
811 403 870 466 has
894 403 1055 486 proximas

94 494 237 576 litteras,
263 491 407 576 quaesivi
434 492 473 556 de
501 512 572 555 mea
595 491 714 574 Tullia,
738 491 814 575 quid
837 492 968 576 egisset:
998 512 1055 576 per

95 580 258 647 Liciniam
280 600 314 645 66
341 580 446 665 egisse
469 579 596 644 dicebat
619 616 660 625 —
685 579 740 643 s'ecl
771 580 886 662 opinor
909 578 1055 644 Cassium

95 670 147 734 uti
168 690 238 734 non
259 668 306 733 ita
333 670 470 732 multum
498 689 607 732 sorore
630 691 686 750 -3
714 690 784 733 eam
811 690 907 752 porro
936 689 1055 753 negare

97 778 132 823 66
157 757 282 841 audere,
305 778 404 839 quum
427 757 477 820 vir
499 757 626 821 abesset
645 793 686 803 -
706 761 755 821 est
778 758 863 821 enirn
890 757 1055 841 profectus

96 846 133 911 in
160 844 353 929 Hispaniam
370 846 393 924 1
410 844 531 909 Dexius
554 882 611 928 —,
641 845 697 909 illo
730 849 764 909 61
792 846 926 909 absente
953 851 985 910 et
1007 847 1055 910 111-

97 935 221 1001 sciente
234 934 392 1018 migrare.
437 932 499 997 Est
525 934 605 997 mihi
628 933 847 1017 gratissimum
873 935 958 999 tanti
981 956 1001 998 a
1022 938 1055 998 te

98 1022 302 1087 aestimatam
334 1022 600 1087 consuetudinem
632 1022 717 1085 vitae
749 1023 915 1105 vietusque
943 1024 1056 1106 nostri,

97 1111 239 1195 primum
270 1113 308 1173 ut
340 1131 413 1174 eam
445 1110 575 1175 domurn
607 1131 761 1193 sumeres,
792 1114 830 1173 ut
860 1131 928 1173 non
959 1111 1054 1174 modo

98 1220 200 1283 prope
218 1218 279 1282 me,
303 1199 359 1262 sed
377 1199 472 1282 plane
491 1219 616 1262 meeum
634 1198 780 1261 habitare
798 1219 918 1282 posses
941 1198 1055 1261 deinde

97 1290 138 1352 ut
159 1286 298 1371 migrare
322 1290 416 1351 tanto
440 1308 535 1369 opere
557 1286 699 1350 festines
745 1284 808 1350 Sed
830 1307 871 1350 ne
894 1286 1009 1369 vivam,
1029 1286 1056 1349 si

98 1375 160 1440 tibi
183 1375 334 1459 concedo,
357 1377 393 1438 ut
416 1375 483 1438 eius
507 1375 552 1438 rei
575 1378 611 1438 tu
635 1374 779 1457 cupidior
799 1374 852 1457 sis,
875 1396 972 1458 quam
995 1395 1055 1458 ego

100 1485 185 1528 sum:
207 1463 317 1547 itaque
340 1463 450 1527 omnia
472 1463 629 1546 experiar3
652 1462 744 1527 video
768 1463 863 1546 eninr,
886 1463 962 1547 quid
985 1484 1057 1526 mea

98 1551 242 1635 intersit,
274 1551 350 1634 quid
377 1551 542 1633 utriusque
575 1554 731 1615 nostrum.
777 1549 812 1616 Si
843 1552 919 1635 quid
952 1573 1057 1636 egero,

99 1639 228 1723 faciam,
245 1643 282 1703 ut
296 1640 392 1704 seias:
411 1644 447 1704 tu
466 1643 499 1703 et
517 1641 557 1703 ad
577 1640 686 1704 omnia
699 1641 854 1704 rescribes
869 1644 909 1723 et,
928 1640 1056 1723 quando

81 1731 134 1792 'te
157 1731 351 1812 exspectem,
373 1728 471 1792 facies
495 1750 561 1811 me,
584 1728 611 1791 si
633 1728 694 1792 tibi
716 1728 856 1810 videtur,
880 1729 1056 1793 certiorem.

518 1938 638 2003 111111.
682 1913 686 1920 ’

175 2048 231 2105 Sor.
251 2048 282 2104 in
300 2049 458 2104 Tusculano
478 2049 603 2117 (ineunte
621 2068 657 2104 m.
677 2048 767 2119 0611)
787 2067 811 2104 a.
830 2068 857 2104 u.
877 2067 899 2104 c.
920 2055 979 2104 709.

268 2177 312 2230 Μ.
331 2174 460 2230 CICERO
480 2174 507 2229 S.
526 2175 559 2229 D.
578 2174 614 2228 M.
634 2173 745 2228 FADIO
765 2173 893 2230 GALLO.

169 2273 299 2340 Amoris
322 2275 451 2358 quidem
472 2274 534 2358 tui,
561 2296 689 2359 quoquo
713 2296 763 2339 me
790 2276 885 2356 verti,
914 2274 1059 2359 vestigia,

101 2365 154 2429 v'el
176 2364 321 2448 proxime
344 2364 382 2427 de
404 2364 554 2447 Tigelli03
577 2365 663 2428 sensi
686 2365 771 2427 enirn
795 2386 834 2428 ex
855 2364 971 2427 litteris
993 2363 1058 2426 tuis

101 2451 196 2517 valde
227 2456 260 2516 te
291 2452 472 2517 laborasse:
504 2474 577 2516 arno
609 2453 709 2537 igitur
740 2452 949 2517 voluntatem.
996 2450 1059 2515 sed

102 2560 207 2624 pauca
230 2540 268 2604 de
292 2562 334 2604 re.
380 2538 504 2624 Cipius,
527 2541 656 2624 opinor,
679 2540 769 2605 olim:
796 2562 882 2624 „non
910 2539 1058 2604 omnibus

103 2627 257 2693 dormio“:
291 2629 336 2692 sio
363 2649 424 2713 ego
452 2649 520 2692 non
548 2628 696 2693 omnibus
702 2679 711 2711 ,
742 2628 786 2691 mi
810 2627 914 2710 Galle,
941 2628 1057 2709 servi03

103 2717 165 2780 etsi
188 2738 269 2801 quae
297 2720 346 2780 est
372 2717 456 2781 haec·
484 2717 642 2782 servitus?
675 2716 765 2798 olim,
797 2738 896 2799 quum
922 2735 1058 2799 regnare

103 2805 375 2888 existimabamur,
396 2827 464 2869 non
482 2808 549 2868 tam
571 2805 611 2869 ab
625 2805 709 2888 ullis,
728 2826 824 2887 quam
839 2804 900 2868 hoc
913 2808 1058 2888 ternpore

104 2893 257 2958 observor
280 2916 299 2957 a
321 2893 580 2957 familiarissimis
599 2891 744 2957 Caesaris
764 2893 913 2957 omnibus
931 2896 1059 2976 praeter

102 2981 216 3046 istum:
242 2982 275 3046 id
303 3003 363 3066 ego
391 2982 426 3044 in
452 2981 549 3045 lucris
572 3002 672 3064 pono,
699 3002 767 3044 non
789 2980 872 3044 ferre
895 2982 1059 3046 hominem

103 3070 357 3153 pestilentiorem
379 3069 485 3152 patria
508 3090 579 3150 sua,
607 3090 742 3151 eumque
766 3069 927 3133 addictum
950 3069 1014 3131 iam
1038 3067 1059 3146 †

102 3161 173 3221 tum
195 3162 275 3241 puto
299 3179 368 3221 6666
387 3155 478 3220 Calvi
495 3155 612 3220 Licinii
630 3156 855 3240 Hipponacteo
878 3156 1059 3240 praeconio

102 3243 150 3310 At
180 3246 265 3331 vide,
298 3246 374 3329 quid
402 3247 598 3310 suscenseat:
630 3245 790 3309 Phameae
819 3265 948 3308 eausam
975 3258 1094 3307 rece-2

173 3437 225 3507 Ep.
245 3442 287 3504 23,
302 3443 328 3490 4.
368 3437 477 3491 videtur
495 3436 562 3504 (M.)
605 3436 742 3491 videbitur
764 3435 808 3502 N,
827 3434 858 3488 Β.
903 3433 955 3504 Ep.
975 3438 1018 3500 24,
1034 3440 1058 3488 1.

102 3509 159 3563 iam
172 3512 190 3576 †
203 3514 262 3563 tum
280 3508 355 3576 (W.).
392 3507 571 3562 iamdudum
589 3506 644 3576 (L.)
