2370 3878
299 239 300 242 p
346 175 742 233 marcomanicum.
764 184 803 233 14.
988 180 1050 245 521

97 324 125 387 is
154 322 282 406 quidem
310 323 433 407 exilior,
461 345 557 407 quam
586 322 613 388 si
639 323 700 388 tibi
727 327 760 388 te
788 324 894 408 ipsum
923 325 1053 390 intuens

99 412 291 496 gratularer,
319 412 374 475 sed
401 416 511 477 tamen
539 415 572 476 et
598 412 660 475 feci
683 415 779 476 antea
806 416 837 476 et
859 413 943 478 facio
966 435 1053 478 nunc

97 501 219 583 tibique
243 521 341 583 quum
359 521 418 584 pro
439 522 546 564 rerum
564 501 797 588 magnitudine,
819 523 898 585 quas
917 503 1054 587 gessisti,

98 593 167 652 tum
189 609 248 671 pro
277 590 519 672 opportunitate
545 589 700 671 temporis
728 590 885 675 gratulor,
913 590 998 674 quod
1020 595 1053 654 te

99 676 137 740 de
168 677 336 760 provincia
368 677 573 741 decedentem
603 699 728 741 summa
759 678 830 743 laus
864 683 897 742 et
929 701 1053 743 summa

98 766 203 849 gratia
225 765 410 848 provinciae
433 769 603 848 prosecuta
625 768 687 848 est,
718 767 850 830 tertium
873 770 930 850 est,
952 771 989 831 ut
1011 767 1052 851 id,
1071 778 1088 825 4

98 853 183 935 quod
197 852 236 916 de
255 853 375 917 nostris
393 853 488 918 rebus
510 874 618 917 coram
632 855 956 918 communicassemus
969 856 1054 919 inter

98 963 167 1024 nos,
191 941 397 1005 conficiamus
425 942 509 1005 idem
538 942 663 1006 litteris.
708 940 781 1026 Ego
806 945 983 1006 ceterarum
1005 965 1053 1008 re·

98 1051 170 1092 rum
193 1050 290 1093 causa
312 1029 373 1094 tihi
395 1029 532 1094 Romam
555 1030 792 1114 properandum
815 1050 934 1114 magno
959 1053 1054 1114 opere

99 1138 214 1181 censeo
238 1154 280 1163 —
304 1139 381 1181 nam
408 1121 442 1182 et
468 1139 520 1202 ea,
547 1139 628 1201 quae
656 1119 783 1201 reliqui,
812 1119 988 1201 tranquilla
1015 1120 1053 1183 de

98 1210 130 1268 te
155 1209 247 1269 erant
270 1210 302 1270 et
328 1205 389 1270 hac
416 1209 474 1270 tua
501 1207 623 1270 recenti
651 1206 786 1271 victoria
812 1209 905 1270 tanta
932 1208 1054 1271 clarum

82 1298 190 1357 tuum
214 1294 388 1358 adventum
409 1294 479 1359 fore
501 1295 648 1379 intelligo
664 1319 719 1378 -3
742 1295 808 1379 sed,
830 1295 956 1377 siquae
978 1299 1054 1359 sunt

100 1403 198 1445 onera
221 1386 364 1465 tuorum,
383 1383 410 1446 si
432 1386 526 1446 tanta
546 1386 630 1466 sunt,
652 1386 690 1447 ut
708 1405 746 1447 ea
764 1385 922 1447 sustinere
940 1384 1053 1467 possis,

98 1491 236 1553 propera
250 1507 294 1517 —
307 1470 389 1535 nihil
407 1471 468 1534 tibi
486 1472 548 1535 erit
564 1472 693 1553 lautius,
715 1472 797 1536 nihil
816 1472 987 1556 gloriosius
1001 1508 1053 1555 —‚

100 1558 151 1621 sin
173 1560 309 1643 maiora,
336 1559 517 1644 considera,
543 1581 584 1624 ne
607 1561 642 1624 in
665 1560 895 1626 alienissimum
925 1564 1052 1644 tempus

100 1647 194 1710 cadat
221 1647 378 1712 adventus
406 1653 490 1713 tuus.
539 1647 644 1713 Huius
673 1649 720 1712 rei
746 1652 852 1712 totum
883 1648 1053 1712 consilium

98 1738 190 1799 tuum
214 1739 276 1819 est,
303 1740 339 1801 tu
372 1736 457 1801 enim
485 1737 561 1820 scis,
589 1735 665 1819 quid
693 1737 849 1800 sustinere
877 1737 993 1819 possis:
1026 1737 1054 1800 si

98 1826 200 1905 potes,
222 1824 383 1888 laudabile
407 1827 503 1907 atque
526 1824 681 1907 populare
705 1826 766 1906 est3
794 1825 845 1886 sin
867 1825 963 1906 plane
986 1845 1053 1888 non

99 1913 201 1994 potes,
224 1912 340 1975 absens
357 1912 527 1976 hominum
546 1932 708 1977 sermones
727 1911 852 1975 facilius
871 1911 1053 1976 sustinebis.

99 1997 148 2060 De
180 2020 231 2062 me
264 2002 371 2062 autem
403 2000 487 2063 idem
510 2003 617 2063 tecum
643 1999 695 2063 his
723 2019 785 2083 ago
814 1999 944 2082 litteris,
967 1999 1088 2082 quoda

100 2086 317 2169 superioribus
340 2087 409 2171 egi,
430 2091 468 2150 ut
491 2109 601 2151 omnes
624 2090 698 2152 tuos
720 2108 836 2151 nervos
859 2087 894 2150 in
917 2109 955 2151 eo
978 2108 1052 2151 con·

98 2174 223 2258 tendas,
245 2196 286 2238 ne
309 2175 386 2258 quid
409 2175 489 2239 mihi
507 2175 548 2239 ad
565 2175 651 2238 hanc
671 2175 878 2258 provinciam,
901 2196 998 2258 quam
1021 2180 1053 2240 et

100 2266 230 2326 senatus
263 2265 296 2325 et
326 2264 464 2346 populus
488 2285 630 2327 annuam
652 2284 721 2327 esse
752 2263 868 2346 voluit,
898 2264 1052 2346 temporis

99 2354 304 2434 prorogetur:
331 2350 394 2415 hoc
417 2373 436 2414 a
458 2355 491 2414 te
514 2352 560 2415 ita
583 2351 753 2432 contendo,
775 2354 812 2415 ut
833 2351 869 2414 in
891 2372 928 2416 eo
951 2351 1052 2416 fortu-

79 2451 159 2500 lnas
183 2459 270 2502 meas
298 2439 421 2522 positas
444 2442 564 2522 putem,
608 2437 718 2503 Habes
733 2438 882 2503 Paullum
904 2442 1052 2503 nostrum

99 2526 202 2590 nostri
230 2525 484 2610 cupidissimum
516 2531 565 2592 est
593 2524 703 2611 Curio,
735 2531 784 2592 est
806 2525 954 2591 Furnius.
1000 2525 1053 2592 Sic

98 2614 194 2678 velim
222 2615 357 2698 enitare,
385 2617 476 2699 quasi
498 2617 534 2680 in
561 2637 598 2681 eo
628 2616 693 2680 sint
720 2615 800 2679 mihi
827 2616 944 2679 omnia.
988 2614 1087 2680 lix-o

97 2706 236 2767 tremum
259 2704 338 2769 illud
362 2708 411 2768 est
433 2705 472 2768 de
495 2704 548 2788 iis,
571 2725 653 2788 quae
676 2724 915 2787 proposueram,
938 2704 1051 2767 confir·

99 2792 197 2855 matio
230 2796 360 2856 nostrae
393 2793 567 2874 amicitiae,
603 2791 642 2856 de
674 2813 738 2874 qua
769 2792 914 2875 pluribus
946 2793 1051 2856 verbis

98 2877 180 2941 nihil
209 2900 290 2961 opus
318 2882 379 2942 est:
410 2883 448 2942 tu
474 2900 554 2963 puer
580 2901 631 2942 me
660 2879 825 2965 appetisti,
856 2900 915 2964 ego
944 2883 1052 2944 autem

98 2985 224 3047 semper
248 2969 437 3030 ornamento
466 2970 499 3029 te
521 2965 601 3029 mihi
623 2966 693 3030 fore
721 2967 809 3050 duxi,
836 2967 927 3031 fuisti
954 2969 1051 3031 etiam

97 3052 258 3133 praesidio
282 3052 475 3117 tristissimis
492 3053 571 3117 meis
590 3055 803 3138 temporibus3
826 3055 960 3119 accessit
976 3061 1052 3139 post

96 3143 189 3202 tuum
217 3140 392 3221 discessum
419 3141 622 3204 familiaritas
649 3143 729 3206 mihi
760 3164 832 3207 cum
859 3141 961 3206 Bruto
992 3146 1049 3207 tuo

168 3366 219 3435 Ep.
240 3372 285 3434 14,
305 3373 331 3421 4.
367 3383 457 3423 censeo
475 3399 508 3408 -
526 3385 592 3424 uam
679 3372 794 3434 iat-5
819 3369 867 3422 sed
951 3384 995 3436 pr.
1015 3397 1049 3410 ·-

94 3437 165 3490 ailad
244 3439 312 3506 plor.
332 3468 380 3504 -‚
398 3441 443 3493 sia
461 3438 536 3507 (W.).
573 3455 609 3494 c:
626 3456 692 3494 nam
771 3443 822 3492 rat.
859 3437 913 3492 Sed
987 3455 1049 3508 pr.;

94 3525 121 3559 a.
143 3549 166 3560 ..
185 3509 238 3578 9l.;
254 3510 300 3562 sin
318 3508 411 3578 vulgo:
431 3539 464 3548 -
477 3511 583 3581 possis:
601 3511 626 3565 st
644 3510 721 3580 (W).
754 3525 785 3578 1).
814 3507 847 3564 Si
862 3509 966 3579 uulgo.
