2370 3878
151 159 215 224 408
433 159 470 213 u.
490 158 613 214 roam
631 158 821 235 oioaaoms

151 304 346 368 labefactare
369 324 455 386 eum,
482 302 537 386 qui
560 324 684 367 summa
712 325 784 367 cum
806 307 863 369 tua
886 305 1005 368 iniuria
1034 327 1112 371 con·

151 392 346 474 tumeliaque
359 391 405 454 rei
419 391 566 474 publicae
580 392 778 475 provinciam
793 393 908 456 absens
926 393 1113 478 obtinebat3

151 480 258 563 itaque
277 479 405 543 crebras
423 480 474 543 vel
492 479 600 562 potius
619 480 822 562 quotidianas
843 481 1113 564 compellationes

151 589 239 630 meas
261 588 329 631 non
351 567 427 631 tulit
449 588 545 650 seque
567 566 603 629 in
624 568 737 631 urbem
759 569 879 652 recepit
894 569 1031 652 inritus3
1053 592 1110 634 ne-

152 677 213 738 que
237 655 340 719 solum
363 677 428 739 spe,
451 655 506 719 sed
530 659 617 718 certa
638 677 673 718 re
695 656 760 718 iarn
781 659 814 718 et
830 657 1036 740 possessione
1057 658 1109 722 de·

150 743 300 808 turbatus
331 747 381 807 est
407 764 478 808 meo
509 743 685 807 iustissimo
712 743 1003 828 honestissimoque
1033 767 1109 810 con-

151 832 243 896 vicio.
297 830 343 895 Te
378 835 468 895 tuam
505 830 696 915 dignitatem
734 853 858 896 summa
893 835 951 897 tua
986 833 1112 898 virtute

150 920 293 984 tenuisse
319 920 565 1003 provinciaeque
591 918 768 983 honoribus
796 920 1002 1003 amplissimis
1032 922 1108 985 affe-

152 1011 239 1072 ctum
260 1008 465 1072 vehementer
489 1006 623 1091 gaudeo.

115 1115 132 1162 3
218 1094 309 1171 Quod
331 1099 364 1160 te
386 1095 466 1159 mihi
489 1095 527 1160 de
552 1093 740 1178 Sempronio
758 1116 889 1180 purgas,
913 1097 1036 1180 accipio
1056 1120 1107 1163 ex-

152 1184 365 1265 cusationem3
395 1183 459 1247 fuit
490 1183 576 1247 enim
607 1182 686 1247 illud
718 1184 879 1266 quoddam
905 1185 927 1263 †
955 1205 1107 1269 graecum

150 1275 278 1356 tempus
301 1270 472 1336 servitutis.
507 1270 589 1356 Ego,
612 1274 741 1335 tuorum
764 1272 972 1336 consiliorum
993 1277 1109 1337 auctor

152 1361 382 1445 dignitatisque
404 1359 522 1443 fautor,
544 1360 644 1423 iratus
667 1359 865 1443 temporibus
888 1361 923 1423 in
937 1358 1107 1426 Graeciam

152 1448 319 1532 desperata
341 1447 489 1511 libertate
511 1447 667 1531 rapiebar,
690 1469 789 1530 quum
807 1469 857 1512 me
877 1449 994 1513 etesiae
1014 1449 1107 1532 quasi

151 1537 229 1599 boni
252 1536 336 1600 cives
359 1535 592 1618 relinquentem
614 1557 682 1599 rem
698 1536 861 1618 publicam
879 1537 1031 1620 prosequi
1049 1559 1106 1601 no-

151 1625 294 1708 luerunt,
324 1625 493 1705 austerque
526 1623 676 1687 adversus
708 1624 846 1688 maximo
879 1624 958 1688 flatu
986 1646 1037 1689 me
1065 1625 1107 1688 ad

152 1711 285 1776 tribules
307 1714 381 1775 tuos
394 1711 533 1796 Regium
555 1712 689 1795 rettulit,
712 1715 808 1796 atque
831 1712 906 1775 inde
929 1713 1035 1776 ventis
1058 1734 1107 1776 re·
1175 1784 1177 1796 Α

151 1800 212 1863 mis
234 1800 269 1864 in
291 1800 430 1884 patriam
453 1799 540 1864 omni
563 1799 770 1864 festinatione
797 1801 967 1883 properavi
990 1801 1107 1885 postri-

152 1888 265 1972 dieque
296 1889 331 1952 in
358 1909 483 1952 summa
507 1888 704 1972 reliquorum
731 1888 883 1952 servitute
912 1888 994 1952 liber
1022 1909 1110 1953 unus

115 1975 207 2041 4fui.
253 1975 305 2041 Sic
337 1998 408 2040 sum
434 1976 469 2040 in
496 1975 677 2041 Antonium
703 1975 862 2058 invectus,
894 1980 931 2039 ut
957 1977 1011 2040 ille
1039 1998 1109 2041 non

151 2064 250 2129 ferret
272 2085 462 2148 omnemque
490 2086 583 2128 suum
605 2064 807 2128 vinulentum
828 2064 970 2129 furorem
996 2064 1110 2128 in-me

151 2173 252 2217 unum
275 2152 452 2217 effunderet
473 2173 586 2236 meque
609 2155 679 2215 tum
702 2152 815 2216 elicere
842 2153 939 2215 vellet
967 2151 1007 2215 ad
1036 2172 1108 2216 cae-

152 2240 201 2304 dis
215 2261 354 2324 causam,
366 2243 436 2304 tum
449 2243 623 2324 temptaret
635 2239 772 2320 insidiis3
793 2261 888 2323 quem
902 2261 962 2324 ego
978 2243 1109 2304 ructan-

151 2331 217 2392 tem
249 2331 282 2391 et
311 2331 522 2392 nauseantem
554 2328 675 2393 conieci
701 2328 736 2392 in
763 2325 908 2392 Caesaris
936 2326 1110 2392 Octaviani

151 2418 278 2501 plagas3
301 2437 380 2499 puer
398 2417 484 2480 enim
502 2417 650 2500 egregius
669 2415 863 2499 praesidium
882 2416 944 2480 sibi
966 2415 1109 2500 primum

152 2507 185 2567 et
206 2504 313 2588 nobis,
341 2504 454 2568 deinde
483 2525 624 2568 summae
647 2505 693 2567 rei
720 2503 866 2589 publicae
894 2504 1110 2588 comparavit3

152 2593 207 2676 qui
229 2593 293 2657 nisi
314 2593 443 2676 fuisset,
465 2591 602 2655 Antonii
624 2592 744 2656 reditus
768 2613 787 2656 a
808 2591 982 2657 Brundisio
1006 2592 1110 2676 pestis

151 2681 275 2765 patriae
309 2681 433 2745 fuisset.
492 2678 579 2754 Quae
616 2679 765 2764 deinceps
802 2684 874 2745 acta
911 2680 989 2763 sint,
1027 2680 1109 2744 scire

116 2773 184 2835 ste
212 2769 359 2833 arbitror.
405 2767 467 2833 Sed
487 2768 654 2832 redeamus
675 2769 763 2852 illuc,
787 2768 872 2833 unde
900 2768 1109 2832 devertimus:

152 2857 274 2940 accipio
307 2856 544 2921 excusationem
575 2859 665 2921 tuam
697 2856 735 2920 de
768 2853 971 2940 Semproni03
1002 2877 1110 2939 neque

153 2945 238 3009 enim
268 2946 382 3009 statuti
413 2944 489 3030 quid
524 2946 559 3009 in
590 2948 683 3010 tanta
714 2945 956 3029 perturbatione
987 2944 1108 3008 habere

151 3033 294 3118 potuisti.
702 3034 706 3042 ’
751 3111 754 3117 Ι

195 3155 292 3223 Nunc
318 3156 371 3222 hio
403 3157 470 3222 dies
503 3157 599 3221 aliam
625 3156 726 3220 vitam
756 3155 862 3239 affert,
893 3156 973 3220 alios
1001 3176 1109 3221 mores

470 3245 627 3329 postulat,

221 3417 273 3488 Ep.
288 3424 330 3487 25,
346 3424 370 3473 3.
399 3436 423 3488 q.
443 3434 550 3473 caccum
568 3423 671 3486 tenipus
685 3417 757 3484 (edd.
773 3419 869 3488 aliq.)?
889 3447 922 3459 -
943 3417 1017 3473 amai
1035 3417 1110 3484 festi·

136 3489 256 3544 natione
274 3489 331 3558 (M,
352 3489 459 3563 vulgo).
500 3488 535 3564 [o.
556 3488 592 3563 fi]
608 3488 770 3558 Ruhnken,
784 3489 820 3542 B.
