2370 3878
184 134 249 198 134
463 136 500 190 n.
520 136 644 192 runnu
662 137 852 195 oronuours
894 100 897 107 ’

607 403 647 467 X.
671 405 702 468 b.

282 519 339 577 Scr.
359 523 489 578 Naronae
508 523 597 577 Nonis
616 523 818 580 Decembribus
837 543 861 580 a.
881 545 906 581 u.
927 544 950 582 c.
971 534 1030 585 709.

180 667 456 680 -----------
500 630 573 716 Ego
600 637 676 717 post
698 635 949 718 supplicationes
976 639 1058 703 mihi
1086 640 1140 706 de·

152 804 156 810 Ι
180 723 283 784 cretas
306 721 341 785 in
362 720 560 785 Dalmatiam
582 721 746 805 profectus
771 743 854 806 sum,
885 745 940 788 sex
963 727 1083 810 oppida
1107 731 1140 794 vi

180 810 399 893 oppugnando
423 810 492 892 cepi
515 809 597 848 *³¹⁸*
612 810 629 848 ’¹‘
644 810 662 848 '¹‘
676 810 697 888 †
711 832 825 894 unum,
852 811 928 895 hoc,
957 815 1044 896 qnod
1068 822 1141 882 erat

179 898 363 982 maximum,
386 902 498 981 quater
517 919 537 962 a
554 918 605 961 me
624 898 689 961 iam
708 902 851 983 captum3
875 902 1028 982 quattuor
1050 905 1139 969 eninr

178 987 283 1051 turres
307 991 340 1051 et
362 990 514 1070 quattuor
536 1007 645 1050 muros
668 987 738 1070 cepi
762 990 794 1051 et
817 1008 922 1052 arcem
952 1010 1065 1054 eorum
1087 995 1137 1057 to·

178 1077 254 1157 tam,
271 1096 316 1138 ex
339 1097 402 1158 qua
424 1097 475 1139 me
498 1075 597 1158 niveS,
619 1074 755 1159 frigora,
778 1075 896 1139 imbres
920 1076 1136 1163 detruserunt,

177 1163 387 1247 indigneque,
413 1163 457 1225 mi
481 1159 605 1244 Cicero,
628 1162 782 1246 oppidum
805 1167 934 1247 captum
957 1167 991 1228 et
1013 1166 1136 1231 bellum

178 1252 361 1315 confectum
384 1251 563 1333 relinquere
587 1271 658 1313 sum
681 1254 819 1314 coactus.
861 1251 965 1327 Quare
987 1256 1021 1317 te
1044 1276 1135 1340 rogo,

178 1340 206 1402 si
229 1360 308 1421 opus
333 1339 402 1421 erit,
426 1337 465 1400 ad
489 1334 658 1400 Caesarem
681 1359 785 1401 meam
813 1360 943 1404 oausam
966 1361 1045 1426 agas
1070 1365 1133 1407 me-

177 1447 238 1509 que
261 1426 321 1489 tibi
352 1427 388 1489 in
416 1446 526 1489 omnes
554 1429 662 1508 partes
690 1425 925 1491 defendendum
952 1433 1047 1512 putes
1071 1431 1134 1495 hoo

177 1514 376 1597 existimans,
412 1514 573 1577 neminem
609 1518 640 1576 te
672 1514 721 1578 tui
758 1516 970 1581 amantiorem
1003 1517 1133 1584 habere.

179 1597 267 1668 Vale.
311 1602 351 1666 D.
373 1600 414 1667 N.
436 1601 612 1685 Decembr,
634 1600 776 1667 Narona.

624 1812 679 1877 XI.

368 1984 372 1990 ,
452 1925 509 1981 Sor.
528 1926 633 1981 Romae
653 1942 676 1979 a.
697 1945 723 1980 n.
744 1943 766 1980 c.
788 1932 846 1981 709.

376 2050 414 2105 M.
432 2049 560 2106 CICERO
580 2049 734 2104 VATINIO
753 2049 826 2103 IMP.
847 2047 921 2103 SAL.

140 2158 154 2206 1
240 2147 340 2213 Grata
361 2150 422 2214 tibi
444 2171 515 2214 mea
538 2170 607 2214 esse
631 2149 737 2214 officia
760 2170 828 2214 non
849 2148 962 2231 miror,
990 2151 1131 2234 cognovi

173 2238 260 2302 enim
282 2241 314 2301 te
338 2237 556 2321 gratissimum
580 2237 736 2320 omnium,
758 2237 853 2320 idque
877 2259 1053 2321 numquam
1076 2238 1130 2303 de-

173 2327 241 2390 stiti
268 2324 465 2410 praedicare,
492 2346 552 2388 nee
579 2325 666 2388 eninr
692 2329 729 2389 tu
755 2325 836 2389 mihi
861 2324 1004 2389 habuisti
1031 2326 1129 2392 modo

174 2415 319 2500 gratiam,
332 2435 444 2478 uerum
458 2414 555 2478 etiam
569 2413 817 2478 cumulatissime
831 2413 998 2496 rettulisti3
1017 2435 1128 2499 quam-

173 2505 283 2568 obrem
305 2505 341 2567 c'rc
362 2502 492 2586 reliquis
515 2502 580 2566 tuis
603 2502 698 2566 rebus
722 2503 870 2566 omnibus
893 2501 964 2586 pari
986 2523 1039 2567 me
1061 2507 1129 2567 stu·

138 2603 153 2651 2
174 2593 226 2658 dio
250 2612 327 2677 erga
353 2593 386 2655 tc
414 2595 447 2655 et
473 2591 584 2655 eadem
610 2592 777 2656 voluntate
805 2611 988 2676 cognosces.
1033 2589 1129 2665 Quod

172 2681 252 2745 mihi
274 2680 428 2745 feminam
450 2680 644 2763 primariam,
662 2678 857 2764 Pompeiam,
877 2700 1009 2749 uxorem
1026 2683 1129 2764 tuam,

171 2769 392 2851 commendas,
424 2790 497 2833 oum
524 2765 606 2832 Sura
633 2771 744 2832 nostro
777 2768 887 2831 statim
917 2768 982 2832 tuis
1009 2767 1128 2833 litteris

170 2857 262 2920 lectis
289 2856 415 2921 locutus
444 2879 528 2940 sum,
559 2859 597 2920 ut
624 2857 652 2920 ei
682 2855 761 2919 meis
789 2855 894 2920 verbis
922 2855 1053 2938 diceret,
1081 2861 1128 2940 ut,

172 2944 326 3029 quidquid
349 2966 430 3029 opus
453 2949 550 3028 esset,
578 2943 657 3009 mihi
685 2944 901 3027 denuntiaret3
928 2966 980 3008 me
1007 2944 1127 3028 omnia,

172 3054 253 3118 qnae
281 3054 320 3097 ea
351 3034 460 3117 vellet,
491 3054 615 3098 summo
645 3032 750 3097 studio
783 3052 921 3116 curaque
950 3032 1127 3097 facturum:

240 3263 291 3332 Ep.
314 3269 353 3317 10.
373 3263 400 3317 b.
421 3263 479 3331 cepi
497 3263 612 3300 *****
626 3266 644 3328 †
658 3278 757 3327 anum,
775 3260 823 3316 hoe
842 3259 917 3328 (W.).
954 3258 1129 3314 Exciderunt

170 3334 294 3403 quinque
304 3333 471 3403 oppidorum
485 3332 762 3401 nomina(Mart.-L.).
805 3328 1127 3396 Uiciuianu,hcc(Mart.-

169 3404 268 3475 Lag.)?
312 3405 549 3473 cepi***wcum
571 3404 620 3458 boo
637 3403 668 3456 B.
714 3401 765 3472 Ep.
786 3408 827 3469 11,
842 3407 867 3455 2.
907 3416 977 3471 qaae
999 3416 1031 3454 ea
1048 3400 1128 3454 vellet

170 3475 226 3541 (M,
246 3475 350 3546 vulgo).
387 3492 411 3544 q.
432 3474 487 3545 [ea]
506 3489 530 3528 c.
549 3473 624 3541 Ern,
643 3473 674 3526 B.
