2370 3878
96 211 146 267 DE
160 210 357 268 ΡΕΤΙΤΙΟΝΕ
372 208 524 267 CONSUL.
538 209 588 264 AD
601 209 639 264 Μ.
652 207 831 264 FRATREM
846 214 957 265 10—18.
987 208 1051 272 649

98 361 185 440 sunt,
206 356 292 423 nolle
314 356 373 421 obs
395 359 428 420 te
451 377 486 420 se
507 356 630 420 honore
654 356 807 440 superari.
847 354 917 421 Iam
939 355 974 419 in
996 377 1052 439 po·
1067 371 1093 410 1⁴

97 446 175 528 pulo
198 466 294 529 quam
317 445 411 509 multi
432 444 534 508 invidi
555 445 631 527 sint,
652 466 749 526 quam
767 444 861 508 multi
884 448 1053 508 consuetu·

98 533 172 597 dine
193 532 310 598 horum
334 552 494 597 annorum
521 531 562 596 ab
584 531 770 596 hominibus
796 532 890 597 novis
912 532 1054 614 alienati,

97 621 206 685 venire
229 621 291 685 tibi
311 620 347 684 in
369 624 512 684 mentem
534 623 621 683 certo
643 619 724 702 scio;
751 639 821 684 esse
847 620 946 684 etiam
972 640 1053 685 non·

96 710 205 774 nullos
226 707 288 772 tibi
309 707 411 773 iratos
433 729 472 772 ex
494 708 534 772 iis
557 707 671 790 causis,
694 728 774 790 quas
797 708 902 791 egisti,
922 728 1054 772 neeesse

97 801 155 862 est.
208 795 279 860 Iam
310 795 390 860 illud
421 799 491 860 tute
523 794 774 878 circumspicite,
805 795 890 878 quod
922 795 963 860 ad
995 792 1053 860 Cn

95 883 243 968 Pompeii
269 883 407 968 gloriam
434 883 615 968 augendam
645 887 739 947 tanto
771 882 878 947 studio
908 885 941 946 te
967 882 1053 947 dedi·

98 971 188 1055 disti,
218 993 298 1036 num
330 992 411 1055 quos
441 972 503 1035 tibi
529 975 623 1054 putes
654 970 696 1035 ob
723 991 794 1034 eam
823 991 952 1035 eausam
983 991 1053 1035 esse

98 1061 227 1125 amicos.
273 1057 498 1142 Quamobrem,
520 1080 621 1142 quum
644 1062 677 1122 et
699 1079 860 1123 summum
882 1059 989 1123 locum
1012 1059 1053 1121 ci·
1068 1071 1095 1111 1⁵

97 1149 207 1213 vitatis
229 1151 321 1232 petas
345 1151 379 1212 et
400 1147 508 1212 videas
532 1168 602 1211 csse
625 1146 740 1230 studia,
763 1167 844 1230 quae
861 1146 922 1210 tibi
945 1145 1055 1210 adver-

98 1240 222 1318 sentur,
253 1235 406 1300 adhibeas
438 1256 567 1300 necesse
594 1239 645 1300 est
676 1255 805 1300 omnem
835 1234 996 1300 rationem
1022 1238 1056 1298 et

98 1346 208 1390 curam
231 1327 264 1388 et
285 1323 429 1389 laborem
452 1327 486 1387 et
508 1323 719 1408 diligentiam.

163 1411 210 1477 Ilt
234 1413 349 1496 petitio
376 1412 625 1497 magistratuum
651 1412 754 1476 divisa
780 1411 891 1476 estin
919 1400 1097 1507 duarum?⁸

96 1501 261 1565 rationum
284 1500 499 1585 diligentiam,
525 1521 662 1584 quarum
689 1501 791 1564 altera
817 1501 852 1564 in
880 1501 1055 1564 amicorum

98 1589 227 1671 madiis,
254 1589 356 1652 altera
383 1588 418 1652 in
444 1589 594 1672 populari
621 1589 788 1653 voluntate
814 1588 966 1673 ponenda
997 1592 1055 1653 est.

96 1676 284 1742 Amicorum
307 1676 414 1741 studia
439 1676 604 1742 beneficiis
631 1681 665 1740 et
691 1675 806 1741 officiis
833 1680 867 1740 et
893 1678 1054 1741 vetustate
1138 1724 1141 1729 -

97 1769 131 1830 et
147 1765 304 1829 facilitate
322 1785 360 1829 ac
378 1764 579 1829 iucunditate
595 1768 733 1827 naturae
751 1766 846 1847 parta
868 1784 937 1828 esse
960 1784 1055 1847 opor·

96 1857 158 1935 tet,
190 1851 246 1916 sed
272 1851 335 1916 hoc
363 1872 494 1917 nomen
509 1851 686 1917 amicorum
712 1852 747 1914 in
773 1851 929 1934 petitione
957 1850 1060 1915 latius·

96 1945 188 2026 patet
210 1960 308 2024 quam
334 1939 370 2004 in
393 1943 500 2004 cetera
526 1940 606 2022 vita3
632 1939 777 2023 quisquis
801 1942 850 2002 est
872 1939 972 2021 enim,
999 1938 1056 2022 qui

97 2029 249 2094 ostendat
271 2027 392 2112 aliquid
414 2029 450 2092 in
471 2031 504 2092 tc
526 2027 713 2110 voluntatis,
736 2027 790 2110 qui
809 2027 904 2110 colat,
926 2027 981 2110 qui
1000 2026 1055 2091 do·

98 2139 186 2181 mum
208 2117 359 2198 ventitet,
384 2115 470 2180 isin
493 2115 669 2181 amicorum
696 2135 830 2180 numero
858 2119 908 2179 est
934 2115 1055 2179 haben·

98 2205 171 2287 dus3
197 2205 254 2269 sed
277 2207 401 2286 tamen,
427 2204 484 2287 qui
511 2208 588 2268 sunt
614 2202 710 2269 amici
737 2224 776 2266 ex
802 2223 900 2268 causa
922 2202 1055 2267 iustiore

97 2292 302 2378 cognationis
330 2295 388 2356 aut
418 2291 588 2356 affinitatis
619 2294 676 2355 out
702 2290 883 2355 sodalitatis
915 2293 972 2355 aut
999 2291 1055 2354 ali·

97 2382 188 2446 cuius
220 2380 480 2463 necessitudinis,
510 2379 551 2444 iis
580 2400 691 2444 carum
722 2381 756 2443 et
781 2377 957 2444 iucundum
986 2400 1055 2443 esse

96 2469 235 2534 maxime
262 2468 403 2554 prodest.
451 2467 590 2552 Deinde,
617 2471 655 2533 ut
681 2467 815 2551 quisquc
845 2471 895 2532 est
921 2467 1055 2532 intimus
1069 2486 1096 2526 u

97 2578 136 2622 oc
162 2557 301 2622 maxime
328 2556 537 2640 domesticus,
568 2559 606 2622 ut
631 2555 660 2620 is
688 2559 775 2620 amet
801 2558 835 2619 et
865 2576 962 2638 quam
989 2576 1055 2619 am-

118 2645 276 2712 lissimum
303 2666 372 2711 esse
404 2648 437 2709 te
464 2646 588 2730 cupiat,
618 2644 711 2709 valde
739 2643 970 2707 elaborandum
997 2646 1056 2726 est,

95 2668 193 2820 llum]
215 2738 254 2801 ut
275 2734 420 2817 tribules,
441 2737 480 2798 ut
501 2732 614 2815 vicini,
635 2736 673 2796 ut
695 2731 837 2815 clientes,
858 2734 897 2795 ut
919 2731 1056 2814 denique

96 2822 218 2905 liberti,
246 2824 411 2906 postremo
433 2821 532 2885 etiam
555 2819 639 2883 servi
661 2820 724 2901 tui;
750 2840 828 2884 nam
854 2818 922 2884 fere
949 2820 1055 2883 omnis

97 2930 201 2975 sermo
234 2909 275 2974 ad
308 2908 471 2974 forensem
504 2906 627 2972 famum
659 2927 679 2969 a
709 2906 894 2972 domesticis
926 2910 1057 2971 emanat

97 2997 291 3064 auctoribus.
336 2995 484 3079 Denique
507 2998 584 3060 sunt
606 2993 798 3059 instituendi
824 2995 978 3077 cuiusque
1002 3015 1054 3078 ge·
1070 3014 1097 3055 ιε

96 3086 182 3151 neris
210 3085 318 3151 amici:
350 3083 392 3151 ed
420 3082 559 3168 speciem
585 3081 734 3148 homines
762 3082 905 3148 illustres
932 3082 1055 3146 honore

166 3264 192 3326 4,
208 3265 250 3314 14,
276 3258 408 3314 dedidiuti
425 3257 498 3327 (cdd.
512 3257 653 3328 Palermi).
681 3257 793 3314 edtdme'
806 3255 865 3311 Eri.
879 3255 979 3312 dedisti
991 3255 1055 3312 edd.

94 3330 174 3398 vett,
191 3329 223 3383 Β.
266 3334 308 3384 15.
334 3346 406 3399 quoe
423 3330 476 3384 titi
492 3330 597 3386 odeas.
619 3329 736 3400 (vulgo).
769 3345 797 3452 ἕ
816 3344 843 3382 n
866 3327 937 3394 Ert,
957 3327 987 3380 Β,
1029 3331 1055 3392 5,

97 3406 137 3455 16.
165 3399 518 3471 mouistrotmmlvulgo).
563 3401 744 3469 monotes
795 3397 842 3464 rt,
860 3397 892 3452 B.
940 3403 980 3452 17.
1007 3401 1055 3460 cst,
1123 3428 1135 3439 -

95 3470 177 3543 [tom]
195 3477 228 3526 ut
244 3470 321 3542 (W.).
363 3486 387 3527 c.
404 3475 438 3527 ut
454 3469 517 3526 cdd.
535 3469 671 3540 Polermi,
706 3472 750 3536 Τ.,
789 3468 833 3524 ed.
856 3467 962 3524 Bouon.
1007 3472 1055 3533 eat,

93 3547 152 3599 tum
169 3546 202 3598 ut
222 3545 290 3610 Μ,
309 3545 398 3615 vulga
