2370 3878
384 620 716 699 PRAEFATIO.

500 808 600 824 m

159 967 393 1051 Conscribenti
409 979 490 1044 mihi
503 977 629 1044 XXXII
649 976 766 1042 abhinc
780 998 882 1043 annos
896 975 1031 1061 „limen-

69 1086 215 1152 dationes
229 1086 272 1151 M.
282 1085 381 1150 Tullii
395 1082 559 1150 Ciceronis
573 1081 816 1166 Epistolarum“
829 1081 1031 1165 propositum

69 1194 151 1274 erat,
170 1192 198 1256 si
215 1191 312 1256 modo
326 1193 412 1255 esset
424 1187 538 1272 peritis
552 1187 824 1253 existimatoribus
838 1208 911 1252 mea
925 1207 1030 1251 emen·

69 1295 168 1359 dandi
188 1294 272 1360 ratio
294 1294 443 1378 probata,
471 1298 528 1360 aut
555 1294 662 1377 ipsum
685 1315 740 1358 eas
762 1293 916 1376 epistolas
939 1292 1031 1357 edere

69 1402 126 1464 aut
148 1403 246 1482 certe,
275 1400 361 1484 quod
387 1399 422 1463 in
445 1402 517 1464 octo
540 1397 702 1482 prioribus
725 1396 816 1463 libris
840 1398 881 1462 ad
902 1396 1031 1481 „Fami-

68 1503 186 1568 liares“
202 1504 365 1586 fecissem,
387 1507 424 1567 ut
441 1503 590 1587 graviora
608 1502 717 1568 omnia
735 1503 933 1586 certioraque
952 1502 1032 1568 vitia

70 1608 228 1692 corrigere
247 1630 393 1691 conarer,
416 1607 502 1671 idem
522 1607 558 1670 in
581 1608 695 1672 ceteris
714 1606 863 1672 omnibus
886 1606 1031 1690 epistolis

71 1710 220 1796 (quarum
238 1713 304 1778 iam
325 1713 399 1796 plus
418 1709 498 1778 000
516 1712 604 1776 locos
622 1710 658 1775 in
679 1711 736 1775 illo
754 1710 863 1775 libello
880 1710 1031 1792 tractavi)

70 1817 270 1881 scholasticis
317 1818 440 1901 aliquot
483 1837 579 1881 usum
622 1814 872 1899 programmatis
918 1814 1031 1879 facere.

70 1918 197 1984 Conatu
215 1940 287 1985 meo
305 1925 338 1985 et
356 1921 554 1987 nostratibus
572 1922 606 1984 et
619 1917 789 1984 Germanis
806 1919 911 2004 magis
925 1918 1032 2003 etiam,

71 2045 168 2108 quam
200 2046 415 2109 speraveram,
446 2025 584 2109 probato
614 2028 725 2090 tamen
756 2025 798 2088 ad
829 2024 894 2088 alia
926 2024 1032 2089 studia

70 2150 242 2194 conversus
264 2133 315 2195 tot
336 2129 430 2194 annis
453 2133 604 2195 neutrum
629 2130 782 2212 feceram,
811 2151 909 2213 quum
937 2128 1031 2194 annis

69 2250 365 2300 mucccnxvl—vn
387 2235 508 2317 prodiit
525 2235 560 2299 in
582 2235 747 2318 publicum
760 2233 883 2298 Baiteri
901 2232 1031 2317 Episto-

52 2339 174 2406 larum
196 2338 302 2404 editio.
346 2339 380 2404 Is
402 2339 523 2423 optime
545 2339 599 2404 ille
623 2339 751 2424 quidem
773 2338 812 2403 de
834 2338 875 2403 iis
899 2338 1032 2402 meritus

70 2448 120 2509 est
151 2466 250 2528 quum
280 2445 453 2528 permulta,
486 2465 568 2529 quac
601 2442 763 2510 Orelliana
799 2444 897 2509 editio
930 2444 1032 2508 altera

70 2552 221 2632 corrupta
234 2548 415 2633 reliquerat,
428 2550 548 2633 partim
563 2570 602 2614 ex
615 2549 777 2615 codicibus
791 2571 889 2614 manu
904 2549 1031 2633 scriptis

69 2654 189 2736 partim
220 2674 260 2717 ex
289 2654 481 2719 coniecturis
517 2655 569 2718 vel
604 2655 671 2720 suis
703 2652 787 2738 (non
818 2653 946 2737 multis)
981 2655 1031 2718 vel

70 2758 206 2823 aliorum
229 2758 441 2842 emendando,
467 2762 538 2823 tum
565 2759 838 2825 accuratissimam
865 2759 1031 2843 utriusque

70 2862 187 2927 codicis
214 2862 350 2927 Medicei
377 2862 584 2929 collationem
605 2866 710 2928 totam
733 2863 942 2949 divulgando,
975 2863 1031 2928 sed

69 2967 163 3049 mihi,
190 2966 280 3033 cuius
303 2971 413 3032 tamen
437 2967 677 3033 emendationes
699 2968 766 3033 fere
790 2989 900 3033 omnes
923 2968 973 3031 vel
995 2968 1031 3032 iu

68 3073 193 3135 textum
215 3076 379 3155 receperat
401 3073 451 3137 vel
473 3072 510 3136 in
533 3072 742 3138 annotatione
763 3072 874 3137 critica
892 3092 1030 3137 comme·

68 3180 264 3260 inaraverat,
293 3198 361 3242 non
388 3176 556 3260 satisfecit3
589 3199 689 3262 quum
715 3178 779 3243 alia
811 3177 897 3242 enim
928 3178 1031 3241 multa

68 3279 149 3345 mihi
171 3285 384 3363 parumrecte
406 3281 521 3346 fecisse
539 3281 678 3365 videtur,
700 3285 770 3346 tum
783 3281 921 3347 maxime
945 3281 1030 3366 quod

67 3387 171 3450 multo
190 3385 330 3469 saepius,
353 3407 450 3472 quarn
471 3390 632 3474 parerat,
653 3387 872 3472 interpolatos
884 3386 1045 3452 meliores
