2370 3878
178 149 438 231 EPISTOLARUM
455 150 505 207 AD
525 150 556 218 Q.
575 152 752 207 FRATREM
770 154 803 208 ΙΙ.
825 160 865 208 10.
886 161 927 208 11.
982 155 1047 219 609

94 295 211 360 fiducia
238 297 458 379 conturbaret,
484 298 609 381 lusique
637 296 672 362 in
695 320 733 364 eo
757 320 873 384 genere
902 304 934 364 et
956 297 1049 363 fami-

94 384 218 449 liariter
241 388 273 449 ct
296 407 368 449 cum
395 385 563 469 dignitate.
607 385 710 452 Amor
737 391 845 451 autem
874 388 941 451 eius
972 408 1050 472 erga

95 494 155 536 nos
185 473 345 555 perfertur
373 474 517 538 omniurn
548 475 671 537 nuntiis
703 474 890 560 singularis:
922 476 1049 539 litterae

95 560 224 644 quidem
247 561 287 624 ad
310 561 353 642 id,
377 560 462 644 quod
486 564 661 645 exspectas
682 562 749 625 fere
768 584 841 627 curu
864 566 920 627 tuo
944 563 1049 627 reditu

94 647 278 733 iungentur.
327 647 464 732 Reliqua
491 649 692 733 singulorum
724 650 846 714 dierum
874 651 1049 715 scribemus

94 737 136 800 ed
158 743 201 819 te,
224 737 251 800 si
274 736 370 800 modo
392 736 578 801 tabellarios
596 740 633 802 tu
651 738 832 820 praebebis:
856 760 1050 822 quamquam

95 825 253 889 eiusmodi
275 824 380 907 frigus
398 825 614 909 impendebat,
634 828 672 889 ut
690 847 851 890 summum
873 827 1050 910 periculum

95 915 189 995 esset,
211 933 252 977 ne
275 911 383 996 Appio
408 933 484 977 suae
508 913 603 976 aedes
626 916 804 978 urerentur.

475 1104 532 1169 xr.
557 1102 673 1192 [xm]

176 1215 233 1272 Ser.
252 1217 357 1271 Romae
376 1230 401 1269 a.
420 1215 446 1270 d.
466 1215 538 1271 XVI.
558 1216 619 1271 Kal.
639 1217 758 1272 Martias
775 1233 800 1272 a.
820 1235 846 1272 u.
866 1234 889 1271 e.
909 1223 968 1272 700.

243 1338 390 1394 MARCUS
410 1338 547 1406 QUINTO
566 1339 703 1395 FRATRI
723 1341 902 1396 SALUTEM.

162 1438 232 1503 Risi
254 1439 380 1522 „nivem
403 1439 534 1524 atram“,
557 1444 654 1524 teque
676 1441 772 1504 hilari
795 1442 903 1506 animo
928 1464 996 1506 esse
1019 1445 1077 1506 etr

96 1531 247 1612 prompto
275 1527 315 1592 ad
343 1528 514 1593 iocandum
542 1528 635 1594 valde
662 1549 713 1593 me
740 1529 838 1593 iuvat.
882 1530 932 1595 De
958 1530 1051 1596 Pom·

95 1616 169 1699 peio
201 1616 360 1680 assentior
390 1616 464 1700 tibi,
496 1616 547 1683 rel
574 1621 610 1681 tu
642 1617 750 1700 potius
778 1618 871 1700 mihi;
897 1640 988 1703 nam,
1015 1623 1052 1682 ut

96 1705 172 1788 scis,
193 1704 383 1788 iampridem
406 1704 504 1769 istum
528 1708 623 1769 canto
644 1702 825 1768 Caesarem:
849 1706 928 1770 mihi
951 1706 1052 1788 erede,

96 1793 132 1855 in
155 1792 228 1856 sinu
251 1796 313 1874 est,
340 1812 445 1875 neque
473 1812 533 1876 ego
557 1792 729 1876 discingor.
774 1790 941 1877 Cognosce
964 1813 1078 1858 nunes

96 1879 186 1943 Idus:
220 1879 360 1943 decimus
393 1883 462 1943 erat
485 1877 593 1944 Caelio
627 1879 707 1962 dics3
738 1878 900 1944 Domitius
932 1881 1051 1944 iudices

97 1967 330 2030 adnumerum
352 1987 420 2030 non
445 1966 568 2031 habuit.
613 1964 751 2051 Vereor,
778 1989 819 2031 ne
848 1967 946 2033 homo
970 1972 1052 2032 teter

97 2058 130 2118 et
146 2054 244 2138 ferus,
261 2054 341 2118 Pola
360 2053 498 2139 Servius
516 2055 556 2119 ad
576 2055 812 2119 accusationem
830 2057 953 2139 veniat:
975 2078 1052 2120 nam

97 2145 207 2206 noster
234 2141 360 2206 Caelius
392 2142 485 2207 valde
517 2147 725 2227 oppugnatur
757 2165 776 2206 a
806 2146 902 2228 gente
930 2141 1051 2209 Clodia.

97 2228 184 2294 Certi
206 2230 288 2294 nihil
311 2234 361 2294 est
383 2231 501 2313 adhuc,
529 2230 584 2294 sed
606 2252 761 2295 veremur.
805 2229 929 2296 Eodem
952 2232 1052 2317 igitur

98 2318 147 2382 die
171 2317 276 2401 Tyriis
308 2321 357 2382 est
389 2321 519 2383 senatus
551 2319 645 2382 datus
676 2319 840 2403 frequens3
867 2320 1051 2404 frequentes

97 2408 211 2470 contra
234 2404 356 2489 Syriaci
378 2405 550 2490 publicani.
596 2405 812 2472 Vehementer
834 2412 967 2473 vexatus
991 2407 1051 2472 Ga-

96 2493 217 2576 binius3
245 2494 400 2579 exagitati
421 2497 531 2558 tamen
554 2516 573 2558 a
595 2494 738 2560 Domitio
761 2496 938 2578 publicani,
966 2496 1051 2579 quod

97 2603 170 2645 eum
194 2586 301 2646 esseut
324 2603 396 2646 cum
419 2583 509 2666 equis
532 2584 702 2666 prosecuti.
747 2583 783 2648 L.
806 2589 916 2648 noster
938 2583 1051 2647 Lamia

95 2670 205 2753 paullo
237 2671 390 2755 ferocius7
421 2693 520 2754 quum
551 2671 713 2736 Domitius
745 2671 888 2735 dixisset:
925 2676 1052 2755 „vestra

97 2759 191 2841 culpa
218 2759 298 2823 haec
330 2758 527 2843 acciderunt,
559 2759 681 2842 equites
712 2757 865 2842 Romani3
896 2760 1050 2825 dissolute

97 2845 182 2908 enim
205 2846 379 2930 iudicatis“‚
406 2868 484 2931 „nos
507 2847 698 2928 iudicamus,
725 2868 782 2911 vos
810 2847 976 2932 laudatis“,
1002 2849 1050 2913 in·

97 2933 175 3014 quit.
220 2932 339 2997 Actum
362 2938 411 2998 est
434 2956 471 2999 eo
495 2934 546 2998 die
568 2934 663 2997 nihil:
686 2955 751 2999 nox
774 2934 909 2999 diremit.
946 2934 1077 3001 Comi-s

95 3020 229 3084 tialibus
261 3021 386 3105 diebus
417 3022 472 3105 qui
500 3021 677 3096 Quirinalia
705 3026 893 3105 sequuntur,
925 3022 1050 3106 Appius

96 3107 327 3193 interpretatur
344 3131 412 3174 nou
429 3110 577 3193 impediri
596 3131 629 3174 se
647 3111 718 3194 lege
731 3109 843 3194 Pupia,
862 3132 925 3194 quo
944 3112 1050 3174 minus

166 3334 217 3405 Ep.
238 3339 289 3418 ⁸10,
312 3340 336 3389 5.
373 3335 460 3405 sin9.;
486 3335 592 3390 litterae
692 3337 849 3406 tenuentur.
885 3333 945 3390 Rcl.
974 3335 1022 3402 (W
1024 3338 1049 3418 3).

94 3403 213 3545 {Uibu
231 3405 618 3546 gengerelssffll’goulgglp
643 3411 689 3474 11,
709 3412 733 3460 2.
770 3405 804 3460 L.
832 3410 922 3461 noster
948 3406 1051 3463 Lunna

148 3562 261 3606 arcemn
275 3564 337 3615 splot.
350 3564 369 3605 L
812 3570 850 3621 m
