2370 3878
133 157 177 222 80
415 155 452 209 M.
472 153 595 210 TULLII
613 154 803 212 CICERONIS

132 303 165 367 id
187 301 250 366 feci
273 300 429 365 adductus
454 299 644 365 auctoritate
672 303 704 364 et
731 300 865 366 consilio
892 305 964 386 tuo,
991 302 1088 389 idque

132 413 151 455 a
174 410 225 453 me
247 392 333 453 recte
355 387 478 452 factum
500 391 593 473 puto,
617 388 703 471 quod
725 409 793 453 non
816 391 939 473 statim,
966 394 1006 456 ut·
1032 415 1086 478 ap

130 479 269 561 pellatus
292 477 467 559 imperator
486 477 555 559 sim,
578 477 634 541 ssd
653 476 723 540 aliis
741 477 837 542 rebus
856 478 974 543 additis
992 482 1086 545 assti-

131 566 242 648 visque
266 565 421 629 confectis
444 565 569 629 litteras
591 565 741 629 miserim.
786 564 876 630 Haec
903 567 1004 652 Igitur
1025 569 1086 634 tibi

132 657 227 718 erunt
250 675 353 736 curae,
377 652 644 736 quemadmodum
668 652 820 736 ostendis,
842 675 957 738 meque
979 658 1085 724 totum

132 745 164 806 et
186 763 257 806 mea
280 745 313 806 et
335 761 423 807 meos
447 741 687 806 commendatos
710 740 854 806 habebis.

584 935 624 1002 X.

76 1112 85 1119 p
131 1049 187 1104 Sor.
202 1049 356 1105 Laodiceae
370 1065 464 1104 mense
478 1049 554 1104 Maio
569 1049 652 1118 (inter
666 1048 727 1103 Kal.
743 1050 772 1103 et
785 1048 891 1117 Nonas)
907 1064 931 1104 a.
946 1066 973 1104 u.
988 1056 1082 1105 c.'104.

356 1174 400 1228 M.
420 1171 547 1228 CICERO
568 1172 623 1227 ΑΡ.
642 1170 810 1227 PULCHRO
831 1171 857 1226 S.

95 1285 109 1332 1
197 1271 304 1347 Quum
326 1276 375 1336 est
398 1272 438 1335 ad
461 1293 521 1338 nos
545 1272 679 1336 allatum
702 1272 741 1335 de
759 1271 940 1337 temeritate
964 1293 1083 1359 eorum,

129 1360 185 1444 qui
206 1360 266 1423 tibi
293 1360 461 1444 negotium
486 1360 695 1444 facesserent,
723 1359 783 1423 etsi
810 1359 951 1444 graviter
978 1362 1083 1444 primo

128 1448 244 1513 nuntio
269 1451 446 1513 commotus
471 1469 550 1532 sum,
574 1447 659 1531 quod
683 1447 764 1511 nihil
783 1449 851 1511 tam
869 1452 997 1532 praeter
1016 1451 1083 1534 opi·

128 1537 259 1601 nionem
286 1558 391 1601 meam
420 1536 562 1601 accidere
584 1536 704 1620 potuit,
730 1539 853 1621 tamen,
879 1540 918 1601 ut
943 1559 995 1602 me
1019 1539 1082 1604 col·

128 1626 216 1710 legi,
234 1627 340 1689 cetera
366 1624 446 1689 mihi
467 1625 620 1689 facillima
647 1624 852 1708 videbantur,
880 1625 965 1707 quod
993 1629 1026 1690 et
1047 1627 1084 1692 in

128 1714 254 1796 teipso
277 1713 449 1778 maximam
476 1734 566 1797 spem
593 1716 626 1778 et
652 1713 687 1777 in
713 1713 778 1778 tuis
805 1733 958 1798 magnam
984 1713 1081 1779 habe·

78 1849 81 1855 -
128 1801 202 1866 bam
230 1803 394 1886 multaque
422 1801 501 1865 mihi
527 1801 702 1867 veniebant
728 1801 764 1865 in
790 1804 944 1885 mentem,
972 1824 1083 1885 quam-

128 1891 238 1956 obrem
265 1891 363 1955 istum
390 1890 534 1956 laborem
564 1891 625 1955 tibi
657 1890 754 1954 stiam
785 1888 902 1954 honori
933 1893 1082 1973 putarem

127 1979 210 2062 fore3
231 1980 311 2043 illud
334 1981 429 2063 plane
452 1980 585 2044 moleste
608 1979 682 2063 tuli,
705 1977 791 2061 quod
814 1977 1027 2043 certissimum
1049 1982 1082 2043 et

127 2067 337 2131 iustissimum
359 2067 560 2151 triumphum
577 2067 639 2132 hoo
656 2066 839 2130 invidorum
858 2066 992 2149 consilio
1012 2088 1080 2132 esse

126 2155 187 2220 tibi
219 2159 364 2239 ereptum
400 2155 560 2219 videbam:
597 2155 682 2238 quod
717 2158 754 2218 tu
791 2153 818 2217 si
849 2155 937 2218 tanti
973 2153 1081 2240 facies,

128 2243 240 2326 quanti
263 2263 323 2328 ego
347 2264 471 2326 semper
497 2242 635 2307 iudicavi
662 2241 844 2307 faciendum
872 2263 954 2326 esse,
980 2241 1080 2307 facies

128 2333 290 2415 sapienter
308 2334 341 2397 et
359 2350 435 2416 ages
449 2331 552 2395 victor
566 2351 605 2394 ex
618 2329 821 2395 inimicorum
840 2329 949 2395 dolore
967 2330 1079 2396 trium·

126 2419 228 2503 phum
245 2419 467 2502 iustissimum3
491 2438 551 2504 ego
575 2418 661 2482 enim
682 2419 778 2502 plane
800 2418 893 2483 video
916 2417 986 2484 fore
1008 2440 1080 2484 ner·

126 2508 187 2592 vis,
211 2508 339 2591 opibus,
366 2507 525 2591 sapientia
547 2509 617 2591 tua,
645 2506 911 2571 vehementcr'ut
931 2507 1079 2573 inimicos

126 2600 199 2661 tuos
231 2596 396 2680 poeniteat
426 2595 693 2679 intemperantiae
721 2616 806 2665 suae.
855 2594 905 2659 De
936 2615 987 2659 me
1019 2595 1080 2660 tibi

127 2685 172 2748 sic
195 2688 380 2749 contestans
399 2705 510 2748 omnes
529 2684 606 2748 deos
624 2684 781 2768 promitto
800 2685 897 2767 atque
916 2683 1080 2767 confirmo,

126 2793 176 2835 me
207 2795 266 2855 pro
304 2777 362 2837 tua
398 2772 555 2857 dignitate
583 2809 626 2819 -
653 2772 738 2836 malo
772 2771 858 2835 enim
888 2772 935 2836 itu
966 2771 1079 2855 diesne,

127 2882 224 2943 quam
245 2882 304 2944 pro
329 2862 431 2926 salute
455 2897 497 2908 -
520 2861 556 2925 in
577 2861 639 2925 hac
662 2859 836 2944 provincia,
859 2859 910 2924 cui
932 2863 970 2925 tu
988 2880 1078 2944 prae·

125 2949 229 3033 suisti,
260 2949 406 3035 rogando
439 2949 666 3034 deprecatoris,
692 2947 869 3013 laborando
896 2948 1080 3032 propinqui,

126 3038 316 3102 auctoritate
340 3039 405 3102 cari
432 3037 586 3122 hominis,
613 3040 651 3103 ut
677 3057 784 3120 spero,
811 3034 896 3119 apud
923 3035 1079 3120 civitates,

126 3127 284 3211 gravitate
303 3126 505 3210 imperatoris
525 3129 748 3210 suscepturum
767 3122 874 3189 officia
892 3127 988 3208 atque
1007 3145 1079 3208 par·

125 3218 182 3279 tes.
233 3213 349 3280 Omnia
375 3216 449 3280 volo
477 3237 497 3279 a
523 3236 574 3280 me
607 3218 640 3278 et
666 3213 809 3297 postules
837 3215 870 3276 ct
902 3216 1078 3296 exspectes:

91 3303 252 3368 arincam
274 3303 353 3368 meis
377 3303 492 3369 officiis
516 3301 729 3388 cogitationes
751 3304 834 3365 tuas.
870 3298 906 3376 Q.
926 3298 1079 3366 Servilius

125 3392 294 3474 perbreves
326 3392 406 3457 mihi
438 3414 458 3456 a
488 3395 521 3455 te
552 3391 676 3455 litteras
707 3388 858 3472 reddidit,
890 3409 971 3472 quae
998 3388 1079 3453 mihi

125 3485 235 3542 tamen
251 3481 348 3546 nimis
366 3482 484 3568 longae
502 3479 589 3544 visae
610 3481 695 3563 sunt,
716 3476 868 3543 iniuriam
890 3477 976 3543 enim
998 3475 1081 3540 mihi
