2370 3878
134 140 175 203 92
415 140 451 194 Μ.
472 140 582 194 TULLI
569 141 596 194 Π
615 140 806 197 CICERONIS

133 305 258 369 semper
282 285 407 350 coluist
398 308 423 369 ι,
450 288 623 387 praecepta
644 286 840 388 tefugiunt.
884 284 1031 372 Atque
1020 310 1091 392 rpse

133 397 174 437 an
176 378 229 438 tea
176 373 329 437 ttad
315 378 347 438 te
371 374 570 457 scripsissem
593 377 625 438 te
647 374 801 438 frustra
791 396 827 440 ιιι
851 379 1000 440 senatum
1024 378 1091 443 sive
1138 452 1140 457 A

132 463 272 546 potius
263 484 298 526 m
321 465 515 526 conventum
539 464 725 527 senatorum
749 484 818 527 esse
841 467 1046 568 venturum„
1055 467 1091 531 ni

132 551 253 614 veritus
277 572 393 634 essem,
419 572 460 614 ne
488 551 556 615 eius
585 550 729 616 animum
756 551 964 638 offenderem,
991 576 1048 638 qur
1071 577 1090 618 ι

131 661 192 722 me,
214 643 305 703 utte
289 639 480 722 eimitarer,
502 641 558 723 pet
543 639 646 703 ttzeba
619 640 721 704 tcui
743 639 872 723 quidem
896 661 966 727 ego,
990 663 1089 726 quum

29 784 41 795 ..
131 750 182 790 me
204 731 348 813 rogaret,
375 729 412 791 ut
397 726 621 792 t'adessem
611 749 647 791 ιιι
675 732 802 812 senam,
830 728 942 793 eadem
971 731 1091 816 omnia,

132 837 213 898 quae
246 837 265 878 a
296 819 328 879 ιιι
361 814 399 879 de
431 837 509 899 pace
542 819 575 881 et
610 815 649 880 de
680 814 848 900 Hispaniis
887 816 973 881 dicta
1005 822 1090 903 sunt,

96 903 259 967 nostendi
286 924 338 966 me
361 924 430 967 esse
453 903 519 967 dict
504 906 623 969 t.urum
668 902 733 968 Res
756 904 844 969 vides
868 905 1031 988 quomodo
1056 928 1090 972 sc

131 990 262 1055 habeat:
291 990 439 1056 orbemt
424 994 584 1057 terrarum
605 991 750 1076 imperiis
774 992 954 1058 distributis
978 994 1089 1059 ardere

130 1079 232 1163 bello;
258 1079 371 1144 urbem
395 1080 465 1144 sine
487 1081 627 1165 legibus,
657 1080 726 1145 sine
753 1080 891 1164 iudiciis,
919 1081 988 1146 sine
1011 1082 1089 1167 iure,

131 1169 200 1232 sine
231 1168 294 1233 fide
325 1167 470 1233 relictam
503 1169 677 1252 direptioni
709 1173 741 1233 et
771 1168 942 1234 incendiis:
978 1170 1088 1255 itaque

130 1257 211 1319 mihi
228 1256 336 1320 venire
354 1257 390 1320 in
408 1258 550 1320 mentem
569 1256 652 1320 nihil
665 1259 774 1340 potest
791 1278 859 1321 non
877 1258 983 1343 modo,
1002 1259 1088 1343 quod

131 1364 265 1427 sperem,
285 1344 340 1408 sed
354 1344 416 1428 vix,
435 1345 501 1407 iam
515 1343 600 1427 quod
615 1343 751 1409 audeam
765 1348 890 1429 optare3
913 1345 1088 1412 sinautem

129 1432 203 1516 tibi,
230 1432 355 1497 homini
382 1431 647 1516 prudentissime,
674 1431 801 1497 videtur
827 1433 906 1497 utile
934 1455 1088 1501 essenos

131 1521 283 1605 colloqui,
315 1541 510 1605 quamquam
541 1520 670 1605 longius
703 1520 801 1585 etiam
833 1521 1018 1606 cogitabam
1046 1524 1086 1588 ab

130 1609 209 1673 urbe
225 1609 394 1693 discedere,
413 1609 502 1673 cuius
516 1609 582 1673 iam
601 1609 699 1673 etiam
712 1630 832 1674 nornen
845 1610 967 1675 invitus
981 1612 1088 1697 audio,

129 1701 240 1762 tamen
263 1697 394 1782 propius
422 1697 584 1781 accedam,
608 1697 823 1782 Trebatioque
846 1698 1013 1784 mandavi,
1042 1704 1088 1783 ut,

131 1787 158 1850 si
182 1786 259 1870 quid
281 1792 317 1852 tu
340 1807 414 1851 eum
437 1786 535 1850 velles
558 1785 600 1850 ad
622 1807 673 1850 me
691 1787 828 1870 mittere,
850 1807 892 1850 ne
915 1793 1087 1874 recusaret,

129 1874 224 1958 idque
247 1880 284 1941 ut
305 1874 409 1940 facias
426 1874 523 1939 v'elim
542 1877 599 1939 aut
622 1874 649 1938 si
673 1895 768 1958 quem
789 1877 921 1940 tuorum
943 1874 1086 1940 fidelium

129 1965 226 2048 voles,
250 1964 290 2028 ad
313 1985 364 2028 me
386 1964 511 2048 mittas,
534 1984 575 2028 ne
599 1967 655 2028 aut
676 1963 737 2036 tibi
760 1963 845 2027 exire
868 1984 907 2027 cx
929 1963 1008 2028 urbe
1031 1985 1086 2029 ne·

130 2072 216 2114 cesse
236 2051 278 2115 sit
297 2055 354 2115 aut
366 2052 447 2116 mihi
466 2051 624 2117 accedere
660 2050 733 2136 Ego
746 2054 876 2116 tantum
893 2051 954 2116 tibi
968 2052 1087 2137 tribuo,

129 2141 231 2222 quant
231 2160 286 2204 um
314 2139 394 2202 mihi
420 2139 559 2204 fortasse
582 2159 712 2240 arrogo,
739 2143 776 2203 ut
805 2140 1007 2225 exploratum
1029 2141 1086 2205 ha·

128 2227 231 2310 boam,
255 2226 408 2310 quidquid
426 2247 487 2292 nos
506 2227 670 2293 communi
688 2229 850 2294 sententia
868 2229 1086 2314 statuerimus,

128 2315 162 2379 id
185 2335 296 2379 omnes
319 2313 468 2380 homines
490 2315 692 2400 probaturos
736 2314 829 2383 Vale.

582 2525 624 2592 Π.

129 2637 184 2693 Sor.
204 2639 234 2694 in
254 2622 377 2695 Cumano
398 2641 629 2764 exeuntefflmense
643 2638 739 2766 7ιόιέιιιι
764 2641 799 2708 (ι.
819 2640 846 2695 d.
865 2641 912 2696 III.
931 2639 964 2695 Κ.
983 2639 1086 2712 Maias)

552 2728 579 2764 u.
599 2727 622 2765 c.
696 2751 703 2765 .

318 2833 355 2889 M.
375 2831 505 2889 CICERO
524 2833 552 2889 S.
570 2833 604 2888 D.
624 2833 700 2889 SER.
720 2832 892 2890 SULPICIO.

93 2943 108 2992 1
194 2928 234 2995 A
258 2931 287 2996 d
311 2945 361 2994 111
384 2931 457 2997 Kal.
480 2931 584 2998 Maias
612 2954 710 3017 quum
737 2953 840 2999 essem
867 2934 903 3000 in
930 2931 1085 3018 Cumano,

127 3019 236 3104 accepi
258 3024 332 3086 tuas
354 3021 490 3106 litteras,
513 3020 629 3105 quibus
648 3020 739 3087 lectis
758 3022 897 3108 cognovi
919 3022 1085 3088 nonsatis

127 3108 303 3192 prudenter
333 3107 447 3176 fecisse
475 3109 699 3195 Philotimum,
731 3111 799 3196 qui,
831 3132 930 3195 quum
962 3110 1085 3176 abste

127 3197 261 3263 mandat
246 3200 281 3263 ta
299 3197 487 3283 haberet,u
487 3198 642 3283 tsoribis,
665 3199 703 3264 de
722 3198 871 3265 omnibus
888 3198 1025 3283 rebus,
1015 3218 1085 3282 rpse

197 3406 250 3476 Ep.
272 3414 335 3476 1,1
373 3423 429 3483 epo,
447 3423 530 3478 qaum
549 3423 589 3464 mc
608 3407 672 3480 (Vn)
711 3423 757 3480 epo
775 3425 878 3468 mecam
894 3423 935 3465 mc
952 3406 991 3463 M.
1027 3420 1085 3476 epo·

126 3481 179 3533 met
206 3493 267 3533 cum
284 3495 325 3535 mc
344 3479 375 3534 B.
