2370 3878
94 240 97 244 .
165 196 228 258 396
258 182 278 209 ⁵
446 196 482 251 M.
502 196 624 251 TULLII
644 195 833 251 CICERONIS

164 339 312 403 omnibus
341 339 405 403 suis
433 339 611 403 latronibus
639 343 733 423 atque
762 340 849 404 omni
876 342 1014 423 pecunia
1043 363 1119 406 con·

164 427 313 490 scandere
346 447 414 489 esse
445 430 594 508 paratum
620 426 810 510 Italiamque
845 432 966 510 petere3
998 429 1121 495 ideirco

164 515 261 577 etiam
293 535 391 577 naves
424 515 599 598 onerarias,
631 536 766 597 quarum
791 516 897 580 minor
928 517 1019 579 nulla
1048 521 1119 580 erat

164 601 261 664 duum
293 601 416 664 milium
448 601 653 685 amphoram,
685 605 867 667 contractas
899 604 934 666 in
965 603 1067 687 Lycia
1099 627 1120 669 a

128 691 144 738 3
164 689 264 752 classe
288 688 354 752 eius
378 689 524 752 obsideri.
573 689 678 754 Huius
704 690 751 753 rei
773 690 902 772 timore,
929 713 959 773 p.
983 712 1018 773 c.,
1045 713 1117 774 per-

164 777 244 839 citus
280 777 413 840 iniurias
453 778 577 860 perpeti
614 780 646 840 et
682 798 754 842 oum
792 779 986 843 contumelia
1018 780 1117 842 etiam

163 867 275 927 nostra
298 865 406 927 omnia
428 865 516 947 prius
544 865 679 947 experiri
705 865 816 928 malui:
844 866 951 947 itaque
982 865 1022 928 ad
1046 867 1117 930 illo-

163 973 234 1014 rum
252 953 451 1016 voluntatem
469 952 671 1016 introductus
689 953 723 1014 in
742 953 854 1016 urbem
872 957 905 1016 et
918 954 953 1016 in
967 957 1116 1017 senatum

164 1061 272 1103 eorum
296 1061 392 1123 quam
415 1040 657 1124 diligentissime
679 1041 771 1123 potui
794 1061 923 1104 causam
945 1042 993 1105 rei
1010 1040 1118 1124 publi·

164 1147 218 1190 eae
247 1128 298 1212 egi
325 1128 562 1211 periculumque
586 1148 693 1210 omne,
721 1128 813 1210 quod,
828 1128 977 1211 instaret,
1005 1129 1032 1192 si
1062 1129 1118 1192 ille

162 1215 245 1279 latro
269 1236 342 1280 cum
365 1216 430 1279 suis
453 1215 601 1279 omnibus
624 1236 723 1278 naves
747 1215 996 1298 conscendisset,
1020 1238 1117 1300 expo·

163 1304 225 1386 sui,
247 1302 392 1366 Rhodios
416 1305 522 1366 autem
545 1305 637 1366 tanta
660 1303 694 1366 in
717 1303 875 1385 pravitate
894 1303 1116 1385 animadverti,

162 1394 200 1453 ut
223 1410 334 1455 omnes
356 1389 512 1453 firmiores
534 1392 686 1472 putarent
708 1411 804 1472 quam
826 1390 944 1474 bonos,
970 1396 1008 1454 ut
1030 1391 1115 1455 hano

163 1477 366 1541 concordiam
389 1482 421 1540 et
444 1478 713 1561 conspirationem
736 1478 879 1541 omnium
895 1479 1053 1543 ordinum
1075 1480 1115 1542 ad

164 1565 397 1628 defendendam
414 1565 596 1629 libertatem
609 1586 767 1648 propense
784 1586 852 1630 non
866 1566 1033 1630 crederent
1047 1586 1118 1630 esse

163 1653 296 1735 factam,
322 1656 359 1716 ut
386 1652 575 1736 patientiam
603 1656 732 1717 senatus
760 1657 793 1716 et
820 1654 934 1736 optimi
963 1655 1119 1737 cuiusque

163 1762 291 1804 manere
315 1741 412 1804 etiam
434 1761 520 1804 nune
543 1741 740 1806 confiderent
757 1761 817 1805 nec
835 1743 979 1823 potuisse
998 1742 1118 1805 audere

164 1850 355 1912 quemquam
373 1828 576 1893 Dolabellam
598 1829 724 1892 hostem
747 1828 896 1911 iudicare,
918 1832 955 1891 ut
978 1829 1118 1913 denique

163 1918 284 2000 omnia,
312 1939 392 2000 quae
420 1916 558 2000 improbi
580 1916 761 2000 fingebant,
782 1917 886 2000 magis
909 1937 985 1980 vera
1008 1917 1117 1980 existi-

162 2009 300 2087 marent,
332 2027 429 2088 quam
460 2025 541 2087 quae
571 2025 644 2067 vere
675 2003 763 2067 facta
790 2006 883 2067 erant
915 2008 947 2066 et
974 2026 993 2067 a
1020 2005 1118 2070 nobis

128 2092 368 2156 4docebantur.
414 2091 484 2166 Qua
515 2094 622 2154 mente
655 2091 751 2154 etiam
784 2095 859 2154 ante
886 2095 1033 2155 nostrum
1062 2093 1116 2155 ad-

163 2183 294 2243 ventum
312 2184 387 2263 post
405 2179 557 2243 Trebonii
574 2178 830 2262 indignissimam
849 2179 978 2242 caedem
996 2183 1116 2244 cetera·

163 2289 223 2349 que
255 2271 305 2332 tot
336 2270 464 2349 tamque
495 2265 619 2329 nefaria
649 2265 794 2330 facinora
825 2266 919 2329 binae
951 2267 1118 2350 profectae

163 2357 255 2418 erant
278 2355 317 2417 ad
340 2354 543 2419 Dolabellam
569 2354 747 2437 legationes
776 2375 899 2435 eorum,
926 2358 959 2418 et
986 2355 1115 2438 quidem

162 2464 247 2507 novo
271 2442 424 2526 exemplo,
447 2446 560 2505 contra
581 2443 668 2524 leges
690 2442 846 2524 ipsorum,
868 2441 1117 2524 prohibentibus

162 2531 215 2611 iis,
247 2530 302 2612 qui
333 2533 402 2593 tum
434 2529 642 2613 magistratus
675 2530 838 2613 gerebant
891 2528 1020 2607 †Haec
1048 2529 1116 2593 slve

163 2618 291 2700 timore,
319 2622 355 2681 ut
382 2617 544 2699 dictitant,
572 2616 610 2679 de
638 2617 736 2700 agriS,
765 2639 845 2700 quos
872 2616 907 2679 in
935 2617 1115 2680 continenti

163 2705 293 2789 habent,
316 2706 381 2769 sive
403 2704 521 2786 furore,
544 2704 610 2766 sive
632 2704 778 2787 potentia
798 2725 983 2788 paucorum,
1005 2705 1060 2786 qui
1083 2709 1117 2767 et

164 2797 259 2856 antea
276 2794 346 2876 pari
366 2791 559 2856 contumelia
577 2792 662 2856 viros
681 2792 872 2857 clarissimos
891 2792 1064 2855 affecerant
1083 2796 1117 2855 et

111 2909 121 2920 ·
163 2901 249 2943 nunc
272 2880 427 2945 maximos
450 2880 658 2963 magistratus
682 2883 839 2964 gerentes,
860 2880 949 2944 nullo
969 2880 1115 2962 exemplo

162 2989 266 3051 neque
289 2970 401 3032 nostra
424 2989 462 3032 ex
485 2971 575 3052 parte
599 2967 616 3006 ‘¹‘
636 2989 739 3052 neque
762 2971 873 3032 nostro
896 2968 1116 3050 praesentium

232 3159 283 3229 Ep.
296 3163 337 3225 15,
351 3165 375 3212 3.
395 3175 425 3227 p.
441 3175 462 3212 c.
478 3159 543 3227 (M).
576 3163 671 3227 putres
680 3159 825 3226 conscripti
838 3157 931 3228 vulgo.
968 3162 993 3211 4.
1012 3157 1119 3224 †Haec

164 3272 177 3284 ..
191 3274 195 3283 .
208 3273 213 3282 .
227 3231 353 3298 potentio
385 3228 435 3296 (sic
458 3229 573 3298 Egnat3
596 3230 736 3296 patientia
757 3228 806 3296 M.)
832 3271 855 3283 ..
873 3271 878 3282 .
897 3232 979 3298 porte
997 3229 1013 3263 *
1031 3244 1118 3296 aequa

163 3301 237 3367 (W).
279 3300 335 3353 Hic
357 3301 412 3354 siue
435 3304 453 3351 t.
478 3298 563 3366 (Or-I?
582 3329 615 3336 —
635 3299 782 3364 affecerant
808 3298 844 3368 [et
865 3316 893 3352 a.
912 3316 945 3351 m.
966 3315 1001 3351 m.
1024 3314 1116 3367 perea-

161 3370 220 3439 tes],
238 3387 265 3423 a.
285 3370 368 3437 (W.)?
392 3400 425 3408 -
445 3374 527 3436 parte
546 3368 663 3422 lacessiti
686 3368 741 3434 (vel
754 3371 907 3436 provocati)
929 3384 1013 3437 neque
1030 3369 1097 3436 (W.)

154 3442 224 3493 haer
243 3440 302 3565 egee
319 3483 324 3494 .
342 3482 347 3493 .
365 3482 370 3494 .
387 3480 393 3493 .
413 3440 469 3494 cive
490 3439 650 3508 lmpoteatia
738 3443 856 3508 gerentes
880 3439 957 3494 nullo
1033 3444 1119 3508 parte

142 3525 233 3580 neque
276 3554 283 3567 .
