2370 3878
124 130 192 192 494
408 127 445 180 Μ.
465 125 587 179 TULLII
606 124 798 180 CICERONTS

124 294 192 338 non
215 271 359 336 dubitavi
382 269 584 352 contendere,
606 272 644 333 ut
665 269 750 333 hane
773 289 902 332 causam
929 270 978 333 illi
1001 271 1085 334 inte-

89 377 107 423 4
126 382 217 447 gram
241 379 458 424 conservares:
482 356 568 440 quod
591 357 652 421 etsi
674 357 776 420 nihilo
800 357 906 420 minus
930 379 949 421 a
971 360 1005 421 te
1028 381 1084 441 pe-

125 453 241 531 terem,
274 448 300 510 si
331 445 414 510 nihil
446 445 638 509 audivissem
665 448 697 508 te
723 445 789 508 tale
811 445 939 528 fecisse,
971 448 1085 510 tamen

124 537 279 601 maiorem
302 555 391 617 spem
414 532 608 616 impetrandi
629 537 744 597 nactus
768 554 847 616 sum,
869 537 1084 617 posteaquam

124 623 205 688 mihi
228 622 348 686 dictum
372 624 430 705 est,
451 621 513 685 hoc
536 621 621 685 idem
644 643 663 684 a
685 624 717 684 te
731 619 907 705 Regienses
931 621 1083 705 impetra-

124 713 218 794 visse,
241 711 296 794 qui
319 710 379 774 etsi
401 712 434 773 te
454 709 561 792 aliqua
579 708 814 774 necessitudine
833 709 1012 794 attingunt,
1033 716 1083 774 ta·

124 821 200 864 men
222 802 411 863 tuus‘amor
437 798 473 861 in
500 818 550 861 me
574 818 700 880 sperare
728 817 779 861 me
807 797 895 881 cogit
921 801 967 882 te,
996 799 1083 882 quod

124 888 190 951 tuis
209 886 397 951 necessariis
410 885 570 968 tribueris,
587 884 672 948 idem
691 906 759 949 esse
777 885 975 950 tributurum
993 887 1084 969 meis,

125 976 314 1064 praesertim
338 995 436 1058 quum
464 994 524 1057 ego
547 995 605 1056 pro
628 972 680 1037 his
704 973 776 1036 unis
798 976 920 1056 petam,
943 974 1083 1038 habeam

126 1068 243 1147 autem,
265 1063 321 1146 qui
343 1062 440 1126 simili
463 1081 559 1125 causa
582 1060 746 1141 laborent,
769 1062 949 1144 complures
973 1083 1082 1126 neces-

126 1153 236 1217 sarios.
272 1149 344 1215 Hoc
366 1171 417 1213 me
440 1171 508 1213 non
531 1149 599 1212 sine
614 1170 711 1212 causa
731 1148 836 1212 facere
851 1170 954 1232 neque
973 1151 1083 1234 aliqua

59 1235 61 1238 ’
125 1241 188 1304 levi
216 1239 391 1303 ambitione
419 1239 614 1301 commotum
642 1259 662 1299 a
683 1239 715 1300 te
739 1236 932 1301 contendere
961 1239 1022 1301 etsi
1049 1241 1083 1302 te

126 1328 306 1392 existimare
337 1326 488 1407 arbitror,
514 1328 623 1387 tamen
651 1324 730 1387 mihi
761 1323 938 1388 affirmanti
970 1325 1093 1390 credas·

126 1416 231 1498 velim,
253 1435 303 1477 me
326 1413 401 1476 huic
424 1412 598 1495 municipio
622 1412 736 1476 debere
750 1413 932 1496 plurimum,
955 1415 1083 1478 nullum

127 1523 279 1585 umquam
305 1501 404 1564 fuisse
432 1504 559 1582 tempus
586 1521 690 1583 neque
717 1500 878 1564 honorum
904 1520 965 1564 nec
992 1502 1082 1567 labo·

127 1612 199 1653 rum
222 1610 375 1672 meorum,
397 1588 433 1651 in
456 1610 519 1671 quo
542 1608 609 1652 non
631 1588 727 1651 huius
750 1588 916 1670 municipii
939 1589 1083 1654 studium

90 1679 162 1741 oin
185 1698 235 1740 me
259 1676 416 1740 exstiterit
440 1676 610 1760 singulare.
656 1674 858 1759 Quapropter
884 1679 959 1740 ate
983 1679 1083 1742 etiam

127 1768 223 1850 atque
242 1765 339 1829 etiam
358 1786 417 1848 pro
437 1768 549 1829 nostra
568 1786 692 1828 summa
711 1764 936 1828 coniunctione
959 1787 1084 1848 proque

125 1858 183 1918 tua
205 1853 241 1918 in
263 1874 313 1917 me
336 1856 491 1937 perpetua
515 1856 547 1916 et
574 1852 713 1916 maxima
736 1852 959 1916 benevolentia
982 1855 1084 1919 maio·

56 1980 59 1986 -
126 1964 194 2006 rem
216 1943 252 2006 in
274 1942 405 2006 modum
427 1944 502 2024 peto
524 1944 620 2024 atque
639 1940 809 2023 contendo,
831 1943 876 2022 ut,
900 1962 999 2023 quum
1017 1943 1084 2007 for-

125 2034 223 2095 tunas
251 2031 304 2115 agi
332 2029 400 2093 eius
427 2028 593 2111 municipii
619 2028 796 2112 intelligas,
824 2027 909 2111 quod
937 2029 980 2092 sit
1001 2030 1084 2093 mihi

126 2118 370 2201 necessitudine,
389 2116 513 2199 officiis,
531 2116 756 2180 benevolentia
775 2116 1085 2200 coniunctissimum,

77 2278 80 2284 ,
127 2205 160 2269 id
183 2206 263 2269 mihi
285 2204 350 2288 des,
373 2204 459 2287 quod
482 2203 543 2268 erit
561 2203 754 2286 huiusmodi,
776 2207 822 2286 ut,
845 2204 871 2266 si
894 2226 914 2266 a
937 2202 1085 2288 Caesare,

128 2294 213 2377 quod
237 2313 411 2376 speramus,
433 2292 684 2374 impetrarimus,
706 2294 763 2355 tuo
786 2290 942 2356 beneficio
965 2313 1025 2357 nos
1049 2294 1085 2356 id

128 2384 317 2446 consecutos
345 2401 413 2444 esse
440 2379 629 2462 iudicemus,
661 2379 711 2443 sin
734 2379 853 2461 minus,
880 2401 938 2462 pro
969 2402 1007 2445 eo
1035 2384 1085 2444 ta·

128 2468 202 2534 men
233 2468 266 2532 id
297 2468 488 2552 habeamus,
519 2467 672 2551 quoniam
699 2488 718 2530 a
745 2469 777 2530 te
805 2468 881 2531 data
911 2467 953 2531 sit
977 2490 1086 2552 opera,

127 2561 164 2622 ut
199 2557 452 2640 impetraremus.
510 2554 582 2618 Hoc
618 2576 717 2637 quum
750 2555 830 2618 mihi
864 2555 1086 2639 gratissimum

127 2645 255 2730 feceris,
281 2648 352 2708 turn
378 2643 465 2707 viros
489 2643 641 2726 optimos,
667 2642 814 2706 homines
837 2643 1085 2708 honestissimos

128 2734 319 2815 eosdemque
343 2730 543 2817 gratissimos
571 2733 604 2793 et
626 2733 682 2794 tua
704 2730 939 2794 necessitudine
963 2732 1085 2816 dignis·

129 2823 225 2886 simos
254 2841 379 2884 summo
406 2818 561 2883 beneficio
589 2818 625 2881 in
651 2821 843 2902 perpetuum
868 2818 930 2883 tibi
954 2820 1086 2905 tuisque

128 2908 316 2973 devinxeris.

198 3097 249 3169 Ep.
271 3103 295 3167 7,
309 3102 334 3154 o.
371 3097 426 3164 des,
444 3098 516 3166 pared
534 3097 608 3166 (W.).
645 3069 704 3152 dcc:
722 3098 794 3170 quod
812 3097 905 3168 vulgo.
