2370 3878
119 160 184 224 600
399 158 437 215 ll.
457 157 580 212 TULLII
599 157 788 213 CICERONIS

119 304 299 386 obsistitur,
322 301 458 366 maxime
481 298 627 383 Catonis,
654 302 705 366 cui
728 305 837 366 tamen
865 303 997 387 egregie
1021 303 1080 366 im·

118 393 227 476 posuit
249 390 328 455 Milo
351 394 474 455 noster:
496 411 573 454 nam
595 391 649 453 ille
667 389 783 453 vindex
802 390 1025 474 gladiatorum
1049 394 1081 454 et

119 480 342 545 bestiariorum
357 482 479 542 emerat
491 477 530 541 de
545 475 702 542 Cosconio
717 482 750 541 et
762 476 943 561 Pomponio
959 479 1079 542 bestia·

119 569 198 650 rios,
226 588 285 630 nec
309 566 377 630 sine
404 567 443 629 iis
467 566 599 629 armatis
620 587 773 649 umquam
795 566 830 628 in
852 566 985 649 publico
1010 567 1078 631 fue·

118 660 182 737 rat3
213 655 273 718 hos
306 655 390 718 alere
422 676 490 718 non
521 657 662 737 poterat,
698 655 806 737 itaque
841 654 895 717 vix
927 655 1079 738 tenebat3

119 743 219 808 sensit
240 740 333 807 Milo:
361 741 449 806 dedit
475 742 601 806 cuidam
628 762 695 806 non
721 740 873 805 familiari
894 745 1077 827 negotium,

118 833 173 914 qui
196 831 265 895 sine
289 831 470 914 suspicione
493 833 613 894 emeret
634 850 705 893 eam
722 829 878 894 familiam
901 851 922 893 a
936 829 1078 914 Catone,

119 941 199 1003 quae
224 919 319 983 simul
346 922 442 1002 atque
470 918 608 982 abducta
635 921 697 999 est,
723 917 878 1000 Racilius,
905 919 961 1001 qui
992 942 1076 983 unus

118 1010 249 1090 optimas
272 1010 323 1071 est
344 1007 406 1070 hoc
429 1010 572 1089 tempore
590 1005 739 1069 tribunus
757 1007 809 1088 pl,
831 1027 899 1069 rem
919 1007 1077 1090 patefecit

119 1117 236 1180 eosque
257 1095 405 1160 homines
428 1094 489 1158 sibi
511 1098 637 1177 emptos
665 1115 733 1157 esse
756 1094 837 1157 dixit
854 1129 895 1140 -
916 1094 962 1157 sic
987 1096 1076 1159 enim

118 1187 347 1269 placuerat-
371 1187 404 1246 et
434 1181 579 1246 tabulam
609 1182 810 1265 proscripsit,
846 1203 879 1245 se
914 1181 1078 1247 familiam

119 1272 331 1338 Catonianam
363 1270 579 1334 venditurum:
615 1270 650 1333 in
682 1291 752 1333 eam
784 1271 928 1333 tabulam
960 1273 1077 1356 magni

118 1362 201 1426 risus
224 1360 510 1442 consequebantur.
555 1357 651 1422 Hunc
678 1358 778 1441 igitur
805 1355 961 1422 Catonem
992 1359 1076 1424 Len·

118 1450 205 1512 tulus
237 1470 256 1511 a
287 1448 413 1532 legibus
444 1446 581 1510 removit
612 1448 644 1509 et
676 1467 744 1528 eos,
776 1447 830 1529 qui
862 1446 900 1509 de
934 1444 1078 1512 Caesare

117 1540 263 1600 monstra
290 1535 550 1618 promulgarunt,
582 1533 698 1617 quibus
724 1533 936 1598 intercederet
962 1556 1078 1618 nem03

118 1646 207 1706 nam,
235 1622 320 1706 quod
348 1622 386 1684 de
412 1620 565 1704 Pompeio
589 1620 744 1685 Caninius
767 1623 849 1706 agit,
872 1643 950 1687 sane
976 1644 1077 1706 quam

118 1712 255 1792 refrixit3
276 1732 380 1793 neque
396 1710 481 1773 enim
494 1731 546 1774 res
559 1709 715 1792 probatur
729 1713 762 1773 et
773 1708 946 1792 Pompeius
959 1716 1079 1776 noster

118 1802 153 1864 in
176 1799 317 1864 amicitia
343 1797 378 1862 Ρ.
406 1798 535 1863 Lentuli
562 1798 762 1881 vituperatur
789 1802 821 1861 et
846 1798 978 1861 hercule
1008 1822 1078 1864 non

119 1894 168 1954 est
190 1889 287 1970 idem3
314 1908 391 1950 nam
414 1887 499 1970 apud
521 1886 770 1970 perditissimam
791 1887 880 1948 illam
903 1890 1005 1968 atque
1030 1889 1078 1952 in·

117 1979 227 2042 limam
249 1977 371 2040 faecem
398 1975 509 2058 populi
531 1978 663 2057 propter
684 1973 840 2037 Milonem
867 1974 1080 2059 suboffendit,

119 2071 152 2130 et
177 2065 255 2130 boni
283 2063 384 2128 multa
411 2063 451 2126 ab
479 2084 517 2126 eo
545 2062 739 2144 desiderant,
770 2063 872 2125 multa
898 2063 1078 2144 reprehen-

119 2155 208 2218 dunt.
256 2150 462 2216 Marcellinus
493 2153 600 2214 autem
635 2150 698 2214 hoc
728 2171 794 2214 uuo
825 2149 904 2213 mihi
919 2145 927 2164 '
942 2152 1079 2232 quidem

118 2265 183 2307 non
200 2240 365 2324 satisfacit,
384 2239 468 2324 quod
482 2261 555 2304 eum
569 2239 665 2302 nimis
679 2258 790 2322 aspere
803 2241 937 2301 tractat:
960 2260 1080 2322 quam·

119 2352 216 2413 quam
233 2329 266 2392 id
286 2330 399 2392 senatu
417 2350 485 2392 non
503 2328 604 2392 invito
623 2327 715 2408 facit,
738 2347 801 2408 quo
821 2346 881 2409 ego
899 2347 951 2389 me
970 2327 1077 2392 liben-

118 2419 183 2481 tius
206 2439 226 2480 a
244 2416 333 2479 curia
351 2419 383 2478 et
401 2417 441 2479 ab
461 2416 548 2480 omni
566 2418 657 2499 parte
676 2415 722 2478 rei
739 2413 885 2496 publicae
904 2413 1079 2482 subtraho.

92 2504 157 2570 eln
180 2504 304 2569 iudiciis
327 2503 351 2566 ii
374 2525 497 2584 sumus,
519 2505 573 2586 qui
595 2503 727 2567 fuimus:
755 2501 868 2565 domus
891 2501 1081 2569 celebratur

118 2596 177 2678 ita,
204 2597 241 2658 ut
268 2613 367 2676 quum
389 2591 535 2654 maxime.
579 2589 690 2654 Unum
713 2590 828 2655 accidit
853 2589 1080 2672 imprudentia

54 2720 64 2729 -·
117 2682 249 2748 Milonis
272 2678 487 2760 incommode,
514 2678 552 2742 de
576 2675 672 2741 Sexto
696 2676 821 2759 Clodio,
849 2698 943 2760 quem
965 2699 1079 2762 neque

117 2772 179 2836 hoc
201 2774 345 2852 tempore
364 2788 467 2850 neque
486 2767 526 2831 ab
544 2766 712 2830 imbecillis
731 2765 969 2847 accusatoribus
993 2769 1078 2832 mihi

118 2859 239 2942 placuit
257 2856 412 2920 accusari:
436 2856 464 2919 ei
482 2859 547 2920 tres
566 2855 745 2918 sententiae
759 2854 928 2918 deterrimo
946 2853 982 2916 in
998 2877 1079 2920 con-

118 2947 189 3011 silio
214 2945 396 3027 defuerunt,
417 2944 526 3028 itaque
548 2943 713 3008 hominem
735 2942 873 3025 populus
891 2948 1024 3007 revocat
1043 2950 1079 3008 et

117 3035 301 3100 retrahatur
326 3053 456 3096 necesse
483 3037 548 3116 est,
576 3053 644 3096 nou
671 3031 757 3095 enim
782 3030 893 3093 ferunt
922 3029 1080 3096 homines

118 3129 158 3206 et,
182 3124 273 3207 quia,
295 3142 394 3207 quum
417 3121 502 3204 apud
526 3142 600 3185 suos
624 3119 751 3201 diceret,
773 3139 875 3202 paene
899 3116 1079 3184 damnatus

117 3215 180 3296 cst,
212 3212 322 3276 vident
358 3209 553 3273 damnatum.
607 3207 657 3272 Ea
687 3207 758 3292 ipsa
793 3207 828 3270 in
860 3226 894 3269 re
925 3203 1080 3290 Pompeii

186 3419 239 3489 Ep.
258 3427 283 3486 4,
298 3425 323 3474 5.
351 3435 424 3475 aaar
441 3419 560 3488 optimae
577 3423 616 3475 eet
633 3417 709 3488 (Ν).
744 3431 818 3489 taras
835 3420 872 3470 cst
888 3414 970 3468 MRI.
1009 3433 1037 3469 a.
1055 3434 1076 3471 e.

108 3493 164 3564 aaa
186 3490 342 3562 Bucheler.,
362 3491 392 3546 B.
700 3538 704 3545 .

174 3762 208 3806 Δ
