2370 3878
154 131 196 195 98
436 132 473 185 n.
494 130 617 185 arcun
634 131 825 186 cicerone

153 279 229 339 ante
260 296 312 337 me
343 275 450 358 rogati
486 276 608 360 gratias
640 273 770 339 Caesari
806 276 950 361 egissent
980 282 1117 360 praeter

152 363 338 427 Volcatium
356 400 400 408 —-
420 363 448 426 is
471 365 570 447 enim,
593 364 621 427 si
643 385 681 428 eo
704 365 775 428 loco
799 370 897 445 esset,
919 365 1056 449 negavst
1078 388 1116 431 se

151 451 314 515 facturum
327 450 445 516 lusisse
458 489 516 535 -‚
538 473 600 536 ego
618 456 752 537 rogatus
769 453 893 516 mutavi
911 474 1021 517 meum
1034 475 1116 519 oon·

154 540 275 621 silium3
302 561 379 603 nam
402 544 578 605 statueram
605 562 674 605 non
699 541 881 605 mehercule
903 541 1031 625 inertia,
1054 544 1116 608 sed

153 627 310 693 desiderio
338 628 494 713 pristinae
522 628 691 713 dignitatis
717 630 754 693 in
775 632 967 712 perpetuum
988 634 1115 696 tacere:

152 716 251 800 fregit
271 716 335 781 hoc
357 738 465 781 meum
488 718 660 781 consilium
686 721 720 782 et
742 714 890 781 Caesaris
916 718 1114 802 magnitudo

153 805 254 868 animi
281 808 315 868 et
341 809 473 869 senatus
506 805 662 887 officium3
692 806 801 888 itaque
828 805 975 889 pluribus
1000 807 1114 873 verbis

153 893 206 977 egi
228 891 359 957 Caesari
381 895 517 979 gratias,
544 915 658 977 meque
681 900 790 958 metuo
813 915 855 958 ne
877 895 975 958 etiam
1001 894 1039 959 in
1060 917 1115 960 ce·

152 981 230 1045 teris
253 982 349 1047 rebus
371 982 509 1048 honesto
533 984 600 1048 otio
621 983 785 1066 privarim‚
807 982 893 1065 quod
915 986 1114 1048 cratonum

153 1071 305 1135 solatium
327 1072 363 1134 in
385 1073 494 1153 malis3
517 1072 573 1135 sed
595 1075 719 1149 tamen,
742 1070 896 1153 quoniam
918 1071 1018 1155 effugi
1041 1073 1114 1137 eius

153 1159 373 1243 offensionem,
396 1161 451 1243 qui
472 1159 612 1224 fortasse
635 1160 846 1223 arbitraretur
862 1179 915 1222 me
932 1158 1018 1223 hanc
1040 1182 1114 1225 rem

152 1248 314 1330 publicam
337 1269 405 1312 non
427 1252 555 1331 putare,
577 1249 606 1310 si
627 1252 782 1330 perpetuo
805 1251 959 1330 tacerem,
984 1248 1114 1313 modice

152 1335 215 1399 hoc
237 1335 355 1399 faciam
377 1336 554 1398 autetiam
576 1336 663 1398 intra
680 1335 822 1417 modum,
844 1339 881 1399 ut
898 1339 932 1399 et
948 1335 1037 1399 illius
1054 1359 1113 1401 ro·

152 1423 272 1487 luntati
295 1427 328 1487 et
349 1423 430 1486 meis
454 1423 569 1487 studiis
592 1422 742 1486 serviam:
769 1444 856 1505 nam,
879 1424 940 1488 etsi
962 1445 983 1487 a
1003 1426 1114 1507 prima

153 1515 260 1574 aetate
277 1532 328 1574 me
348 1512 453 1575 omnis
472 1533 525 1575 ars
543 1515 576 1575 et
594 1511 742 1576 doctrina
758 1510 901 1575 liberalis
919 1515 954 1575 et
969 1513 1113 1578 maxime

152 1599 359 1683 philosophia
382 1599 562 1681 delectavit,
583 1604 694 1663 tamen
715 1599 778 1665 hoc
801 1600 943 1664 studium
965 1601 1113 1682 quotidie

152 1688 360 1772 ingravescit,
383 1687 477 1752 credo
500 1692 534 1752 et
556 1689 671 1752 aetatis
693 1688 880 1752 maturitate
907 1688 949 1752 ad
970 1689 1112 1771 pruden-

152 1777 233 1840 tiam
256 1780 289 1840 et
310 1776 351 1840 iis
369 1780 552 1860 temporum
570 1776 668 1859 uitiis,
688 1780 725 1840 ut
742 1777 834 1840 nulla
850 1797 902 1841 rea
920 1777 984 1840 alio
1002 1776 1112 1841 levare

118 1866 299 1930 caninum
326 1865 483 1930 molestiis
510 1865 627 1949 possit3
660 1886 679 1928 a
707 1886 770 1948 qno
798 1864 905 1929 studio
932 1868 967 1928 te
993 1864 1112 1930 obduci

153 1955 293 2038 negotiis
315 1954 463 2040 intelligo
486 1975 526 2017 ex
547 1955 613 2018 tuis
635 1954 763 2036 litteris,
785 1953 842 2016 sed
863 1956 974 2017 tamen
987 1953 1112 2036 aliquid

153 2043 218 2104 iam
240 2046 353 2106 noctes
375 2047 408 2106 te
431 2042 639 2108 adiuvabant.
675 2040 805 2106 Servius
827 2045 904 2105 tuus
926 2041 978 2104 vel
999 2041 1111 2124 potius

153 2134 264 2193 noster
282 2152 410 2194 summa
426 2152 477 2194 me
497 2130 703 2194 observantia
719 2130 806 2212 colit,
824 2130 915 2193 cuius
933 2149 995 2213 ego
1008 2151 1111 2212 quum

154 2217 243 2281 omni
265 2217 427 2301 probitate
450 2239 639 2300 summaque
665 2217 798 2300 virtute,
820 2222 891 2281 turn
914 2217 1029 2281 studiis
1053 2218 1110 2283 do-

154 2305 321 2388 ctrinaque
344 2307 494 2371 delector.
538 2305 572 2369 Is
598 2304 725 2370 mecum
753 2327 848 2389 saepe
877 2305 916 2369 de
938 2310 997 2369 tua
1017 2327 1111 2369 man-

155 2394 244 2458 sione
258 2397 315 2458 ant
333 2394 517 2459 decessione
536 2395 764 2458 communicat:
787 2393 892 2457 adhuc
904 2393 942 2457 in
956 2393 1018 2457 hac
1036 2416 1110 2457 smn

154 2483 325 2567 sententia,
346 2483 429 2546 nihil
446 2486 484 2546 ut
500 2482 667 2565 faciamus,
688 2482 753 2546 nisi
771 2483 858 2564 quod
874 2482 1013 2547 maxime
1030 2479 1111 2547 Cae·

154 2593 208 2635 sar
229 2572 312 2636 velle
333 2570 488 2636 rideatur.
532 2570 598 2635 Res
626 2574 703 2635 sunt
724 2570 895 2653 eiusmodi,
916 2574 968 2653 ut,
994 2570 1023 2634 si
1043 2569 1110 2635 Rc

153 2681 225 2723 mae
249 2660 307 2743 sis,
334 2660 417 2725 nihi]
439 2665 468 2724 tc
494 2662 622 2742 praeter
643 2664 719 2724 tuos
741 2659 899 2723 delectare
925 2658 1043 2743 possit3
1070 2658 1111 2722 de

153 2748 295 2831 reliquis,
316 2748 399 2813 nihil
421 2748 537 2813 melius
558 2749 631 2831 ipso
654 2751 714 2830 est,
735 2747 833 2811 ceteri
851 2750 884 2810 et
901 2750 1009 2811 cetera
1026 2746 1110 2810 eius·

154 2836 257 2917 modi,
278 2840 330 2918 ut,
355 2838 383 2900 si
410 2838 549 2901 alterum
574 2844 686 2900 utrum
707 2856 838 2900 necesse
861 2836 917 2916 sit,
938 2834 1049 2899 audire
1072 2856 1111 2898 ea

153 2924 248 2988 malis
272 2945 369 3007 quam
391 2925 508 2990 videre.
551 2923 624 2989 Hoc
645 2928 795 2990 nostrum
822 2924 993 2990 consilium
1013 2922 1112 2987 nobis

154 3013 288 3077 minime
310 3013 485 3078 iucundum
508 3018 572 3096 est,
601 3012 657 3096 qni
677 3016 711 3077 te
733 3012 842 3077 videre
864 3012 1027 3096 cupimus,
1053 3012 1111 3075 sed

154 3101 353 3167 consulimus
374 3102 445 3168 tibi.
487 3101 581 3167 Vale.

225 3329 277 3399 Ep.
296 3334 323 3397 4,
341 3333 366 3383 4.
403 3333 429 3382 ct
446 3329 483 3383 iis
499 3332 519 3382 t.
538 3327 614 3383 ritic'a
632 3325 708 3397 (W).
753 3330 779 3382 et
795 3327 839 3382 tis
856 3332 875 3381 t.
893 3342 919 3380 v.
941 3326 993 3393 hl,
1015 3326 1113 3397 vulgo.

155 3405 180 3454 5.
216 3401 289 3455 ailad
305 3405 332 3454 tc
343 3404 456 3469 practer
472 3398 535 3467 (Ia).
581 3399 643 3454 arbi
659 3403 771 3468 practer
787 3399 825 3453 n.
874 3398 947 3452 nilrrl
960 3413 1006 3467 pr.
1026 3395 1057 3451 Β.
1076 3426 1112 3437 -

154 3471 285 3526 delectare
302 3470 370 3539 (bh).
406 3476 432 3525 te
448 3470 499 3525 del.
517 3469 548 3523 B.
