2370 3878
311 168 570 234 EPISTULARUM
589 168 663 225 XIII.
683 175 795 224 12-15.
964 172 1028 232 431

72 336 113 379 ea
134 332 187 378 ras
208 335 230 379 a
251 312 416 397 Volcatio,
438 313 494 397 qui
515 311 638 378 Romae
662 312 713 377 ius
736 311 825 395 dicit,
854 312 972 377 reiecta
994 312 1030 377 in

71 401 213 467 Galliam
240 405 298 467 eat
341 400 421 466 Peto
446 423 466 465 a
488 405 520 465 te
551 402 614 465 hoc
646 399 845 485 diligentius,
878 421 975 484 quam
1002 402 1064 465 sia

72 512 147 555 mea
167 510 219 554 res
242 492 339 572 esset,
366 511 429 573 quo
453 492 503 553 cst
524 488 692 553 honestius
715 489 753 553 de
777 489 953 554 amicorum
975 511 1029 573 pe·

73 578 171 643 cunia
191 577 339 642 laborare
358 599 454 661 quam
473 576 511 641 de
531 598 598 661 sua,
620 580 658 641 ut
675 577 842 662 negotium
861 577 1029 641 conficien-

73 667 152 731 dum
174 686 275 750 curos,
296 664 365 749 ipse
386 665 551 749 suscipias,
572 664 734 749 transigas
754 686 947 749 operamque
965 664 1030 748 des,

74 753 182 838 quoad
208 752 268 818 tibi
296 775 434 837 aequum
461 756 494 817 et
520 756 644 818 rectum
670 752 842 836 videbitur,
869 755 906 816 ut
933 774 1030 837 quam

74 841 334 909 commodissima
366 840 553 906 condicione
589 841 723 905 libertus
756 839 940 925 Strabonis,
976 841 1031 925 qui

74 931 145 996 cius
173 931 220 996 rei
251 952 350 996 causa
376 930 492 994 missus
520 931 584 1012 est,
615 928 782 1013 negotium
809 929 959 993 conficiat
990 929 1031 991 ad

73 1040 287 1103 nummosque
308 1017 483 1103 perveniat.
519 1016 557 1080 Id
581 1020 614 1081 et
635 1016 715 1080 mihi
734 1017 952 1100 gratissimum
971 1017 1032 1080 erit

75 1112 109 1171 ct
130 1112 167 1171 tu
189 1107 258 1190 ipse
276 1105 313 1181 L.
330 1106 451 1170 Titium
475 1125 649 1190 cognosces
669 1104 809 1169 amicitia
831 1108 888 1168 tua
911 1103 1031 1188 dignis·

76 1195 201 1259 simum.
246 1193 338 1270 Quod
370 1198 407 1258 ut
433 1193 494 1257 tibi
526 1214 620 1257 curae
648 1192 703 1276 sit,
735 1194 772 1256 ut
795 1191 903 1257 omnia
926 1192 1032 1256 solent

76 1303 155 1366 csse,
177 1303 259 1366 quac
277 1304 327 1346 me
346 1282 427 1346 velle
446 1281 516 1365 scis,
538 1284 571 1344 te
589 1280 796 1346 vehementer
814 1279 911 1344 etiam
935 1283 1031 1364 atque

76 1370 175 1436 etiam
197 1389 287 1454 rogo.

519 1560 589 1627 XV.

237 1673 294 1729 Ser.
313 1674 432 1729 Asturae
451 1689 546 1752 mense
564 1673 656 1742 Aprili
674 1689 698 1727 a.
718 1691 745 1727 u.
765 1690 787 1727 c.
808 1680 865 1729 709.

302 1796 434 1853 CICERO
454 1796 608 1852 CAESARI
626 1796 699 1850 IMP.
719 1794 794 1850 SAL.

142 1895 314 1962 Precilium
341 1897 400 1960 tibi
429 1895 616 1961 commendo
644 1895 751 1979 unice,
779 1895 828 1958 tui
849 1894 1065 1978 necessarii,1

74 1986 141 2052 mei
162 1985 418 2068 familiarissimi,
445 1984 505 2048 viri
533 1984 646 2069 optimi
668 1983 783 2064 filium3
811 2003 905 2065 quem
933 2004 1031 2067 quum

75 2074 314 2140 adolescentem
335 2073 442 2156 ipsum
463 2077 595 2157 propter
613 2073 681 2135 eius
699 2070 897 2154 modestiam,
919 2072 1030 2135 huma·

74 2163 227 2246 nitatem,
254 2161 397 2226 animum
425 2164 458 2223 ct
480 2182 622 2225 amorem
652 2179 729 2245 erga
756 2181 806 2222 me
835 2159 1031 2244 singularem

74 2249 209 2315 mirifice
233 2250 342 2334 diligo,
364 2253 434 2313 tum
456 2252 581 2332 patrem
605 2248 672 2312 eius
695 2268 729 2311 rc
753 2247 865 2312 doctus
888 2247 1032 2312 intellexi

75 2341 110 2404 et
133 2337 229 2402 didici
250 2338 330 2402 mihi
353 2337 452 2402 fuisse
476 2358 601 2420 semper
619 2336 855 2401 amicissimum
889 2334 960 2418 Em,
978 2336 1030 2399 hic

74 2426 130 2490 ille
158 2427 208 2489 est
230 2425 311 2490 det
296 2426 374 2509 tuis,
401 2425 538 2489 maxime
566 2424 620 2509 qui
648 2424 778 2488 irridere
806 2427 901 2506 atquc
926 2423 1031 2487 obiur-

75 2534 154 2615 gare
177 2534 228 2577 me
251 2513 365 2579 solitus
389 2517 450 2597 est,
474 2512 559 2596 quod
581 2533 632 2575 me
655 2533 723 2576 non
744 2513 866 2593 tecum,
888 2531 1030 2593 praeser-

74 2602 136 2666 tim
159 2623 258 2685 quum
281 2601 376 2666 abst
361 2600 640 2666 tehonorificent
616 2599 738 2664 tissime
761 2598 929 2682 invitarer,
957 2618 1031 2662 con·

74 2690 258 2774 iungerem3

121 2805 193 2876 ἀλλ’
220 2805 361 2895 epist
320 2833 362 2876 ου
379 2832 459 2876 ποτε
481 2806 596 2894 θυμὸν
615 2807 664 2874 ἐνὶ
683 2804 865 2892 στήθεσσιν
884 2809 1030 2873 ἔπειθεν·

74 2934 247 3027 audiebam
269 2936 354 3000 enim
378 2937 507 3000 nostros
530 2954 678 3018 proceres
701 2933 915 2999 clamitantes:

119 3053 257 3167 αλκιμος
279 3052 363 3140 lca,
385 3057 442 3122 ivo
464 3059 514 3133 τίς
542 3073 573 3121 σε
595 3053 650 3120 καὶ
669 3049 842 3138 ὀψιγόνων
864 3044 902 3119 εὖ
925 3058 1009 3139 εἴσῃ.

120 3139 165 3222 rte
187 3142 286 3230 φάτο,
308 3140 465 3211 τὸνδ”’
445 3168 540 3228 agros
558 3143 680 3228 νεφέλη
701 3139 843 3221 ἐκάλυψε
861 3141 1008 3226 μέλαινα.

145 3353 198 3425 MP
219 3360 260 3423 14,
275 3359 299 3408 2.
336 3359 368 3409 al
386 3371 467 3425 quam
482 3355 538 3422 (M,
552 3353 658 3436 vulgo).
694 3349 855 3433 aquamB.
876 3350 937 3416 (err
949 3350 1029 3417 ηρ..)

72 3396 603 3567 [ffig]¹cdgll⁶1,g⁸gtgndesstcor)I.).w
645 3440 664 3478 2·
683 3427 722 3478 eal
741 3423 776 3477 de
797 3420 855 3475 illic
876 3418 912 3473 M.
954 3419 973 3473 i
992 3421 1031 3473 ega
