2370 3878
128 134 197 201 202
413 133 450 186 11
470 131 595 186 rursu
611 131 803 187 memoras

568 381 644 446 ΥΠ.

276 478 280 485 ’
305 491 363 549 Ser.
381 493 488 548 Romae
505 509 602 547 mense
619 493 696 548 Maio
714 511 740 548 a
758 512 785 548 n
804 512 828 549 c.
847 501 909 550 700.

436 615 566 671 CICERO
585 616 777 672 TREBATIO.

94 731 109 781 1
194 717 268 805 Ego
289 721 324 782 te
346 717 570 782 commendare
592 738 660 782 non
678 717 808 800 desisto,
829 717 895 801 sed,
917 718 996 802 quid
1013 740 1091 802 pro·

126 808 244 891 ficiam,
266 828 304 870 ex
325 809 360 870 te
382 806 463 870 scire
485 806 593 888 cupio:
616 827 707 889 spem
728 806 903 870 maximam
921 807 1029 872 babeo
1053 809 1090 872 111

126 895 246 978 Balbo,
272 894 314 958 ad
336 915 432 977 quem
453 893 493 957 de
515 898 548 957 te
570 893 816 978 diligentissime
843 898 877 958 et
898 896 1089 978 saepissime

128 985 243 1050 scribo.
286 982 372 1047 Illud
394 982 483 1047 soleo
505 982 629 1065 11111111,
655 1004 724 1046 non
745 1003 797 1047 me
819 983 917 1047 toties
940 984 1088 1066 accipere

126 1077 201 1138 tuas
223 1073 363 1153 litteras,
389 1071 516 1154 quoties
538 1093 559 1134 a
581 1069 702 1146 Quinto
724 1070 805 1135 mihi
826 1070 927 1135 fratre
950 1071 1089 1136 afferan-

126 1166 190 1227 tur.
234 1160 276 1225 In
297 1159 469 1224 Britannia
490 1158 574 1222 nihil
595 1180 665 1223 esse
687 1158 784 1224 audio
806 1180 910 1242 neque
937 1160 1009 1224 auri
1032 1182 1088 1224 ne·

128 1271 190 1334 que
212 1247 353 1333 argenti:
380 1246 414 1311 id
438 1247 466 1310 si
487 1248 535 1310 ita
557 1250 620 1329 est,
646 1247 794 1312 essedum
823 1247 953 1330 aliquod
976 1249 1088 1332 capias

92 1337 248 1402 asuadeo
280 1339 314 1398 et
344 1334 386 1398 ad
422 1355 483 1398 nos
514 1355 612 1416 quam
645 1334 787 1417 primum
817 1356 972 1399 recurras.
1028 1334 1089 1400 Sin

127 1428 237 1490 autem
259 1423 329 1487 sine
346 1421 519 1486 Britannia
535 1426 645 1486 tamen
663 1424 800 1507 assequi,
823 1423 909 1507 quod
927 1423 1088 1508 volumus,

127 1533 312 1599 possumus,
338 1510 469 1595 perfice,
495 1514 534 1574 ut
555 1510 599 1574 sis
626 1511 662 1574 in
688 1511 901 1575 familiaribus
923 1509 1087 1578 Caesaris:

126 1603 266 1666 multum
292 1602 325 1663 te
351 1599 388 1662 in
414 1619 452 1663 eo
480 1597 583 1662 frater
614 1599 779 1663 adiuvabit
809 1621 914 1684 meus,
945 1601 1087 1665 multum

126 1689 263 1773 Balbus,
286 1687 356 1771 sed,
382 1686 463 1751 mihi
485 1687 592 1769 crede,
618 1691 695 1752 tuus
716 1687 822 1771 pudor
844 1692 877 1752 et
898 1688 992 1752 labor
1012 1690 1087 1772 plu·

126 1779 253 1844 rimam
301 1775 535 1860 Imperatorem
560 1774 834 1858 liberalissimum,
865 1779 1004 1840 aetatem
1027 1799 1086 1861 op·

125 1865 405 1951 portunissimam,
431 1864 744 1930 commendationem
771 1868 857 1928 certe
884 1865 1086 1949 singularem

125 1955 236 2041 habes,
258 1960 296 2020 ut
316 1954 378 2018 tibi
399 1975 501 2019 unum
522 1953 702 2018 timendum
725 1952 777 2036 sit,
798 1974 839 2017 ne
857 1953 927 2036 ipse
945 1953 1007 2017 tibi
1029 1953 1085 2019 de

125 2044 226 2110 fuisse
248 2041 386 2108 videare.

557 2233 649 2299 VIII.

298 2345 356 2402 Sor.
374 2345 481 2401 Romae
498 2359 593 2401 mense
611 2345 691 2401 Iunio
711 2362 735 2400 a.
753 2363 781 2399 n.
800 2361 823 2400 c.
843 2351 903 2402 700.

433 2468 561 2524 CICERO
581 2467 773 2524 TREBATIO.

93 2587 108 2637 1
194 2568 329 2656 Scripsit
314 2570 392 2635 tad
413 2590 465 2634 me
484 2567 601 2634 Caesar
618 2569 860 2652 perhumanIter
881 2569 1026 2635 nondum
1048 2574 1085 2635 te

127 2659 188 2725 sibi
206 2661 284 2725 satis
303 2681 373 2724 esse
389 2658 581 2724 familiarem
599 2660 732 2741 propter
749 2658 976 2759 occupationes
995 2679 1084 2740 suas,

127 2748 183 2812 sed
200 2752 285 2812 certe
303 2747 384 2812 fore:
409 2768 461 2812 cur
452 2745 608 2829 quidem
625 2766 686 2830 ego
705 2747 863 2830 rescripsi,
886 2767 983 2829 quam
1001 2708 1086 2811 mihi

127 2840 256 2921 gratum
287 2840 372 2901 esset
401 2836 561 2918 futurum,
591 2833 620 2897 si
651 2855 748 2916 quam
776 2835 992 2918 plurimum
981 2855 1018 2899 m
1049 2838 1086 2899 te

127 2923 235 3007 studii,
258 2923 364 3008 officii,
386 2884 589 2988 liberalitatis
613 2942 689 2986 suae
713 2923 911 2987 contulisset.
957 2919 1021 2987 Sed
1044 2930 1086 2987 eir

126 3013 191 3078 tuis
218 3012 334 3077 litteris
362 3011 500 3097 cognovi
526 3030 775 3095 praeproperam
803 3010 965 3094 quandam
992 3010 1085 3074 festi-

126 3101 292 3167 nationem
313 3102 404 3166 tuam
427 3104 460 3165 et
482 3099 578 3165 simul
601 3121 672 3163 sum
695 3098 880 3184 admiratus,
902 3120 959 3164 cur
980 3098 1086 3164 tribu·

196 3328 249 3398 Ep
269 3334 334 3397 7,1.
371 3328 525 3395 afferantur
544 3326 619 3395 (W.)
661 3325 826 3392 adferantur
843 3325 879 3380 Μ.
917 3325 1089 3391 adferuntur

127 3397 802 3480 111131-1111111111111..1119111111
819 3396 909 3463 bobes
926 3395 1087 3468 1111111).

126 3438 860 3538 1111111111.11111.11111111’1...11“19.,11Β.
