2370 3878
335 198 593 253 EPISTOLARUM
613 198 645 251 x.
665 204 778 252 ao-ar.
971 199 1034 261 321

78 348 179 431 ponte
193 344 305 409 effecto
320 344 492 407 exercitum
513 343 725 409 traduxissem
740 364 798 427 pro
813 342 1036 429 magnitudine

78 434 125 499 rei
149 433 344 497 celeritatem
368 432 539 514 adhibens,
566 431 651 515 quod
674 431 811 515 petierat
832 453 890 515 per
912 432 1036 495 litteras

78 523 158 607 ipse,
181 525 218 585 ut
239 524 435 585 maturarem
458 521 576 603 venire,
598 522 727 604 praesto
750 519 830 583 mihi
852 519 916 584 fuit
934 523 1037 585 stator

78 610 148 675 eius
170 631 243 674 cum
266 610 395 692 litteris,
418 608 547 692 quibus,
569 629 610 671 ne
632 609 790 690 venirem,
811 608 1037 691 denuntiabat3

79 717 115 763 se
137 719 232 781 posse
256 719 312 781 per
331 719 364 761 se
384 696 540 762 conficere
558 697 739 781 negotium3
760 697 885 761 interea
906 698 947 762 ed
970 697 1036 762 Isu-

77 806 151 875 ,rum
173 790 399 869 exspectarem.
435 784 590 849 Indicabo
613 786 818 849 temerarium
836 807 943 849 meum
962 806 1036 850 con-

79 873 188 939 silium
215 875 288 938 tibi:
321 874 423 938 nihilo
451 874 557 937 minus
585 874 631 936 ire
660 873 822 937 decreram
851 874 1036 938 existimans

79 984 155 1029 eum
178 964 300 1027 socium
324 963 446 1046 gloriae
469 961 584 1043 vitare,
610 961 764 1044 putabam
787 982 882 1044 posse
904 983 956 1026 me
978 984 1037 1026 nec

80 1051 121 1117 de
144 1052 238 1116 laude
262 1051 361 1115 ieiuni
382 1050 524 1115 hominis
548 1049 688 1113 delibare
711 1049 887 1132 quidquam
910 1054 943 1113 et
965 1050 1037 1113 sub·

80 1161 151 1205 esse
174 1143 284 1202 tamen
312 1139 502 1222 propinquis
528 1139 621 1221 locis,
648 1141 698 1220 ut,
726 1137 753 1200 si
780 1137 890 1201 durius
918 1138 1038 1221 aliquid

80 1232 176 1311 esset,
199 1249 382 1292 succurrere
405 1228 549 1291 celeriter
572 1246 708 1310 possem.
748 1225 822 1311 Ego
845 1247 912 1290 non
935 1228 1038 1290 malus
1057 1247 1074 1294 3

80 1316 180 1381 homo
203 1316 266 1380 hcc
294 1315 491 1400 suspicabar:
519 1319 553 1379 at
575 1314 772 1398 Laterensis,
799 1315 849 1378 vir
876 1315 1038 1378 sanctissi-

81 1425 165 1485 mus,
187 1426 246 1467 suo
270 1404 484 1488 chirographo
507 1405 608 1468 mittit
630 1403 710 1467 mihi
732 1405 856 1467 litteras
879 1403 914 1466 in
936 1404 1039 1487 iisque

82 1491 257 1574 desperans
285 1493 324 1556 de
351 1514 398 1575 se,
425 1493 464 1556 de
491 1494 644 1576 exercitu,
672 1492 711 1556 de
734 1491 847 1576 Lepidi
873 1492 936 1556 fide
964 1515 1038 1575 que·

81 1601 221 1663 reusque
244 1603 277 1644 se
300 1582 488 1645 destitutum
513 1577 701 1667 [inquibus]
727 1584 837 1665 aperte
860 1582 1039 1664 denuntiat,

81 1668 221 1751 videam,
253 1691 293 1733 ne
325 1669 433 1752 fallar3
465 1691 556 1733 suam
583 1670 679 1734 fidem
707 1671 846 1734 solutam
878 1691 961 1751 esse,
992 1672 1039 1733 rei

81 1756 228 1840 publicae
248 1780 288 1820 ne
307 1759 416 1821 desim.
452 1758 626 1840 Exemplar
645 1759 713 1822 eius
731 1757 938 1841 ehirographi
953 1757 1038 1822 Titio

82 1845 168 1908 misi:
201 1846 271 1927 ipsa
303 1846 519 1929 chirographa
551 1847 673 1926 omnia,
705 1849 738 1908 et
766 1846 882 1928 quibus
912 1845 1040 1927 credidi,

83 1936 117 1996 et
140 1953 190 2014 ea,
217 1933 333 2014 quibus
360 1934 456 1996 fidem
482 1954 550 1996 non
572 1933 755 1995 habendam
784 1932 910 2015 putavi,
932 1932 1039 1997 Laevo

84 2018 192 2102 Cispio
221 2020 304 2083 dabo
332 2019 535 2102 perferenda,
567 2021 622 2103 qui
650 2020 799 2084 omnibus
826 2020 866 2084 iis
886 2021 1040 2085 interfuit

82 2108 189 2171 rebus.
234 2106 380 2171 Accessit
402 2130 454 2191 eo,
476 2112 514 2171 ut
536 2109 654 2172 milites
678 2109 755 2192 eius,
778 2130 877 2192 quum
899 2108 1039 2193 Lepidus
1058 2127 1076 2176 4

82 2196 342 2279 concionaretur,
368 2197 507 2280 improbi
535 2219 592 2281 per
619 2219 666 2280 sc,
693 2197 843 2280 corrupti.
863 2198 959 2262 etiam
982 2220 1039 2282 per

83 2304 147 2366 eos,
171 2285 225 2367 qui
248 2289 412 2369 praesunt,
435 2283 586 2350 Canidios
604 2284 829 2368 Rufrenosque
853 2289 886 2349 et
907 2290 1039 2368 ceteros,

84 2393 179 2455 quos,
211 2394 310 2455 quum
337 2395 418 2456 opus
447 2374 520 2455 erit,
553 2375 673 2458 scietis,
700 2374 952 2458 conclamarent,
978 2375 1039 2438 viri

83 2460 171 2542 boni,
192 2482 305 2542 pacem
328 2483 362 2525 se
385 2464 465 2526 velle
485 2484 588 2546 neque
607 2485 676 2527 esse
695 2484 767 2527 cum
786 2463 859 2526 ullis
878 2466 1039 2546 pugnatu-

83 2569 137 2612 ros
156 2548 281 2612 duobus
303 2551 368 2613 iam
387 2551 572 2615 consulibus
592 2551 808 2637 singularibus
833 2551 967 2632 amissis,
990 2553 1040 2614 tot

84 2636 206 2701 civibus
235 2659 293 2721 pro
320 2640 426 2721 patria
453 2640 579 2724 occisis,
606 2641 753 2705 hostibus
777 2640 914 2722 denique
939 2639 1039 2703 omni-

83 2723 144 2788 bus
176 2725 323 2790 iudicatis
355 2729 512 2811 bonisque
544 2729 729 2812 publicatis3
761 2749 865 2811 neque
891 2727 954 2791 hoc
984 2731 1040 2790 aut

83 2812 263 2877 vindicarat
286 2813 425 2897 Lepidus
450 2821 506 2879 aut
529 2821 670 2880 sanarat.
705 2816 778 2880 Huc
801 2837 851 2879 me
875 2816 984 2879 venire
1007 2819 1075 2881 ete

84 2898 209 2966 duobus
224 2904 414 2966 exercitibus
430 2905 611 2967 coniunctis
626 2905 761 2968 obiicere
776 2904 950 2967 exercitum
964 2903 1040 2966 fide-

83 2986 249 3072 lissimum,
272 2991 390 3054 auxilia
408 2992 557 3073 maxima,
579 2992 739 3075 principes
758 2989 889 3073 Galliae,
911 2992 1039 3075 provin·

83 3074 165 3139 ciam
185 3082 333 3141 cunctam
352 3101 495 3143 summae
514 3079 693 3143 dementiae
712 3083 745 3143 et
761 3081 951 3144 temeritatis
971 3099 1041 3141 esse

153 3250 306 3320 naara
344 3253 574 3322 euraccum).
615 3253 729 3322 marsque
746 3252 805 3305 nr.
846 3251 962 3318 nmque
979 3249 1039 3302 ua.
1114 3227 1118 3248 ²

81 3321 114 3375 in
131 3323 221 3390 eatque
244 3323 327 3389 Man,
345 3323 375 3375 B.
400 3354 433 3362 —-
457 3325 521 3378 dest.
547 3325 589 3394 [ia
608 3323 728 3446 quibusq
742 3326 833 3390 aperte
851 3321 926 3387 (W.).
967 3320 993 3372 d.
1012 3336 1039 3373 a.

82 3392 166 3458 Man,
185 3392 215 3445 B.
237 3422 269 3431 -
288 3399 314 3447 ct
331 3394 430 3460 quitus
448 3395 515 3463 (M.).
557 3401 582 3449 et
600 3412 644 3459 ec,
663 3411 686 3461 q.
731 3433 746 3459 .,
765 3392 796 3444 B.
837 3397 861 3443 4.
890 3390 1039 3444 conclama
1115 3441 1117 3445 ,

80 3467 142 3517 rect
161 3462 236 3530 (W.).
273 3465 479 3518 conclamarunt
497 3465 533 3518 Μ.
570 3461 882 3534 conclocrortntuulgc.
901 3492 936 3501 —
954 3462 1058 3524 coiret..

81 3534 138 3586 uiri
155 3534 226 3597 honr}
236 3550 270 3599 p,
291 3534 364 3600 (W).
401 3550 423 3588 e.
443 3552 466 3588 u.
487 3535 510 3591 b.
525 3553 558 3606 p.
578 3537 675 3608 vulgo.
740 3597 763 3611 ·‚

123 3618 235 3658 Cleeronls
248 3620 311 3667 epist.
325 3621 345 3663 Ι.
743 3617 757 3625 ῃ
811 3635 853 3684 Ἃ
