2370 3878
350 157 605 238 sersronnscu
623 160 643 215 1.
663 165 740 213 2-4.
998 154 1020 218 5

63 309 126 372 erit
153 310 275 390 actum,
302 307 440 372 scribam
467 306 508 370 ad
535 309 568 369 te
592 308 637 388 et,
665 306 703 367 ut
725 323 822 386 quam
844 300 1020 364 rectissimo

63 399 189 548 αγίςέἔζὲ,
212 396 300 460 omni
318 417 391 460 mea
408 415 486 460 cura
509 415 616 478 opera,
639 391 807 477 diligentia
825 389 931 475 gratia
947 408 1020 472 pro·

509 673 569 739 III.

229 788 286 843 Ser.
301 788 405 842 Romae
420 803 515 842 mense
529 786 658 840 Ianuario
673 802 698 838 a.
713 803 739 840 u.
755 802 778 840 c.
794 791 855 841 698.

188 912 225 966 Μ.
245 910 373 966 CICERO
398 910 424 965 S.
448 911 481 964 D.
500 910 531 965 P.
555 909 727 965 LENTULO
750 907 897 965 PROCOS.

131 1011 171 1075 A.
185 1011 357 1094 Trebonio,
377 1011 431 1094 qui
444 1010 480 1074 in
497 1014 555 1074 tua
568 1009 734 1094 provincia
753 1030 872 1095 magua
890 1009 1022 1095 negotia
1042 1032 1056 1080 1

65 1105 98 1164 et
112 1101 221 1184 ampla
239 1104 271 1164 et
289 1099 438 1182 expedita
450 1099 559 1179 habet,
577 1099 696 1162 multos
715 1120 818 1162 annos
837 1101 911 1162 utor
930 1098 1022 1162 valde

64 1189 279 1253 familiariter:
302 1187 330 1251 is
349 1208 448 1270 quum
467 1190 564 1250 antea
582 1208 707 1271 semper
724 1190 758 1250 et
776 1209 833 1251 suo
853 1187 1022 1270 splendore

65 1281 98 1341 et
125 1281 238 1341 nostra
265 1279 506 1358 ceterorumque
539 1275 715 1341 amicorum
744 1276 1022 1341 commendatione

66 1363 318 1449 gratiosissimus
344 1364 379 1428 in
401 1364 567 1448 provincia
588 1364 664 1448 fuit,
691 1368 761 1428 tum
788 1364 851 1428 hoc
877 1368 1022 1448 tempore

64 1456 198 1537 propter
218 1455 310 1517 tuum
332 1452 368 1517 in
390 1474 441 1516 me
464 1474 606 1517 amorem
623 1457 831 1536 nostramque
849 1453 987 1516 necessit
1011 1489 1022 1499 -

65 1541 173 1606 dinem
195 1540 402 1605 vehementer
424 1542 558 1606 confidit
578 1541 629 1606 his
648 1542 727 1605 meis
750 1541 865 1605 litteris
884 1563 917 1605 se
937 1541 1023 1624 apud

65 1633 98 1694 tc
122 1629 300 1714 gratiosum
322 1630 406 1713 forc3
436 1652 516 1714 quae
544 1651 585 1693 nc
609 1651 681 1716 spes
704 1651 778 1694 eum
800 1630 906 1712 fallat,
929 1629 1054 1696 rebe-2

66 1722 191 1783 menter
213 1739 293 1804 rogo
316 1721 348 1782 tc
373 1718 624 1802 commendoque
651 1719 712 1783 tibi
740 1717 808 1783 eius
836 1717 945 1782 omnia
967 1739 1022 1782 ne-

67 1808 170 1892 gotia,
192 1807 325 1871 libertos
348 1811 572 1891 procuratores
594 1807 764 1891 familiam,
790 1807 825 1870 in
848 1807 1022 1890 primisque

67 1898 117 1979 ut,
145 1917 226 1979 quac
255 1894 290 1958 Τ.
313 1893 450 1978 Ampius
478 1894 516 1958 de
544 1894 612 1959 eius
638 1894 850 1978 redemerit,
878 1916 916 1958 ea
938 1915 1028 1958 com·-

67 1983 185 2067 probes
208 1983 420 2066 omnibusque
443 1983 539 2046 rebus
562 2003 636 2048 eum
657 1984 849 2065 isocrates,
871 1985 908 2046 ut
929 1983 1022 2047 intel·

69 2072 151 2153 ligat
173 2091 278 2135 meam
301 2071 612 2175 commendationem
637 2093 705 2136 non
727 2073 892 2155 vulgarem
914 2072 1022 2136 fuisse.

517 2287 574 2355 IV.

105 2399 162 2455 Sor¹
176 2399 282 2455 Romae
295 2417 390 2456 mense
404 2401 533 2457 Ianuario
549 2402 618 2471 (XV.
633 2402 695 2456 Kal.
709 2403 801 2472 Febr.)
816 2418 841 2457 a.
851 2421 878 2458 u.
889 2420 912 2457 c.
927 2408 988 2458 698.

209 2524 247 2578 Μ.
262 2524 390 2581 CICERO
411 2525 437 2580 S.
451 2526 485 2579 D.
500 2525 530 2580 P.
544 2526 716 2583 LENTULO
735 2525 882 2582 PROCOS.

135 2623 174 2689 A.
198 2624 227 2687 d.
245 2623 333 2691 XVI.
356 2623 429 2689 Kal.
447 2623 540 2690 Febr.
563 2648 663 2711 quum
685 2628 720 2691 in
741 2630 856 2691 senatu
879 2627 1057 2709 pulcher-1

68 2713 148 2777 rime
172 2716 345 2795 staremus,
373 2713 459 2796 quod
485 2714 551 2778 iam
577 2716 667 2779 illam
694 2715 888 2779 senteutiam
915 2713 1025 2779 Bibuli

69 2801 108 2867 de
130 2800 234 2865 tribus
256 2800 373 2885 legatis
391 2801 493 2884 pridie
512 2802 579 2867 eius
600 2804 662 2868 diei
679 2802 889 2888 tegeremus,
910 2825 1024 2867 unum·

15 2954 17 2959 s
70 2911 132 2972 que
150 2893 312 2953 certamen
331 2893 416 2953 esset
433 2890 589 2975 relictum,
608 2913 680 2956 cum
701 2892 861 2955 sententia
875 2889 1025 2976 Volcatii,

68 2998 120 3040 res
152 2977 192 3041 ab
220 2977 411 3041 adversariis
442 2979 562 3042 nostris
594 2981 738 3043 extracta
769 2982 818 3043 est
850 2980 946 3044 variis
974 3001 1024 3043 ca-

67 3065 213 3147 lumniis3
236 3087 366 3130 causam
389 3066 474 3130 enim
496 3067 658 3151 frequenti
678 3071 793 3131 senatu
815 3089 883 3133 non
905 3089 1025 3152 magna

69 3153 224 3217 varietate
246 3174 429 3240 magnaque
451 3155 710 3240 invidiosorum,
733 3156 788 3240 qui
807 3177 826 3219 a
843 3160 875 3220 tc
895 3177 1025 3220 causam

68 3240 193 3326 regiam
215 3242 277 3307 alio
300 3242 509 3327 trafercbant,
532 3244 765 3308 obtinebamus.
801 3243 850 3308 Eo
870 3244 919 3306 die
938 3265 1024 3308 acer-

139 3432 190 3503 Ep.
211 3438 235 3502 2,
250 3438 275 3487 4.
303 3439 425 3503 sponna
438 3437 539 3501 oracio,
552 3453 611 3491 mco
625 3435 739 3507 (Orat.)?
767 3438 867 3504 apator
882 3436 1035 3491 cautant„

67 3501 119 3572 Ep.
138 3508 164 3572 4,
181 3510 203 3558 1.
240 3503 371 3573 relicum,
391 3504 687 3581 consectantium).
724 3508 775 3564 rct.
794 3512 865 3564 seut.
877 3506 956 3562 *nita
