2370 3878
176 170 241 232 468
458 166 494 220 Μ.
515 165 638 220 TULLII
656 163 847 219 CICERONIS

176 310 335 394 Nysaeos,
367 331 447 392 quos
474 307 562 372 Nero
593 308 629 370 in
659 307 771 390 primis
803 307 903 371 habet
935 309 1136 372 necessarios

177 397 482 481 diligentissimeque
514 398 622 458 tuetur
659 417 696 459 ac
727 394 882 477 defendit,
918 395 1046 466 habeas
1078 397 1136 459 tibi

177 484 521 565 commendatissimos,
546 485 585 546 ut
607 483 768 567 intelligat
793 483 849 545 illa
872 483 987 546 civitas
1017 484 1081 547 sibi
1103 485 1135 547 in

177 572 316 636 Neronis
338 571 517 654 patrocinio
537 592 696 634 summum
715 592 784 634 esse
802 570 1010 653 praesidium.
1049 569 1132 635 Stra·

177 661 294 724 bonem
318 658 487 722 Servilium
514 659 575 722 tibi
598 679 692 740 saepe
716 659 950 741 commendam
979 680 1069 722 nunc
1098 680 1132 722 eo

177 748 260 812 facio
282 747 315 810 id
332 747 517 830 impensius,
540 747 625 829 quod
643 746 711 810 eius
729 767 859 809 causam
876 744 964 809 Nero
984 747 1132 829 suscepit.

178 835 318 898 Tantum
341 857 361 898 a
382 839 414 897 te
437 835 585 917 petimus,
608 836 644 896 ut
667 839 700 896 tu
723 855 801 917 agas
825 855 896 896 eam
919 855 998 916 rem,
1021 855 1063 897 ne
1086 855 1131 897 re·

177 923 304 1006 linquas
326 923 490 986 hominem
512 922 716 985 innocentem
739 920 779 984 ad
803 922 936 985 alicuius
963 922 1014 985 tui
1042 922 1131 985 dissi·

177 1012 263 1074 milis
286 1015 469 1095 quaestum:
501 1009 534 1073 id
566 1031 664 1092 quum
691 1014 819 1093 gratum
849 1010 929 1072 mihi
957 1010 1033 1092 erit,
1062 1013 1130 1072 tum

177 1100 274 1162 etiam
306 1099 495 1162 existimabo
533 1101 565 1160 te
597 1097 797 1160 humanitate
832 1100 889 1161 tua
926 1118 997 1161 esse
1029 1119 1130 1161 usum.

143 1185 309 1251 aSumma
331 1187 425 1250 huius
449 1186 601 1269 epistolae
624 1185 702 1248 haec
725 1190 783 1267 est,
805 1187 842 1248 ut
864 1206 958 1248 ornes
982 1185 1130 1249 omnibus

177 1276 271 1338 rebus
294 1273 465 1356 Neronem,
488 1273 582 1337 sicuti
603 1272 772 1336 instituisti
794 1275 889 1356 atque
912 1273 1028 1337 fecisti.
1064 1272 1129 1336 Ma-

178 1382 277 1446 gnum
299 1363 460 1426 theatrum
482 1361 581 1424 habet
602 1361 665 1425 ista
691 1360 867 1443 provincia,
894 1382 962 1425 non
989 1364 1027 1424 ut
1053 1361 1130 1424 haec

176 1453 296 1531 nostra,
316 1451 360 1512 ud
377 1450 585 1513 adolescentis
603 1449 731 1531 nobilis,
749 1449 918 1533 ingeniosi,
937 1449 1129 1513 abstinentis

177 1537 485 1600 commendationem
513 1541 608 1621 atque
636 1537 785 1620 gloriam3
816 1558 928 1619 quare,
957 1536 985 1600 si
1007 1540 1041 1600 te
1063 1537 1129 1600 fau-

176 1627 246 1688 tore
268 1647 344 1687 usus
368 1624 437 1706 erit,
460 1625 554 1688 sicuti
576 1624 719 1708 profecto
739 1629 771 1688 et
788 1628 895 1687 utetur
918 1628 951 1687 et
973 1646 1051 1689 usus
1075 1628 1129 1705 est,

177 1712 390 1795 amplissimas
414 1712 576 1776 clientelas
600 1716 745 1796 acceptas
774 1735 793 1775 a
814 1712 990 1776 maioribus
1019 1713 1130 1777 confir·

177 1823 264 1864 mare
290 1801 410 1885 poterit
440 1803 473 1864 et
503 1801 664 1864 beneficiis
698 1800 763 1864 suis
796 1800 947 1884 obligare.
998 1799 1071 1864 Hoc
1097 1801 1129 1864 in

177 1910 293 1973 genere
321 1890 348 1952 si
376 1911 449 1952 eum
472 1888 628 1952 adiuveris
652 1909 689 1951 eo
714 1888 832 1971 studio,
861 1909 923 1972 quo
953 1889 1130 1968 ostendisti,

177 1979 262 2060 apud
284 1979 389 2061 ipsum
407 1977 658 2060 praeclarissime
677 1976 831 2060 posueris,
856 1977 911 2040 sed
930 1976 1012 2040 mihi
1036 1976 1131 2040 etiam

178 2066 396 2150 gratissimum
419 2065 539 2129 feceris.

605 2256 702 2322 LXV.

324 2369 381 2424 Ser.
405 2369 436 2422 in
460 2368 557 2423 Cilicia
581 2371 698 2423 exeunte
723 2385 795 2422 anuo
821 2385 847 2421 u.
874 2385 896 2423 c.
922 2373 982 2422 703.

367 2491 404 2544 M.
419 2491 547 2545 CICERO
563 2493 589 2546 S.
604 2492 636 2544 Ι).
656 2492 686 2544 Ρ.
702 2490 795 2546 SILIO
811 2490 939 2544 PROPR.

144 2605 158 2654 1
245 2589 326 2654 Cum
349 2589 384 2654 P.
411 2589 561 2653 Terentio
583 2589 744 2673 Hispone,
772 2590 826 2674 qui
848 2611 967 2675 'operas
994 2589 1031 2652 in
1059 2590 1134 2654 scri-

178 2682 274 2763 ptura
300 2700 358 2761 pro
386 2679 541 2761 magistro
570 2679 637 2759 dat,
669 2679 749 2741 mihi
778 2701 902 2742 summa
931 2678 1136 2742 fanuliaritas

179 2766 438 2848 consuetudoque
465 2769 527 2848 est,
561 2767 723 2849 multaque
752 2770 785 2829 et
811 2788 930 2850 magna
962 2766 1049 2828 inter
1076 2787 1135 2830 nos

180 2854 285 2918 officia
315 2853 406 2935 paria
443 2857 475 2917 et
506 2857 616 2918 mutua
652 2854 866 2918 intercedunt:
904 2854 971 2917 eius
1010 2875 1136 2917 summa

180 2941 373 3004 existimatio
398 2942 504 3026 agitur
526 2943 562 3006 in
584 2964 630 3023 eo,
654 2948 690 3007 ut
712 2942 877 3025 pactiones
902 2964 975 3005 cum
998 2941 1136 3006 civitati-

180 3031 240 3094 bus
263 3029 394 3113 reliquis
422 3031 577 3094 conficiat.
622 3029 698 3094 Non
725 3051 776 3094 me
798 3031 952 3113 praeterIt
981 3051 1138 3094 noscam

251 3203 303 3273 Ep.
323 3208 405 3270 64,1.
433 3219 496 3268 rem,
515 3221 549 3257 ae
568 3204 634 3271 (M).
670 3220 726 3258 rem
743 3219 797 3257 acu
815 3203 915 3270 Klotz,
930 3203 960 3256 B.
998 3209 1023 3256 2.
1049 3218 1139 3271 prou,

180 3290 237 3328 acu
254 3279 286 3327 ut
303 3275 328 3326 h.
347 3279 457 3339 austra,
476 3275 512 3327 ad
530 3274 604 3342 (Ψ).
646 3275 683 3328 ad
702 3290 755 3327 om.
774 3274 811 3327 Μ.
844 3289 938 3342 prou,
955 3289 1013 3326 acu
1031 3275 1096 3327 item
1114 3275 1139 3326 h.

180 3361 218 3411 a,
237 3346 274 3398 cd
293 3344 340 3411 (W
342 3347 377 3413 .)?
413 3345 457 3397 An
471 3359 559 3412 prou,
578 3360 643 3410 aua,
660 3349 691 3397 ut
709 3344 734 3397 b.
749 3361 786 3410 a,
799 3348 815 3381 *
830 3345 875 3410 ud,
893 3345 926 3397 ut
939 3343 1077 3397 exciderit
1091 3361 1141 3398 aa·

180 3420 289 3482 qustum
308 3414 432 3468 simileve
452 3414 559 3482 aliquid
573 3415 657 3481 (W.)?
692 3430 736 3482 pr.
756 3414 824 3484 [acu
839 3455 862 3467 ..
877 3413 983 3484 costra]
1004 3415 1049 3469 ad.
1064 3414 1141 3483 Ern,

181 3485 211 3537 Β,
233 3515 266 3523 -
278 3487 416 3554 posueris,
434 3490 480 3539 scd
499 3484 569 3554 (M).
602 3501 633 3552 p.
644 3489 673 3553 ct
692 3482 746 3552 Oa,
766 3485 796 3538 Β.
