2370 3878
173 164 238 227 274
455 163 492 217 Μ.
512 163 635 218 TULLII
654 163 845 219 CICERONIS

173 307 258 393 apud
290 307 509 392 Dolabellam,
546 311 704 392 quantum
735 309 763 372 si
794 329 855 394 ego
888 309 973 393 apud
1011 311 1132 375 sororis

171 398 275 461 filiurn
297 397 446 480 valerem,
468 397 533 460 iam
553 397 633 460 salvi
652 418 720 460 esse
738 418 918 480 possemus3
941 397 1131 463 Dolabellae

170 507 248 550 vero
271 489 328 551 tuo
352 489 385 549 et
408 485 553 569 gratulor
576 488 609 548 et
632 485 753 570 petias
777 505 853 570 ago,
883 506 977 568 quem
1001 487 1131 569 quidem

173 578 248 658 post
274 577 307 637 te
336 573 501 638 consulem
529 573 632 637 solum
664 594 835 656 possumus
862 594 936 637 vere
964 576 1130 639 consulem

173 661 310 744 dieere“;
333 661 448 725 deinde
470 661 573 724 multa
596 661 635 725 de
657 661 745 725 facto
768 681 805 725 ae
829 661 867 724 de
890 683 925 725 re
944 666 1037 747 gesta
1059 668 1128 728 tua:

172 750 254 815 nihil
286 749 560 835 magnificentius,
590 748 672 813 nihil
703 750 898 832 praeclarius
926 753 1034 814 aetum
1061 775 1128 815 um-

173 861 280 923 quam,
301 838 384 901 nihil
402 838 449 901 rei
467 837 614 921 publicae
634 837 819 920 salutarius;
842 841 938 921 atque
960 838 1041 903 haee
1063 860 1129 904 una

137 941 235 993 4vox
264 926 407 991 omnium
434 929 492 989 est.
537 925 567 988 A
594 929 626 988 te
650 929 758 988 autem
786 929 875 1009 peto,
901 931 939 990 ut
965 949 1016 990 me
1043 928 1128 992 hane

173 1016 264 1099 quasi
287 1013 404 1078 falsam
425 1013 637 1077 hereditatem
660 1013 783 1078 alienae
807 1015 929 1098 gloriae
952 1016 1040 1080 sinas
1063 1037 1128 1080 eer-

171 1125 248 1169 nere
270 1123 385 1186 meque
413 1103 521 1185 aliqua
550 1122 589 1165 ex
610 1104 702 1185 parte
729 1102 765 1164 in
789 1103 976 1166 societatem
998 1106 1128 1167 tuarum

171 1193 303 1257 laudum
330 1191 438 1254 venire
465 1189 598 1274 patiare.
643 1189 859 1274 Quamquam,
886 1191 931 1254 mi
957 1190 1128 1256 Dolabella

172 1317 213 1327 -
227 1280 308 1344 haee
326 1279 413 1342 enim
430 1278 555 1343 iocatus
574 1299 645 1342 sum
658 1315 702 1324 —
728 1279 881 1342 libentius
900 1300 1011 1344 omnes
1031 1301 1128 1363 meas,

172 1369 200 1433 si
222 1368 318 1432 modo
342 1370 418 1430 sunt
441 1367 566 1448 aliquae
595 1387 685 1430 meae
707 1366 832 1449 laudes,
860 1366 900 1430 ad
926 1370 959 1431 te
986 1368 1128 1432 transfu-

172 1455 287 1539 derim,
314 1476 411 1536 quam
439 1454 579 1537 aliquam
605 1457 730 1538 partem
759 1454 960 1519 exhauserim
988 1476 1026 1519 ex
1049 1457 1128 1539 tuis3

170 1564 261 1627 nam,
289 1564 388 1625 quum
410 1545 442 1606 te
466 1563 591 1625 semper
612 1546 741 1606 tantum
765 1542 941 1626 dilexerim,
969 1549 1127 1626 quantum

171 1637 207 1696 tu
234 1631 414 1715 intelligere
445 1630 593 1715 potuisti,
620 1634 689 1694 tum
717 1630 768 1694 his
795 1631 860 1694 tuis
886 1630 981 1695 factis
1009 1632 1054 1694 sie
1078 1634 1126 1695 in-

171 1741 286 1784 census
310 1740 394 1802 sum,
420 1722 458 1782 ut
479 1717 561 1782 nihil
583 1739 736 1802 umquam
763 1718 798 1781 in
821 1739 928 1783 amore
955 1718 1053 1783 fuerit
1076 1742 1126 1783 ar-

171 1809 312 1891 dentius3
339 1806 494 1871 nihilt
444 1810 494 1871 est
516 1807 616 1890 enim,
639 1806 718 1870 mihi
741 1806 843 1891 erede,
864 1807 983 1871 virtute
1005 1806 1126 1873 formo-

136 1918 152 1967 5
172 1898 246 1982 sius,
260 1896 342 1961 nihil
355 1895 530 1980 pulchrius,
550 1894 632 1958 nihil
650 1895 828 1958 amabilius.
866 1892 997 1997 Semper
1011 1898 1126 1980 amavi,

170 1990 207 2050 ut
226 1986 297 2070 seis,
314 1983 358 2048 Μ.
375 1982 459 2048 Brut
444 1987 514 2048 tum
532 1986 664 2067 propter
682 1984 750 2047 eius
769 2005 930 2047 summum
949 1984 1126 2069 ingenium,

171 2073 378 2138 suavissimos
414 2093 533 2157 mores,
569 2071 766 2157 singularem
801 2071 997 2155 probitatem
1030 2076 1126 2156 atque

171 2161 402 2226 constantiam·
425 2164 535 2225 tamen
557 2158 668 2224 Idibus
691 2158 817 2224 Martiis
839 2163 968 2224 tantum
991 2162 1127 2225 aeeessit

170 2249 211 2314 ad
234 2269 385 2333 amorem,
407 2252 445 2313 ut
467 2249 600 2313 mirarer
618 2248 725 2313 locum
742 2247 842 2311 fuisse
862 2247 1033 2333 augendi
1023 2271 1058 2312 m
1077 2271 1126 2332 eo,

170 2337 256 2420 quod
283 2336 363 2400 mihi
389 2336 579 2420 iampridem
607 2336 805 2400 cumulatum
828 2336 926 2400 etiam
947 2335 1125 2400 videbatur.

170 2425 248 2501 Quis
272 2427 349 2508 erat,
372 2425 427 2508 qui
449 2427 508 2508 put
493 2426 579 2488 taret
600 2424 641 2488 ad
664 2445 737 2488 eum
755 2444 908 2508 amorem,
928 2444 1024 2507 quem
1047 2444 1126 2509 erga

168 2516 201 2577 te
228 2513 402 2667 habebam,
428 2532 523 2596 posse
555 2511 675 2596 aliquid
706 2511 878 2577 accedere?
916 2515 1046 2576 tantum
1073 2533 1123 2576 ae-

170 2603 278 2685 cessit,
304 2600 443 2665 utmihi
469 2620 556 2664 nune
580 2600 715 2684 denique
743 2621 850 2665 amare
879 2599 1002 2684 videar,
1028 2603 1126 2663 antea

134 2691 326 2755 edilexisse
371 2688 476 2765 Quare
499 2688 576 2772 quid
599 2691 661 2772 est,
689 2688 774 2773 quod
798 2707 859 2774 ego
881 2691 914 2752 te
936 2687 1059 2770 horter,
1086 2692 1126 2751 ut
1167 2724 1169 2728 .

169 2778 321 2862 dignitati
348 2781 381 2841 et
404 2775 524 2862 gloriae
553 2775 694 2842 servias?
725 2796 906 2862 proponam
932 2775 994 2841 tibi
1020 2777 1125 2839 claros

168 2867 265 2950 viros,
288 2865 374 2949 quod
396 2864 502 2929 faeere
526 2865 640 2950 solent,
662 2865 718 2949 qui
739 2862 934 2930 hortantur?
963 2863 1125 2928 neminem

167 2954 273 3019 habeo
296 2953 464 3021 clariorem
482 2975 578 3038 quam
596 2956 629 3017 te
646 2953 767 3037 ipsum3
788 2955 821 3017 te
839 2952 965 3016 imitere
989 2954 1127 3036 oportet,

167 3041 308 3110 tecum
297 3063 367 3126 1pse
390 3045 504 3107 certes:
532 3063 573 3106 ne
595 3040 672 3107 lieet
698 3041 827 3125 quidem
848 3040 947 3104 tibi'
937 3061 1002 3104 ram
1024 3040 1106 3104 tant
1098 3062 1126 3102 rs

134 3153 149 3202 ι
168 3133 265 3198 rebus
287 3130 388 3217 gestis
410 3151 478 3195 non
500 3131 549 3194 tui
572 3130 708 3194 similem
726 3151 804 3194 esse.
841 3127 934 3204 Quod
957 3150 1056 3212 quum
1079 3128 1128 3190 ita

170 3221 221 3305 sit,
242 3218 386 3285 hortatio
408 3239 477 3284 non
499 3222 549 3282 est
568 3218 757 3302 necessaria,
780 3215 998 3304 gratulatione
1020 3216 1126 3300 magis

233 3428 287 3499 Ep.
309 3433 392 3498 133
428 3431 585 3498 3ιιιιαιιια
607 3425 774 3496 uebilffl..)
810 3429 900 3496 pestem
917 3421 1075 3480 eman.
1098 3425 1129 3476 et

144 3494 326 3555 naara
328 3500 456 3575 ,vulgo
493 3515 536 3573 3.
554 3490 729 3570 udtiltlllll
