2370 3878
332 203 591 260 EPISTOLARUM
610 202 642 255 V.
662 207 686 256 8.
706 207 731 255 9.
947 196 1008 260 131

52 352 158 436 magis
182 372 252 414 sum
275 348 390 413 Publio
414 347 555 430 deditus,
578 345 664 430 quod
686 365 751 427 me,
774 364 969 426 quamquam
992 363 1011 404 a

53 440 192 524 pueritia
221 460 279 502 sua
307 456 445 520 semper,
475 439 586 499 tamen
612 434 674 497 hoc
701 437 846 516 tempore
873 431 1011 494 maxime

54 530 138 591 sicut
161 528 298 591 alterum
320 528 488 610 parentem
511 527 543 587 et
566 523 715 586 observat
738 524 771 584 et
793 518 907 604 diligit.
942 517 1012 582 Has
1031 525 1047 574 6

53 617 178 680 litteras
201 615 298 678 velim
321 613 482 677 existimes
504 610 642 676 foederis
660 609 828 673 habituras
847 629 915 671 esse
939 606 1013 690 vim,

54 725 124 768 non
147 703 310 787 epistolae,
333 722 447 784 meque
471 721 517 783 ea,
541 720 622 782 quae
644 697 705 761 tibi
725 697 880 781 promitto
905 716 942 760 ac
965 715 1013 758 re·

55 792 149 874 cipio,
172 790 373 853 sanctissime
396 810 465 852 esse
489 788 733 852 observaturum
756 783 1013 869 diligentissime·

56 900 118 962 que
146 899 213 942 esse
241 878 415 942 facturum:
449 897 530 959 quae
558 897 578 938 a
607 896 657 939 me
688 875 837 956 suscepta
869 871 1013 935 defensio

56 970 106 1031 est
128 969 160 1029 te
184 966 317 1029 absente
340 964 508 1049 dignitatis
531 967 621 1045 tuae,
647 962 683 1025 in
710 982 748 1025 ea
770 961 835 1023 iam
863 980 923 1044 ego
947 981 1015 1023 non

57 1052 162 1118 solum
181 1054 340 1117 amicitiae
359 1057 499 1134 nostrae,
518 1051 573 1114 sed
592 1049 690 1113 etiam
709 1048 910 1113 constantiae
924 1068 1014 1110 meae

57 1163 155 1206 causa
177 1141 382 1224 permanebo.
419 1137 635 1214 Quamobrem
658 1137 736 1201 satis
759 1157 828 1200 esse
850 1135 913 1200 hoc
935 1139 1015 1198 tem·

56 1251 135 1313 pore
159 1230 333 1293 arbitratus
353 1250 424 1292 sum
441 1227 504 1292 hoc
522 1226 563 1290 ad
583 1230 616 1290 te
635 1225 786 1289 scribere:
809 1245 869 1308 me,
892 1224 919 1287 si
938 1222 1015 1306 quid

56 1318 126 1402 ipse
153 1318 368 1400 intelligerem
395 1319 452 1380 aut
484 1314 525 1378 ad
551 1316 752 1379 voluntatem
779 1316 836 1376 aut
863 1312 903 1376 ad
931 1333 1014 1377 com-

56 1406 190 1468 modum
214 1407 270 1468 aut
293 1403 334 1467 ad
357 1402 601 1488 amplitudinem
627 1406 717 1466 tuam
740 1402 915 1486 pertinere,
944 1421 1016 1464 mea

59 1496 174 1576 sponte
198 1492 232 1556 id
255 1513 323 1556 esse
350 1492 525 1574 facturum,
552 1491 604 1555 sin
631 1494 739 1555 autem
767 1489 931 1574 quidpiam
959 1491 1016 1552 aut

60 1603 79 1643 a
105 1584 138 1644 te
166 1602 269 1644 essem
301 1580 485 1644 admonitus
518 1582 575 1643 aut
601 1601 620 1642 a
646 1580 725 1661 tuis,
752 1578 952 1660 effecturum,
979 1580 1017 1640 ut

59 1669 257 1752 intelligeres
283 1669 365 1732 nihil
392 1689 496 1752 neque
523 1671 556 1732 te
584 1667 748 1752 scripsisse
776 1687 880 1750 neque
908 1686 1016 1749 quem-

61 1777 157 1838 quam
183 1760 314 1820 tuorum
340 1757 462 1821 frustra
493 1756 534 1819 ad
566 1777 616 1820 me
650 1755 810 1819 detulisse.
856 1752 1016 1828 Quamob-

60 1865 129 1907 rem
151 1845 247 1908 velim
274 1845 321 1908 ita
344 1849 376 1909 et
398 1845 468 1927 ipse
490 1844 536 1907 ad
564 1864 614 1907 me
643 1842 764 1906 scribas
791 1842 830 1905 de
858 1841 1017 1922 omnibus,

60 1932 202 1994 minimis
231 1932 377 1994 maximis
400 1930 627 2013 mediocribus,
654 1931 763 2014 rebus,
792 1930 829 1993 ut
852 1928 893 1991 ad
914 1928 1017 1991 homi-

60 2041 137 2082 nem
160 2019 397 2101 amicissimum,
420 2022 453 2081 et
474 2018 539 2081 tuis
558 2017 745 2100 praecipias,
767 2020 804 2080 ut
823 2037 920 2100 opera
943 2037 1017 2080 con·

62 2107 148 2188 silio,
176 2106 366 2169 auctoritate
394 2105 500 2191 gratia
526 2126 598 2169 mea
626 2105 671 2168 sic
693 2108 828 2169 utantur
853 2105 888 2168 in
916 2105 1017 2170 omni-

60 2196 136 2276 bus,
168 2193 304 2277 publicis
335 2193 483 2277 privatis,
511 2193 694 2258 forensibus
727 2193 921 2277 domesticis,
951 2194 1017 2257 tuis

62 2282 239 2346 amicorum
261 2281 426 2366 hospitum
449 2281 615 2346 clientium
637 2285 776 2366 tuorum,
797 2282 950 2366 negotiis,
973 2284 1019 2366 ut,

63 2371 148 2452 quod
171 2371 240 2435 eius
262 2369 332 2434 fieri
354 2370 471 2455 possit,
499 2369 701 2455 praesentiae
728 2373 803 2436 tuae
827 2369 1019 2436 desiderium

62 2479 134 2523 meo
157 2458 266 2524 labore
290 2459 463 2525 minuatur.

509 2651 567 2718 IX.

65 2763 121 2816 Ser.
140 2763 170 2816 in
188 2763 287 2818 castris
306 2763 436 2820 Naronae
451 2780 476 2819 a.
491 2764 518 2818 d.
532 2763 566 2818 V.
585 2763 651 2818 Idus
665 2761 819 2828 Quinctiles
834 2777 858 2817 a.
873 2769 900 2816 u.
915 2778 938 2816 o.
959 2767 1019 2818 709.

222 2887 398 2942 VATINIUS
417 2887 490 2941 IMP.
505 2885 676 2942 CICERONI
695 2885 763 2942 SUO
784 2886 859 2942 SAL.

131 2982 162 3049 S.
185 2984 224 3050 V.
247 2984 284 3050 Β.
306 2984 345 3050 Ε.
368 2983 406 3049 Ε.
429 2984 469 3049 V.
515 2982 548 3049 si
575 2989 665 3050 tuam
693 2986 957 3052 consuetudinem
983 2987 1020 3051 in
1039 3000 1053 3049 1

64 3073 262 3156 patrociniis
283 3072 412 3137 tuendis
444 3092 565 3156 servas,
596 3071 631 3138 P.
658 3072 810 3140 Vatinius
837 3076 936 3140 cliens
965 3074 1019 3137 ad·

64 3160 167 3242 venit,
199 3159 253 3243 qui
283 3181 343 3244 pro
371 3181 404 3224 se
431 3180 562 3226 causam
589 3160 687 3227 dicier
709 3164 790 3226 vult:
823 3184 903 3247 non,
929 3165 1020 3246 pute,

63 3247 248 3333 repudiabis
275 3247 310 3311 in
335 3248 473 3333 honore,
503 3269 598 3333 quem
625 3248 661 3314 in
687 3251 829 3334 periculo
861 3250 1019 3334 recepisti.

62 3337 136 3423 Ego
174 3339 282 3400 aut-em
318 3357 412 3421 quem
447 3339 556 3422 potius
592 3337 744 3422 adoptem
780 3341 838 3402 aut
872 3339 1019 3404 invocem

133 3528 184 3598 up.
205 3535 230 3597 s,
242 3534 266 3583 a.
303 3529 394 3599 quoae
411 3530 470 3585 aa
485 3529 548 3597 aar
566 3529 640 3599 (esu.
658 3515 760 3602 veruta

785 3620 827 3677 ᾖ*
