2370 3878
185 180 250 245 598
467 181 505 235 M.
524 178 647 235 TULLII
666 179 856 235 CICERONIS

176 331 221 409 ¹ut
241 329 279 389 tu
301 325 380 389 mihi
402 326 469 388 fere
492 324 651 389 diffidenti
673 324 893 407 praedicabas:
916 325 1016 407 plena
1040 323 1149 408 digni·

185 415 263 478 tatis
286 419 318 477 et
340 413 478 498 gratiae,
505 434 586 497 quae
610 413 738 496 quidem
760 417 836 495 tua,
858 413 903 476 mi
924 413 1043 495 frater,
1071 435 1149 495 pru-

186 503 304 583 dentia,
317 502 483 584 patientia,
501 501 628 583 virtute,
646 502 775 584 pietate,
789 501 946 564 suavitate
964 503 1067 565 etiam
1086 503 1149 573 tibi

185 590 328 672 mihique
352 592 428 653 sunt
449 590 607 653 restituta.
651 588 776 654 Domus
803 589 863 652 tibi
891 588 930 652 ad
958 589 1071 653 lucum
1096 596 1149 660 Pi-

187 678 275 743 sonis
299 676 467 741 Liciniana
490 677 649 742 conducta
671 681 733 759 est3
757 676 821 758 sed,
843 680 880 740 ut
902 698 1008 760 sper0,
1030 686 1146 761 paucis

185 765 350 829 mensibus
373 769 449 849 post
470 765 509 830 K.
532 764 708 840 Quinctiles
735 766 770 828 in
792 769 882 829 tuam
906 768 1147 852 commigrabis.

187 853 290 918 Tuam
318 855 354 918 in
376 851 503 918 Carinis
534 854 646 918 mundi
676 853 876 917 habitatores
903 852 1036 918 Lamiae
1071 881 1146 924 con-

188 942 355 1006 duxerunt.
400 942 432 1004 A
463 946 496 1006 te
528 947 604 1024 post
634 942 723 1005 illam
755 940 938 1006 Olbiensem
970 945 1146 1026 epistolam

186 1031 292 1095 nullas
315 1030 440 1094 litteras
464 1031 584 1113 accepi:
612 1030 688 1113 quid
716 1049 794 1113 agas
822 1034 855 1093 et
876 1034 913 1094 ut
935 1033 967 1094 te
992 1033 1146 1117 oblectes

188 1120 268 1183 scire
292 1119 385 1202 cupio
409 1118 609 1201 maximeque
636 1119 799 1201 teipsum
828 1118 935 1182 videre
958 1139 1059 1201 quam
1082 1126 1146 1208 pri-

187 1228 284 1271 mum.
321 1205 414 1290 Oura,
436 1207 481 1270 mi
498 1206 608 1290 frater,
629 1210 666 1270 ut
683 1208 790 1270 valeas
814 1209 855 1288 et,
877 1227 1078 1290 quamquam
1099 1217 1148 1276 est

187 1295 443 1448 quienplthamen
474 1292 655 1359 Sardiniam
686 1295 782 1358 istam
814 1315 882 1358 esse
910 1295 1043 1379 cogites.
1091 1317 1148 1365 xv,

221 1432 228 1446 .
286 1406 305 1447 a
337 1405 393 1450 ias.

633 1575 690 1640 IV.

365 1686 422 1744 Sor.
437 1687 542 1741 Romae
556 1703 650 1741 meuse
663 1686 766 1741 Martio
781 1703 805 1741 a.
820 1705 846 1742 u.
861 1705 883 1742 c.
899 1695 959 1744 698.

330 1811 476 1867 MARCUS
500 1809 638 1876 QUINTO
661 1810 798 1865 FRATRI
822 1811 1000 1865 SALUTEM.

82 1934 89 1943 ’
165 1938 177 1979 ι
258 1909 382 1979 Sestius
404 1915 515 1977 noster
538 1911 704 1975 absolutus
727 1914 777 1974 est
799 1932 827 1974 a.
850 1911 879 1974 d.
901 1933 930 1974 v.
957 1911 1035 1975 Idus
1061 1913 1150 1978 Mar-

190 2003 253 2067 tias
276 2005 317 2084 et,
340 2002 425 2084 quod
448 2000 653 2065 vehementer
675 1999 822 2063 interfuit
844 2000 889 2063 rei
907 1999 1057 2081 publicae
1077 2005 1150 2066 nul-

190 2092 256 2155 lam
288 2090 388 2154 videri
419 2089 454 2153 in
486 2087 641 2153 eiusmodi
674 2109 770 2152 causa
802 2087 1035 2152 dissensionem
1069 2112 1151 2173 esse,

192 2179 341 2244 omnibus
365 2177 532 2242 sententiis
556 2177 722 2241 absolutus
746 2178 802 2239 est.
846 2175 944 2258 Illud,
976 2177 1065 2258 quod
1089 2180 1151 2242 tibi

192 2288 286 2331 curae
310 2288 404 2350 saepe
428 2287 496 2331 esse
519 2265 751 2347 intellexeram,
777 2285 818 2328 ne
842 2264 892 2327 cui
914 2264 1025 2346 iniquo
1051 2267 1150 2331 relin-

193 2375 363 2437 queremus
389 2354 589 2436 vituperandi
611 2355 726 2436 locum,
749 2352 805 2434 qui
826 2372 886 2414 nos
904 2353 1053 2436 ingratos
1079 2376 1151 2419 esse

193 2443 324 2525 diceret,
351 2441 414 2506 nisi
440 2442 527 2504 illius
549 2442 791 2524 perversitatem
818 2440 1008 2524 quibusdam
1035 2440 1073 2504 in
1100 2465 1152 2507 re·

192 2531 254 2595 bus
277 2551 374 2614 quam
395 2529 628 2593 humanissime
650 2529 815 2610 ferremus,
839 2529 919 2592 scito
942 2528 1004 2591 hoc
1026 2549 1091 2593 nos
1114 2531 1152 2594 in

194 2640 231 2684 eo
253 2619 371 2683 iudicio
399 2619 587 2682 consecutos
615 2637 697 2697 esse,
728 2619 765 2679 ut
796 2617 939 2680 omnium
970 2617 1153 2699 gratissimi

192 2707 418 2772 iudicaremur:
449 2725 525 2767 nam
553 2703 753 2767 defendendo
780 2726 908 2768 moroso
938 2703 1066 2768 homini
1096 2728 1153 2770 cu-

193 2795 404 2859 mulatissime
437 2792 649 2856 satisfecimus
681 2794 726 2875 et,
757 2791 791 2855 id
819 2792 904 2875 quod
932 2791 986 2855 ille
1008 2794 1153 2857 maxime

194 2882 356 2964 cupiebat,
388 2879 571 2964 Vatinium,
604 2903 623 2943 a
655 2901 717 2963 quo
750 2879 858 2963 palam
889 2880 1154 2963 oppugnabatur,

195 2969 353 3035 arbitratu
375 2972 487 3033 nostro
506 2968 702 3057 concidimus
726 2968 774 3032 dis
791 2967 1039 3049 hominibusque
1058 2969 1154 3052 plau·

266 3160 317 3230 Ep.
337 3165 362 3228 3,
377 3165 401 3213 t.
428 3158 524 3225 frater,
538 3160 698 3227 prudentia,
714 3159 851 3227 patientia
868 3158 898 3226 1.‚
911 3159 1005 3229 vulgo.
1042 3143 1173 3228 &pua

194 3232 291 3288 MRB.
316 3259 349 3270 -
372 3229 525 3284 Liciniana
543 3229 604 3296 (la).
649 3231 717 3284 Lac.
735 3229 829 3294 Mal„
847 3229 877 3283 B.
906 3259 941 3268 —
968 3229 1074 3297 cogites.
1113 3231 1155 3285 D.

197 3301 265 3357 XV.
284 3301 321 3354 K.
342 3298 426 3424 (qu
462 3299 594 3368 np.4‚1.
623 3317 647 3353 a.
667 3301 693 3354 d.
709 3301 757 3354 II.
776 3300 849 3354 Idas
867 3299 1076 3368 (102.,1ens.)a
1115 3302 1156 3357 ad

193 3373 286 3442 pridie
304 3371 377 3425 Idae
426 3410 432 3424 .
456 3369 503 3437 (M.
522 3372 618 3423 uotam
641 3370 740 3438 habet,
764 3386 836 3438 quae
860 3371 889 3423 et
911 3369 944 3422 H.
964 3371 992 3423 et
1010 3369 1044 3422 V.
1064 3370 1156 3438 signi-

196 3444 279 3497 ficare
293 3442 406 3512 potest)
426 3438 457 3495 V.
473 3439 515 3494 cd.
530 3439 627 3507 Laud,
644 3440 715 3500 102,
735 3471 770 3481 -
788 3457 853 3494 aum
866 3440 897 3494 ia
910 3439 1079 3505 defendendo
1098 3441 1156 3506 (cd.

185 3513 288 3586 ranei,
308 3512 362 3587 iu
