2370 3878
341 148 602 205 EPISTOLARUM
621 150 680 203 xss.
699 156 810 204 11-11.
989 148 1054 212 407

94 295 240 360 defendi:
268 316 318 358 me
340 294 519 377 principem
547 293 672 358 senatui
699 294 881 378 populoque
905 291 1054 358 Romano

95 383 263 468 professus
291 404 375 466 snm,
406 403 465 446 nec
488 386 614 466 postea,
646 403 743 465 quam
770 382 895 465 suscepi
925 403 1055 445 causam

97 471 272 557 libertatis,
299 471 466 534 minimum
496 474 623 554 tompus
651 470 744 533 amisi
770 469 909 533 tuendae
942 470 1054 533 salutis
1123 526 1127 535 .

97 560 320 642 libertatisque
352 559 539 623 communis.
594 555 656 623 Sed
687 557 766 621 haec
799 579 925 641 quoque
956 561 988 621 te
1017 579 1055 620 ex

97 647 172 712 aliis
204 648 298 711 malo.
348 645 384 709 Τ.
415 645 594 728 Pinarium,
625 645 911 710 familiarissimum
940 656 1091 729 meun1,3

96 739 193 800 tanto
221 735 281 799 tibi
309 734 415 799 studio
444 733 645 816 commendo,
674 737 712 797 ut
738 734 859 798 maiore
886 755 954 798 non
982 755 1056 816 pos-

99 824 174 906 sim,
202 823 254 887 cui
276 844 374 906 quum
402 825 534 906 propter
557 843 667 886 omnes
691 822 839 904 virtutes,
865 825 936 886 tum
959 823 1056 886 etiam

99 914 234 995 propter
258 910 364 974 studia
388 910 569 975 communia
589 932 659 974 sum
678 910 897 974 amicissimus,
932 909 965 973 Is
984 932 1056 993 pro-

100 1002 193 1063 curat
215 999 357 1064 rationes
381 999 574 1083 negotiaque
598 997 746 1081 Dionysii
768 997 881 1080 nostri,
906 1019 1001 1080 quern
1024 1003 1058 1062 et

99 1090 138 1150 tu
161 1087 298 1151 multum
321 1108 410 1150 amas
434 1090 466 1149 et
489 1108 549 1170 ego
569 1086 713 1151 omnium
730 1085 917 1169 plurimum:
941 1107 979 1149 ea
996 1086 1057 1149 tibi

101 1194 163 1258 ego
187 1196 255 1238 non
278 1174 378 1238 debeo
402 1174 634 1257 commendare,
658 1172 712 1237 sed
732 1173 920 1238 commendo
938 1177 1057 1236 tamen.

101 1260 213 1327 Facies
236 1263 344 1347 igitur,
366 1265 404 1325 ut
426 1283 465 1325 ex
487 1261 616 1346 Pinarii,
639 1261 814 1346 gratissimi
834 1260 984 1346 hominis,
1006 1262 1057 1324 lit·

99 1351 179 1416 teris
206 1354 298 1414 tuum
326 1352 358 1413 et
385 1370 462 1434 erga
489 1351 580 1414 illum
609 1353 642 1414 11
669 1371 746 1435 erga
772 1349 965 1434 Dionysium
992 1354 1057 1414 stu-

100 1437 192 1501 dium
213 1438 451 1522 perspiciamus.

525 1646 629 1713 XXV.

145 1758 203 1814 811.
226 1760 331 1814 Romae
355 1759 413 1814 sive
436 1760 510 1814 XIV.
534 1760 596 1814 Kal.
618 1760 731 1884 pllpriles
754 1759 813 1815 1111
836 1759 931 1828 paullo
954 1761 1019 1828 post

484 1847 508 1884 1.
527 1847 554 1884 u.
574 1847 597 1884 1.
671 1872 677 1884 .

323 1951 471 2007 CICERO
492 1951 736 2007 CORNIFICIO
754 1949 837 2006 SAL.

148 2050 349 2116 Liberalibus
379 2052 503 2116 litteras
527 2053 636 2136 accepi
657 2055 744 2133 tuas,
773 2071 853 2134 quas
880 2049 959 2113 mihi
983 2047 1093 2115 Cor-1

102 2139 230 2203 nifieius
254 2141 355 2205 altero
378 2141 528 2206 vicesimo
552 2141 612 2224 die,
634 2145 671 2204 ut
690 2139 824 2220 dicebat,
847 2137 996 2202 reddidit:
1020 2161 1058 2202 eo

102 2228 155 2292 die
178 2227 330 2292 nonfuit
353 2233 483 2292 senatus
506 2250 609 2312 neque
630 2232 769 2312 postero.
807 2226 1059 2310 Quinquatribus

101 2315 265 2399 frequenti
288 2320 401 2380 senatu
431 2338 560 2381 causam
582 2321 673 2380 tuam
700 2316 752 2400 egi
779 2335 847 2380 non
874 2315 976 2379 invita
999 2314 1058 2378 Mi-

102 2423 216 2486 nerva,
240 2404 359 2467 etenim
382 2426 419 2468 eo
442 2405 512 2488 ipso
536 2404 586 2468 die
610 2407 742 2468 senatus
765 2403 918 2483 decrevit,
940 2407 977 2467 ut
999 2402 1059 2466 Mi-

102 2512 205 2555 nerva
231 2496 357 2576 nostra,
384 2497 492 2556 custos
519 2492 621 2574 urbis,
651 2513 748 2575 quam
773 2491 869 2556 turbo
894 2491 1060 2573 deiecerat,

102 2579 336 2644 restitueretur.
380 2578 488 2644 Pansa
509 2584 583 2644 tuas
605 2580 730 2644 litteras
753 2580 912 2643 recitavit:
940 2599 1060 2662 magna

103 2671 236 2731 senatus
260 2669 451 2752 approbatio
480 2672 652 2733 consecuta
679 2671 729 2732 est
751 2690 824 2732 cum
848 2688 972 2731 summo
995 2687 1060 2730 occo

102 2754 223 2840 gaudio
252 2759 285 2819 et
315 2757 490 2821 offensione
517 2756 707 2839 Minotauri,
737 2756 769 2819 id
798 2758 846 2819 est
869 2752 1000 2819 Calvisii
1028 2758 1060 2817 11

103 2842 216 2926 Tauri,
238 2843 361 2908 factum
379 2845 418 2908 de
438 2849 471 2908 te
490 2847 621 2909 senatus
641 2845 824 2909 consultum
838 2842 1059 2908 honorificum.

101 2929 346 3015 Postulabatur,
372 2936 409 2996 ut
437 2933 534 2996 etiam
560 2932 608 2995 illi
635 2934 838 3013 notarentur3
871 2930 926 2994 sed
953 2930 1060 2994 Pansa

100 3019 299 3084 clementior.
344 3020 426 3105 Ego,
449 3020 493 3083 mi
516 3017 680 3103 Cornifici,
703 3041 766 3104 quo
790 3019 841 3083 die
863 3019 1002 3103 primurn
1024 3019 1095 3081 ina

101 3128 194 3192 spem
221 3108 378 3172 libertatis
405 3109 569 3193 ingressus
600 3130 671 3172 sum
698 3111 731 3172 et
760 3107 986 3173 cunctantibus
1010 3125 1058 3168 ce-

100 3195 180 3260 teris
204 3218 231 3260 a.
255 3196 439 3261 d.xr11.K.
467 3196 535 3260 Ian.
563 3195 774 3261 fundamenta
800 3195 861 3259 ieci
887 3195 933 3257 rei
956 3192 1060 3276 publi-

100 3304 168 3368 cae,
191 3305 229 3348 11
252 3285 323 3367 ipso
348 3285 398 3349 die
421 3284 547 3367 providi
570 3287 707 3349 multum
731 3289 826 3367 atque
845 3281 944 3346 habui
962 3281 1059 3345 ratio·

101 3392 178 3435 nem
196 3372 364 3457 dignitatis
383 3377 471 3454 tuae3
494 3373 574 3436 mihi
593 3375 678 3437 enim
697 3376 747 3436 est
765 3391 913 3435 assensus
928 3373 1060 3433 senatus

100 3459 142 3524 de
175 3460 358 3525 obtinendis
390 3461 577 3544 provinciis3
608 3481 668 3524 nec
700 3480 775 3524 vero
808 3460 921 3544 postea
950 3456 1065 3522 destiti
