2370 3878
130 151 195 215 220
412 151 449 205 M.
469 150 592 206 TULLII
611 150 801 206 CICERONIS

130 296 207 380 rari,
240 294 345 379 quoad
376 315 427 359 me
454 294 609 378 reficiam,
639 317 716 359 nam
748 299 780 359 et
807 296 889 360 vires
914 302 946 360 et
969 319 1085 380 corpus

130 385 236 468 amisi3
267 383 336 466 sed,
369 383 396 448 si
422 383 571 447 morbum
594 383 760 469 depulero,
781 384 890 469 facile,
922 390 958 450 ut
981 408 1085 471 spero,

128 474 184 537 illa
206 472 372 537 revocab0.

534 663 673 730 XXVII.

408 775 464 832 Scr.
485 777 591 831 Rornae
610 793 634 831 a.
654 795 680 831 u.
701 795 722 831 c.
745 783 804 834 708.

369 904 390 970 †
401 901 438 956 Μ.
458 901 588 956 CICERO
612 901 638 956 S.
658 902 690 955 D.
711 901 838 957 GALLO.

66 1012 108 1078 ,1
194 999 304 1086 Miror,
327 1023 383 1066 eur
405 1023 456 1066 me
479 1023 618 1086 accuses,
640 1023 738 1085 quum
757 1002 816 1066 tibi
834 1002 867 1065 id
888 1003 992 1067 facere
1015 1025 1083 1069 non

128 1089 236 1173 liceat3
264 1091 350 1175 quod
373 1091 400 1154 si
422 1092 546 1174 liceret,
572 1094 682 1154 tamen
709 1112 776 1154 non
800 1090 947 1155 debebas.
992 1091 1082 1177 „Ego

129 1179 215 1242 enim
237 1179 296 1262 te“,
318 1178 436 1258 inpetis,
456 1180 509 1263 „in
532 1181 701 1244 consulatu
725 1179 956 1262 observaraur“,
979 1185 1011 1243 et
1035 1183 1082 1244 ais

127 1267 206 1349 fore,
228 1271 265 1331 ut
286 1271 319 1331 te
338 1266 455 1331 Caesar
476 1268 634 1331 restituat.
671 1265 774 1330 Multa
792 1271 828 1330 tu
848 1268 976 1350 quidem
995 1268 1083 1353 dicis,

128 1355 183 1419 secl
206 1356 266 1419 tibi
292 1376 387 1418 nemo
416 1356 524 1419 credit.
571 1356 781 1419 Tribunatum
808 1355 914 1438 plebei
942 1357 1019 1420 dicis
1050 1361 1082 1421 te

127 1464 199 1506 mea
222 1464 319 1507 causa
345 1444 475 1525 petisse:
503 1444 627 1506 utinam
656 1464 780 1526 semper
807 1465 891 1507 esses
919 1445 1081 1509 tribunus!

126 1531 370 1596 intercessorem
384 1553 450 1595 nun
465 1553 642 1614 quaereres.
671 1530 780 1615 Negas
795 1553 846 1595 me
861 1533 985 1614 audere,
996 1535 1081 1615 quud

14 1676 17 1683 .
128 1619 274 1703 sentiam,
292 1618 408 1683 dicere:
432 1620 524 1702 quasi
541 1621 610 1703 tibi,
629 1642 728 1702 quum
745 1621 947 1702 impudenter
966 1643 1016 1683 me
1031 1645 1080 1684 rc-

93 1725 107 1771 a
128 1727 231 1790 geres,
249 1730 363 1791 parum
377 1707 504 1784 fortiter
517 1708 745 1792 responderim.
782 1707 870 1772 Haec
885 1709 944 1788 tibi
959 1710 1080 1791 scripsi,

127 1798 165 1859 ut
186 1796 249 1861 isto
272 1797 400 1880 ipsein
424 1817 549 1882 genere,
571 1798 606 1860 in
629 1818 692 1881 quo
717 1797 836 1879 aliquid
855 1818 948 1879 pesse
972 1797 1028 1879 vis,
1047 1801 1079 1859 te

126 1884 209 1949 nihil
232 1884 300 1950 esse
324 1907 542 1972 cognosceres.
584 1884 676 1960 Quod
699 1885 726 1948 si
749 1885 932 1948 humaniter
955 1907 1079 1948 mecum

127 1977 258 2056 questus
282 1997 377 2060 esses,
398 1976 536 2040 libenter
558 1975 619 2038 tibi
642 1996 692 2038 me
716 1977 748 2037 et
766 1973 860 2036 facile
878 1995 1080 2058 purgassem3

125 2082 193 2125 non
216 2063 302 2127 enim
319 2065 448 2148 ingrata
466 2064 545 2127 mihi
569 2066 652 2146 sunt,
676 2083 756 2146 quae
774 2061 889 2146 fecisti,
912 2063 975 2146 sed,
1000 2084 1080 2145 quae

127 2151 291 2233 scripsisti,
314 2153 458 2216 molesta.
495 2151 548 2215 Me
571 2155 687 2234 autem,
709 2152 842 2232 propter
865 2172 959 2233 quern
983 2152 1080 2214 ceteri

125 2237 218 2300 liberi
242 2242 331 2320 sunt,
357 2239 418 2302 tibi
440 2239 577 2303 liberum
599 2261 666 2303 non
689 2238 793 2302 visum
816 2236 967 2319 demiror,
995 2260 1079 2318 nam,

127 2324 154 2388 si
180 2324 263 2388 falsa
290 2326 434 2410 fuerunt,
462 2347 543 2409 quae
570 2330 607 2391 tu
630 2326 758 2408 adme,
784 2328 821 2389 ut
844 2326 904 2406 ais,
928 2324 1079 2405 detulisti,

126 2412 202 2494 quid
225 2413 285 2476 tibi
309 2434 369 2498 ego
393 2415 516 2478 debeo?
540 2415 567 2478 si
591 2437 675 2497 vera,
697 2417 733 2476 tu
757 2434 790 2475 es
815 2412 955 2494 optimus
978 2413 1079 2495 testis,

125 2501 201 2582 quiet
221 2500 301 2565 mihi
323 2503 461 2587 populus
484 2501 650 2567 Romanus
673 2500 796 2564 debeat.

221 2780 223 2784 Α
524 2692 678 2759 xxvm.
1055 2764 1057 2771 .

230 2806 286 2862 Ser.
307 2807 412 2862 Romae
432 2809 506 2878 (post
524 2807 584 2862 VII.
604 2807 637 2860 K.
658 2803 765 2873 Sextil.)
784 2819 808 2858 a.
829 2821 855 2858 u.
875 2820 898 2858 c.
919 2810 976 2860 708,

383 2930 444 3002 [M]
464 2929 592 2986 CICERO
612 2929 638 2984 S.
657 2929 691 2984 D.
710 2927 827 2984 CUEIO.

92 3047 106 3096 1
192 3027 334 3113 Memini,
353 3052 452 3114 quum
470 3031 550 3094 mihi
569 3030 712 3114 desipere
726 3028 884 3112 videbere,
903 3028 988 3111 quod
1008 3049 1080 3091 cum

128 3119 135 3132 '
125 3118 196 3183 istis
211 3119 318 3203 potius
335 3119 454 3184 viveres
470 3141 566 3203 quam
584 3118 765 3200 nobiscum3
789 3120 858 3180 erat
878 3117 963 3181 enim
978 3118 1079 3179 multo

196 3276 248 3346 Ep.
268 3282 310 3331 27
347 3276 424 3342 †M.
445 3272 640 3330 CICEECS
659 3273 696 3326 D.
712 3272 843 3327 GALLO
863 3273 918 3339 (M.
932 3274 997 3342 W..)
1036 3273 1079 3326 M.

127 3294 275 3402 CICERO
302 3346 331 3400 S
357 3346 394 3400 D.
417 3345 448 3400 T.
474 3343 606 3400 FADIO
634 3342 765 3398 GALLO
792 3342 929 3412 (Pighius)
958 3346 1008 3396 aut
1027 3342 1079 3395 CI

127 3415 279 3471 CEROS.
298 3417 335 3471 D.
355 3415 488 3471 GALLO
502 3416 563 3483 (Bu)
602 3422 625 3469 1.
654 3415 742 3480 liceat,
722 3415 830 3482 tqucd
844 3413 982 3483 (W.)?-
999 3412 1079 3480 „Epo

172 3488 431 3556 te‘,iuque's,‚,iu
449 3487 509 3556 (E).
546 3500 649 3555 „epea
668 3486 742 3539 teia
760 3485 854 3555 vulgo.
