2370 3878
189 175 232 238 20
473 175 509 228 Μ.
530 174 654 229 TULLII
672 175 861 232 CICERONIS

189 341 292 403 magis
319 319 354 384 in
382 340 488 383 arcem
514 319 600 383 illius
629 341 743 385 causac
775 319 926 386 invadere
956 326 1014 386 aut
1042 325 1147 410 magis

189 408 334 473 oblivisci
356 410 538 491 temporum
565 429 723 492 meorum,
753 409 936 473 meminisse
959 411 1147 478 actionum?

188 495 259 579 Hac
283 518 302 559 a
324 517 375 560 me
399 496 559 560 sententia
578 496 664 560 dicta
681 516 819 581 magnus
839 499 1021 563 animorum
1038 504 1147 567 motus

189 589 238 648 cst
260 584 365 649 factus
388 606 488 668 quum
510 607 629 667 eorum,
653 607 789 668 quorum
808 587 960 671 oportuit,
982 590 1054 652 tum
1077 590 1147 655 illo·

153 690 260 738 srum
283 674 394 756 etiam,
422 694 559 757 quorum
585 695 763 757 numquam
788 677 952 757 putaram:
979 697 1058 741 nam
1085 678 1157 745 hoc.

189 765 319 826 senatus
350 762 498 826 consulto
526 762 561 823 in
588 782 693 824 meam
721 763 915 827 sententiam
941 764 1028 830 facto
1051 764 1147 833 Pom·

187 852 288 934 peius,
311 872 409 933 quum
427 850 507 913 mihi
524 849 606 914 nihil
625 850 818 915 ostendisset
835 872 869 914 se
888 872 957 916 esse
978 852 1148 941 offensum,

187 939 223 1002 in
250 937 432 1002 Sardiniam
464 941 497 1003 et
526 937 562 1001 in
589 935 735 1002 Africam
766 939 931 1023 profectus
962 944 1012 1004 est
1043 963 1146 1027 eoque

187 1027 301 1091 itinere
320 1026 441 1090 Lucam
459 1027 501 1091 ad
519 1024 689 1091 Caesarem
707 1028 808 1110 venit;
830 1026 876 1091 ibi
894 1029 996 1092 multa
1015 1029 1054 1094 de
1073 1053 1146 1097 mea

188 1117 349 1180 sententia
372 1120 503 1200 questus
527 1119 576 1179 cst
594 1113 720 1199 Caesar,
743 1116 861 1200 quippe
885 1117 940 1199 qui
963 1117 1062 1182 etiam
1081 1118 1145 1184 Ita-

187 1227 310 1268 vennae
329 1203 481 1268 Crassum
503 1207 578 1267 ante
601 1204 733 1268 vidisset
752 1205 792 1268 ab
814 1226 914 1287 coque
932 1205 968 1268 in
986 1226 1037 1269 me
1060 1212 1146 1273 esset

186 1293 351 1374 incensus3
378 1312 455 1355 sane
482 1292 617 1355 molesia
638 1291 828 1375 Pompeium
850 1292 884 1356 id
910 1293 994 1356 ferre
1018 1299 1144 1361 consta-

186 1379 252 1464 bat,
275 1379 361 1464 quod
384 1399 454 1464 ego,
477 1400 575 1462 quum
598 1379 758 1444 audissem
781 1401 820 1444 ex
842 1381 923 1465 aliis,
944 1382 1083 1447 maxime
1106 1406 1145 1448 ex

186 1490 258 1533 meo
281 1468 382 1531 fratrc
405 1467 556 1552 cognovi,
580 1488 675 1549 quem
699 1489 797 1551 quum
819 1469 854 1532 in
877 1467 1026 1533 Sardinia
1047 1470 1143 1537 Pom·

186 1557 277 1639 peius
308 1555 419 1639 paucis
451 1558 526 1639 post
558 1554 683 1638 diebus,
710 1577 807 1638 quam
829 1555 918 1621 Luca
945 1558 1144 1646 discesserat,

186 1645 398 1726 convenisset,
419 1641 496 1727 „te“,
518 1643 632 1726 inquit,
649 1643 774 1727 „ipsum
792 1645 902 1728 cupi03
924 1646 1007 1710 nihil
1026 1668 1143 1732 oppor-

185 1732 295 1797 tunius
317 1731 425 1816 potuit
448 1731 602 1795 accidere:
629 1732 693 1795 nisi
716 1754 789 1795 cum
810 1731 921 1798 Marco
949 1734 1050 1799 fratrc
1073 1736 1144 1801 dili-

186 1825 300 1905 genter
323 1819 436 1906 egene,
459 1820 703 1904 dependendum
720 1821 781 1884 tibi
800 1824 857 1904 cst,
880 1822 966 1905 quod
984 1822 1064 1886 mihi
1083 1846 1146 1908 pro¹

185 1911 241 1975 illo
265 1908 501 1996 spopondisti“;
525 1909 600 1993 quid
623 1909 747 1974 multa?
771 1913 901 1992 questus
920 1913 970 1974 cst
988 1911 1142 1996 gravitcrr

186 2021 244 2062 sua
266 2000 382 2063 merita
404 1999 680 2082 commemoravit,
707 1998 784 2082 quid
812 1999 931 2084 egisset
957 1999 1143 2082 saepissime

186 2086 224 2149 de
248 2087 327 2149 actis
351 2084 497 2150 Caesaris
521 2108 594 2150 cum
615 2087 686 2170 ipso
709 2109 781 2150 meo
799 2086 899 2150 fratrc
918 2087 1057 2170 quidque
1081 2089 1144 2153 sibi

185 2173 214 2238 is
244 2174 283 2237 de
309 2195 360 2237 mc
387 2175 572 2257 recepisset,
603 2175 638 2238 in
665 2174 853 2237 memoriam
884 2172 1010 2254 redegitz
1037 2195 1144 2261 seque,

186 2283 267 2344 quae
282 2261 321 2325 de
336 2282 408 2325 mea
429 2263 531 2326 salute
546 2261 673 2345 egisset,
692 2261 858 2324 voluntate
872 2256 1019 2323 Caesaris
1038 2262 1145 2342 egisse

185 2351 292 2432 ipsum
322 2370 430 2413 meum
460 2349 594 2412 fratrem
624 2350 762 2411 testatus
794 2349 858 2429 cst,
890 2345 980 2410 cuius
1012 2367 1145 2417 causam

186 2438 440 2522 dignitatemque
471 2436 552 2500 mihi
582 2439 620 2500 ut
652 2434 904 2519 commendaret,
935 2435 1075 2520 rogavit,
1106 2442 1145 2504 ut

187 2546 259 2590 eam
285 2547 326 2590 ne
355 2546 590 2610 oppugnarem,
622 2525 649 2589 si
675 2524 796 2588 nollem
828 2526 884 2587 aut
915 2545 982 2588 non
1013 2545 1144 2608 possem

136 2636 168 2683 10
185 2615 278 2678 tueri.
313 2613 403 2678 Haec
422 2636 520 2697 quum
543 2613 584 2677 ad
601 2634 653 2677 me
670 2612 772 2676 frater
789 2613 974 2695 pertulisset
992 2615 1025 2676 ct
1043 2634 1144 2695 quum

186 2706 297 2766 tamen
324 2701 497 2785 Pompeius
526 2702 566 2765 ad
593 2722 644 2764 mc
672 2722 745 2764 cum
771 2700 933 2765 mandatis
962 2700 1144 2768 Vibullium

186 2790 339 2873 misisset,
367 2793 404 2852 ut
429 2790 593 2873 integrum
615 2789 695 2853 mihi
722 2789 761 2852 de
789 2810 885 2853 causa
907 2787 1073 2872 Campana
1101 2790 1144 2853 ad

187 2898 281 2940 suum
303 2877 442 2941 reditum
463 2898 672 2960 reservarem,
702 2878 817 2962 collegi
844 2878 913 2960 ipse
939 2898 991 2941 me
1014 2878 1145 2941 etcum

186 2965 258 3048 ipsa
281 2965 372 3049 quasi
394 2987 429 3029 re
451 2965 581 3049 publica
603 2966 780 3031 collocutus
804 2988 887 3048 sum,
914 2968 951 3028 ut
973 2964 1052 3027 mihi
1074 2967 1144 3029 tam

187 3053 289 3118 multa
311 3076 370 3137 pro
394 3075 427 3118 sc
454 3075 606 3138 perpesso
630 3057 726 3137 atque
748 3053 918 3137 perfuncto
946 3051 1144 3136 concederet,

187 3145 224 3205 ut
257 3141 399 3207 officium
430 3163 537 3205 meum
568 3162 804 3225 memoremque
836 3141 871 3203 in
901 3141 983 3204 bene
1010 3139 1144 3204 meritos
1178 3166 1183 3221 ¹:

188 3231 331 3294 animum
353 3230 512 3314 fidemque
538 3230 648 3295 fratris
675 3229 738 3293 mei
761 3232 971 3313 praestarem,
999 3248 1145 3312 cumque,
1180 3268 1183 3307 ς

189 3340 284 3401 quem
306 3319 429 3383 bonum
443 3319 545 3383 civem
559 3339 684 3402 semper
697 3317 872 3400 habuisset,
894 3316 1017 3381 bonum
1039 3315 1146 3381 virum
1181 3374 1183 3387 .

188 3428 256 3469 esse
280 3409 453 3490 pateretur.
490 3405 530 3469 In
552 3405 615 3469 illis
640 3408 748 3469 autem
770 3405 848 3470 meis
869 3404 1050 3469 actionibus
1073 3424 1146 3468 sen·

187 3494 361 3578 tentiisque
377 3493 536 3579 omnibus,
547 3515 629 3577 quae
638 3493 827 3577 Pompeium
840 3493 1032 3558 ridebantur
1045 3490 1145 3556 offen·
1171 3538 1175 3555 .
