2370 3878
238 173 496 259 EPIsroraRoM
513 173 563 227 AD
584 173 615 239 Q.
634 173 809 228 FRATREM
827 175 860 229 11.
881 182 905 229 3.
985 177 1050 241 597

96 320 210 404 copiis3
238 320 292 384 sed
315 339 434 403 magna
461 340 576 382 manus
604 339 647 397 er¹
664 318 782 383 Piceno
810 323 843 384 et
865 319 970 385 Gallia
1000 343 1050 385 ex·

97 413 268 492 spectatur,
290 412 327 472 ut
349 408 446 471 etiam
466 404 599 470 Catonis
621 407 844 491 rogationibus
868 408 906 472 de
930 408 1050 473 Milone

97 504 130 560 et
152 496 289 560 Lentulo
313 496 509 559 resistamus.
545 493 585 557 A.
604 494 633 557 d.
651 513 709 559 1111.
728 495 804 560 ldus
823 495 916 560 Febr.
930 498 1079 562 aestiuas

97 584 138 647 ab
161 584 264 648 indice
288 582 346 647 Cn.
369 581 468 646 Nerio
492 582 630 665 Pupinia
657 584 693 647 dc
720 584 843 648 ambitu
870 589 920 650 est
941 590 1051 669 postu-

96 673 180 736 latus
205 675 237 735 et
260 672 371 736 eodem
400 671 450 734 die
479 670 659 752 aquodam
686 669 730 735 M.
754 672 859 737 Tullio
883 673 921 737 de
949 674 993 738 vi:
1023 675 1052 739 is

96 763 166 824 erat
193 780 301 843 aeger3
329 759 473 842 domum,
500 761 537 821 ut
564 759 745 843 debuimus,
772 760 812 823 ad
841 781 914 825 eum
942 763 1067 827 statim-

96 849 243 911 veuimus
267 848 358 930 eique
382 869 441 911 nos
465 851 551 910 totos
574 846 778 929 tradidimus,
799 847 895 931 idque
917 848 1051 915 fecimus

95 939 224 1019 praeter
246 935 413 999 hominum
442 935 641 1018 opinionem,
669 935 724 1018 qui
750 956 811 999 nos
841 937 869 1000 ei
892 937 960 1000 iure
984 961 1051 1003 sus·

97 1044 226 1087 censere
249 1023 422 1105 putabant,
449 1026 487 1087 ut
508 1023 733 1087 humanissimi
761 1024 996 1109 gratissimique
1020 1030 1052 1090 et

96 1112 158 1195 ipsi
187 1115 219 1175 et
246 1111 395 1174 omnibus
423 1111 614 1194 videremur,
641 1112 749 1194 itaque
776 1112 940 1176 faciemus.
990 1112 1052 1178 Sed

97 1200 181 1263 idem
204 1198 323 1263 Nerius
347 1199 442 1261 index
469 1199 569 1262 edidit
590 1200 611 1277 t
635 1200 675 1263 ad
704 1199 861 1284 allegatos
889 1199 946 1265 On.
969 1201 1052 1266 Len-

96 1289 201 1350 tulum
223 1286 354 1350 Vatiam
378 1290 410 1349 et
433 1284 468 1351 Ο.
491 1285 674 1351 Cornelium
694 1289 792 1366 J[ista
814 1288 844 1352 ei
867 1289 978 1353 eodem
1001 1290 1052 1355 die

98 1379 229 1439 senatus
252 1376 435 1439 consultum
457 1375 580 1439 factum
603 1380 664 1459 est,
690 1380 728 1440 ut
751 1377 936 1441 sodalitates
960 1378 1052 1443 decu·

96 1464 234 1546 riatique
259 1463 459 1528 discederent
480 1465 594 1547 lexque
623 1463 660 1528 de
684 1464 723 1528 iis
746 1465 898 1548 ferretur,
920 1469 970 1550 ut,
997 1467 1053 1550 qui

98 1573 166 1616 uon
189 1552 423 1635 discessissent,
450 1573 487 1616 ea
514 1573 632 1635 poena,
655 1574 736 1635 quae
760 1557 809 1618 est
832 1553 870 1617 de
893 1554 938 1636 vi,
965 1558 1052 1619 tene·

96 1644 216 1704 reutur.
266 1639 305 1704 A.
334 1641 362 1704 d.
390 1658 436 1704 111.
464 1639 541 1704 idus
569 1640 661 1705 Febr.
693 1641 758 1705 dixi
789 1664 848 1725 pro
875 1641 986 1706 Bestia
1013 1644 1079 1708 des

97 1729 220 1792 ambitu
245 1729 329 1811 apud
352 1732 534 1816 praetorem
557 1727 615 1792 Cn.
634 1727 813 1793 Domitium
835 1730 870 1792 in
893 1730 964 1794 foro
988 1753 1051 1795 me·

98 1816 150 1879 dio
178 1818 321 1882 maximo,
347 1821 507 1880 conventu
535 1816 695 1900 incidique
722 1817 757 1880 in
785 1838 858 1881 eum
884 1817 990 1882 locum
1018 1821 1053 1883 iu

98 1903 246 1986 dicende,
279 1924 377 1986 quum
404 1902 526 1967 Sestius
558 1903 667 1968 multis
699 1905 734 1967 in
761 1907 881 1988 templo
910 1903 1052 1971 Castoris

96 1990 282 2054 vulneribus
308 1990 446 2075 acceptis
471 1991 613 2056 subsidio
636 1991 766 2056 Bestiae
792 1996 937 2058 servatus
960 1999 1052 2059 esset.

96 2078 159 2142 Hic
173 2075 505 2165 προῳκονομησάμην
519 2080 670 2163 quiddam
685 2074 844 2164 εὐκαίρως
858 2081 896 2144 de
911 2082 959 2165 iis,
971 2104 1051 2166 quae

97 2168 133 2230 in
166 2165 305 2231 Sestium
338 2168 578 2252 apparabantur
601 2169 748 2253 crimina,
780 2173 813 2232 et
840 2191 912 2232 eum
940 2172 1051 2235 ornavi

97 2256 180 2319 reris
203 2254 352 2319 laudibus
376 2276 495 2340 magno
519 2278 653 2320 assensu
674 2256 831 2321 omnium:
854 2278 905 2321 res
928 2259 1051 2323 homini

96 2343 159 2407 fuit
181 2344 388 2407 vehementer
414 2348 515 2429 grata.
562 2343 649 2420 Quae
672 2345 732 2409 tibi
755 2367 792 2410 eo
821 2346 939 2430 scribo,
967 2348 1051 2431 quod

97 2453 148 2495 me
180 2431 219 2495 de
251 2431 419 2496 retinenda
451 2431 548 2497 Sestii
579 2435 685 2518 gratia
714 2433 831 2498 litteris
863 2456 957 2519 saepe
984 2458 1051 2500 mo-

96 2520 206 2584 nuisti.
251 2520 357 2584 Pridie
380 2519 456 2584 Idus
478 2520 571 2585 Febr.
594 2523 674 2587 haec
696 2523 809 2606 scripsi
837 2526 912 2586 ante
936 2524 1078 2590 lucemrr

97 2629 136 2673 eo
159 2608 210 2672 die
234 2609 318 2692 apud
341 2608 556 2693 Pomponium
578 2611 613 2675 in
637 2611 704 2674 eius
727 2611 849 2694 nuptiis
872 2631 959 2674 eram
983 2632 1051 2675 coe·

96 2701 241 2761 naturus·
287 2694 401 2762 Cetera
429 2702 506 2763 sunt
532 2699 567 2763 in
594 2699 690 2763 rebus
716 2700 837 2764 nostris
858 2698 1052 2784 huiusmodi,

167 2938 218 3008 Ep.
238 2946 263 3006 3,
274 2946 299 2994 4.
323 2943 417 3010 copiis,
434 2943 482 2997 sed
494 2942 597 3011 (Mur,
615 2943 719 3014 vulgo).
756 2959 794 3011 c.;
812 2945 1007 3016 etMalaspin.,
1021 2945 1051 3000 B.

98 3014 122 3061 5.
150 3010 183 3062 de
201 3011 304 3064 ambitu
323 3012 439 3083 (vulgo).
482 3014 586 3068 ambitu
604 3013 655 3067 Μ,·
687 3015 805 3070 ambitus
823 3016 853 3070 Β.
878 3048 911 3057 -
935 3016 1053 3087 quodum

98 3079 132 3132 P.
154 3079 247 3134 Tullio
266 3082 350 3149 (W.)?
374 3113 407 3122 -
431 3084 517 3137 edidit
534 3087 552 3151 †
570 3085 607 3138 ad
625 3085 754 3154 alleyatoa
777 3086 873 3153 (Ma).
914 3103 935 3140 c.
954 3087 1052 3155 alliqu-

96 3151 231 3217 tos(W.l?
263 3169 284 3206 c.
300 3154 337 3207 ad
351 3154 425 3223 alliy.
441 3154 522 3219 L.‚B.
542 3185 575 3194 -
596 3154 751 3210 Corneliam
766 3157 889 3211 Bestiam
904 3157 959 3223 (vel
973 3156 1052 3211 aliud

97 3221 211 3290 aliquod
230 3227 403 3292 cognomen).
450 3225 554 3280 Eodem
573 3225 658 3295 (Wlt
693 3227 738 3281 An
757 3227 803 3282 u.-
829 3228 921 3295 itoqae
939 3226 1051 3295 (siclt.)

95 3293 137 3345 rei
154 3296 220 3346 aaut
236 3294 313 3358 facti.
350 3294 455 3350 Eodem
473 3299 524 3350 aut
541 3295 631 3352 simile
650 3297 758 3366 aliquid
782 3296 869 3367 (Or.)?
907 3295 936 3352 0.
954 3298 1009 3352 istu
1026 3298 1053 3351 ei

95 3363 183 3416 codem
201 3363 267 3416 MR.
305 3363 334 3418 0.
349 3370 392 3419 sta
402 3407 407 3419 .
419 3367 445 3420 ci
459 3367 501 3421 cd.
516 3366 613 3421 Laudi.
652 3374 676 3422 6.
695 3369 830 3422 ornatum:
848 3383 890 3421 rea
905 3407 946 3422 ...
960 3371 1049 3436 prato.

96 3432 172 3502 Quae
195 3433 271 3500 (W.).
317 3449 340 3488 o.
368 3435 491 3491 Res...
511 3453 567 3506 aa:
593 3454 663 3506 qaue
684 3438 714 3491 Β.
767 3444 790 3492 7.
818 3437 892 3492 Male
915 3437 938 3492 B
961 3439 1051 3493 totam

92 3503 166 3558 hanc
184 3505 395 3575 paragraphum
414 3522 431 3561 a
449 3512 464 3574 ἕ
485 3513 552 3562 1-6
572 3507 715 3580 separavit
