2370 3878
161 177 226 241 578
445 178 481 230 M.
498 177 621 232 TULLII
640 176 830 231 CICERONIS

162 324 202 386 ad
224 323 377 387 iudicium
400 343 528 387 neeesse
551 321 716 406 nonfuit,
743 343 816 385 eum
842 324 1040 405 praesertim
1068 323 1126 388 ho·

162 411 294 494 minem,
322 432 417 493 quem
440 431 500 495 ego
529 414 562 474 et
584 431 623 473 ex
646 410 711 474 suis
734 410 856 473 civibus
884 414 919 474 et
946 432 987 475 ex
1012 412 1124 475 multis

161 499 233 562 aliis
256 498 398 581 quotidie
416 498 520 583 magis
539 518 698 583 cognosco
716 498 908 562 nobiliorem
927 520 999 563 esse
1021 522 1124 583 prope

135 607 258 669 aquam
281 586 443 650 civitatem
467 608 565 651 suam.
610 584 675 670 „At
701 586 787 649 enirn
810 584 940 650 Graecis
970 587 1050 652 solis
1075 589 1123 650 in·

162 671 306 757 dulgeo.“
351 673 460 749 Quid?
492 673 528 738 L.
551 671 724 738 Caecilium
746 695 855 738 nonne
879 675 970 739 omni
994 676 1123 740 ratione

161 761 308 845 placavi?
332 784 427 845 quem
440 762 616 826 hominem!
640 783 703 844 qua
716 762 777 825 ira!
797 783 860 845 quo
875 763 1005 845 spiritu!
1026 785 1123 846 quem

162 849 298 932 denique
316 854 444 935 praeter
463 849 666 933 Tuscenium,
688 850 777 914 cuius
801 871 897 914 causa
920 853 1031 915 sanari
1053 874 1123 917 non

162 941 277 1021 potest,
299 959 367 1002 non
389 937 557 1023 mitigavi?
602 937 686 1002 ane
709 959 807 1021 supra
834 942 931 1021 caput
952 939 1054 1003 homo
1079 941 1122 1004 le-

162 1027 210 1090 vis
230 1047 267 1089 ac
286 1026 441 1107 sordidus,
463 1026 518 1089 sed
535 1028 645 1090 tamen
664 1027 803 1108 equestri
821 1047 928 1109 censu,
951 1024 1122 1092 Catienusz

163 1115 259 1177 etiam
286 1115 314 1178 is
341 1115 492 1196 lenietur;
519 1115 609 1177 cuius
636 1116 672 1177 tu
698 1114 734 1176 in
760 1117 886 1197 patrem
913 1115 1001 1197 quod
1028 1116 1123 1180 fuisti

163 1203 313 1286 asperior,
335 1224 403 1266 non
420 1202 633 1286 reprehend03
656 1206 743 1266 certo
763 1202 848 1265 enirn
867 1203 932 1266 scio
950 1205 984 1267 te
1005 1203 1123 1268 fecisse

162 1312 235 1355 enm
262 1311 372 1372 causa3
403 1289 460 1354 sed
493 1290 569 1374 quid
600 1311 682 1373 opus
713 1289 777 1354 fuit
808 1289 964 1354 eiusmodi
992 1291 1123 1375 litteris,

163 1400 241 1461 quas
269 1378 310 1441 ad
336 1379 443 1462 ipsum
465 1376 605 1442 misisti?
636 1378 747 1461 „illum
770 1399 896 1442 crucem
923 1378 986 1442 sibi
1014 1380 1124 1463 ipsum

163 1467 366 1549 constituere,
388 1488 427 1530 ex
450 1469 571 1548 quatu
595 1487 668 1529 eum
691 1469 767 1530 ante
788 1466 993 1549 detraxisses3
1015 1470 1049 1530 te
1069 1489 1122 1533 cu-

162 1557 323 1635 ratarum,
344 1556 380 1616 in
401 1554 499 1617 furno
522 1556 559 1617 ut
582 1554 831 1636 combureretur,
851 1554 1028 1636 plaudente
1050 1559 1122 1621 tota

161 1638 354 1731 provincia.“
389 1639 473 1715 Quid
495 1640 594 1704 vero?
617 1641 657 1704 ad
677 1639 711 1706 O.
731 1641 868 1705 Fabium
891 1643 1000 1708 nescio
1025 1665 1123 1726 quem

161 1765 205 1777 -—
219 1751 296 1795 nam
319 1751 390 1794 eam
413 1750 539 1814 quoque
563 1729 733 1813 epistolam
756 1729 792 1793 Τ.
810 1727 963 1794 Catienus
987 1732 1122 1796 circum-

163 1821 270 1904 gestat
284 1841 339 1880 -:
362 1818 559 1902 „renuntiari
581 1817 641 1881 tibi
655 1817 815 1881 Licinium
833 1819 1029 1903 plagiarium
1047 1841 1121 1887 cum

162 1930 221 1972 suo
244 1907 334 1991 pullo
361 1907 494 1971 milvino
522 1906 645 1969 tributa
672 1904 827 1990 exigere.“
871 1904 995 1970 Deinde
1023 1929 1122 1994 rogas

163 1995 309 2078 Fabium,
330 1998 369 2060 ut
391 1998 423 2058 et
445 1997 570 2078 patrem
593 1996 626 2057 et
647 1993 750 2060 filium
772 1993 862 2058 vivos
886 1995 1073 2078 comburat,
1095 1997 1122 2063 si

162 2085 278 2168 possit3
306 2083 477 2166 siminus,
504 2081 545 2146 ad
567 2084 600 2145 te
623 2082 746 2165 mittat,
773 2082 822 2146 uti
849 2082 967 2147 iudicio
990 2084 1121 2149 combu-

162 2177 284 2237 rantur.
329 2169 397 2235 Eae
424 2172 550 2236 litterae
578 2170 635 2235 abs
662 2173 695 2234 te
721 2191 779 2256 per
801 2170 909 2235 iocum
935 2172 1052 2237 missae
1082 2173 1122 2238 ad

164 2258 198 2324 C.
221 2260 367 2342 Fabium,
390 2260 418 2323 si
441 2259 536 2323 modo
560 2261 637 2323 sunt
658 2261 743 2342 tuae,
766 2280 865 2343 quum
887 2260 1050 2344 leguntur,
1073 2262 1122 2325 in-

137 2347 320 2412 rvidiosam
348 2348 551 2412 atrocitatem
574 2347 745 2411 verborum
767 2346 903 2431 habent3
930 2368 981 2431 ac,
1004 2349 1032 2412 si
1055 2371 1122 2414 om-

163 2436 254 2499 nium
280 2435 301 2513 's
328 2455 454 2498 mecum
485 2438 657 2519 praecepta
687 2434 869 2500 litterarum
900 2439 1042 2520 repetes,
1073 2438 1122 2501 in·

163 2524 290 2609 telliges
313 2544 381 2587 esse
404 2522 487 2586 nihil
514 2545 535 2586 a
557 2543 608 2585 me
635 2523 700 2587 nisi
727 2523 883 2588 orationis
912 2523 1123 2590 acerbitatem

164 2616 197 2677 et
222 2611 422 2680 iracundiam
450 2614 495 2693 et,
522 2610 550 2674 si
572 2610 671 2693 forte,
699 2631 772 2675 raro
800 2611 982 2675 litterarum
1007 2614 1122 2678 missa·

163 2723 235 2766 rum
257 2699 495 2785 indiligentiam
521 2698 762 2782 reprehensam
790 2699 907 2783 quibus
935 2699 1064 2784 quidem
1087 2703 1124 2766 in

163 2790 259 2852 rebus
279 2789 306 2852 si
325 2786 410 2870 apud
428 2790 461 2850 te
479 2787 552 2870 plus
571 2787 746 2851 auotoritas
768 2808 841 2851 mea
859 2809 957 2871 quam
977 2791 1036 2852 tua
1054 2790 1139 2854 sive'

163 2879 281 2941 natura
303 2875 413 2959 paullo
437 2875 541 2940 acrior
564 2876 630 2940 sive
653 2875 811 2959 quaedam
838 2875 972 2941 dulcedo
995 2877 1123 2941 iracun-

164 2964 235 3030 diae
263 2963 329 3028 sive
362 2963 488 3030 dicendi
518 2964 566 3029 sal
593 2963 791 3048 facetiaeque
818 2963 1008 3048 valuissent,
1040 2965 1125 3029 nihil

233 3158 285 3227 Ep.
306 3163 330 3225 2,
346 3164 371 3212 6.
410 3157 441 3212 Τ.
463 3159 607 3214 Catienus:
629 3159 710 3214 etiam
738 3157 823 3227 (wil
842 3188 876 3197 —
898 3156 1033 3223 infreno
1052 3157 1125 3225 (W.;

165 3228 256 3282 Ursin.
274 3230 379 3298 farreo).
416 3230 493 3294 famo
510 3230 557 3297 M,
575 3229 670 3299 vulgo.
690 3258 724 3269 -
745 3228 819 3299 Quid
835 3225 918 3282 cero?
937 3228 975 3282 od
993 3226 1022 3282 C.
1037 3226 1074 3280 F.
1094 3245 1124 3283 a.

164 3314 241 3369 qoem
259 3328 292 3338 -
311 3315 377 3353 nam
404 3299 479 3368 (Ν).
526 3299 558 3369 Q.
581 3315 644 3354 cero
667 3300 705 3355 od
728 3299 757 3354 0.
780 3299 817 3354 F.
836 3315 863 3352 a.
886 3295 986 3367 quem?
1005 3329 1038 3339 —
1056 3314 1126 3352 acm

167 3368 258 3438 vulgo.
285 3399 320 3409 -
348 3369 538 3440 circumportat
555 3390 603 3422 -:
631 3386 705 3437 „rea
730 3369 804 3436 (W.).
840 3385 862 3423 o.
882 3397 916 3409 -
934 3383 1009 3437 „rere
1027 3368 1060 3423 Β.
1098 3375 1124 3424 7.

164 3445 303 3501 mecum
322 3455 369 3509 pr.
393 3440 491 3509 (Mla).
536 3446 658 3497 meolam
680 3446 767 3496 tecam
785 3456 831 3508 pr.
850 3439 917 3509 (W.)
935 3441 986 3494 aut
1001 3454 1127 3497 mmmm

152 3527 198 3583 rr·
221 3509 304 3586 (ra).

243 3788 378 3814 Δ...
