2370 3878
147 154 198 218 32·
429 157 466 209 Μ.
485 157 610 210 TULLII
628 156 821 212 CICERONIS

146 322 253 385 posse,
286 300 341 383 qui
372 300 555 383 prouinciae
591 302 725 384 praesit:
757 302 837 367 mihi
868 324 937 368 non
967 306 1037 367 tam
1067 305 1106 369 de

146 391 214 452 iure
238 391 361 452 certum
384 392 433 452 est
456 425 497 435 -
522 410 717 473 quamquam
738 411 780 454 ne
803 391 836 454 id
860 392 989 474 quidem
1011 393 1106 459 valde

147 476 280 540 dubium
302 480 351 540 est
374 513 423 561 -·
440 498 537 561 quam
559 479 652 562 illud,
680 479 720 542 ad
742 481 834 542 tuam
857 500 1016 544 summam
1039 502 1105 546 am-

145 565 350 649 plitudinem,
387 565 592 651 dignitatem,
628 567 827 652 libertatem,
868 588 932 651 qua
967 572 1000 632 te
1037 570 1105 636 scio

145 653 356 718 libentissime
378 653 443 718 frui
466 654 577 739 solere,
598 655 760 739 pertinere
780 659 813 720 tc
837 656 905 720 sine
924 657 992 720 ulla
1014 679 1107 722 mora

145 742 345 826 provinciam
372 744 548 807 successori
575 743 761 828 concedere,
788 745 977 828 praesertim
1005 767 1107 829 quum

146 830 215 894 sine
248 831 428 914 suspicione
457 835 533 895 tuae
565 831 749 916 cupiditatis
781 853 849 896 non
880 833 985 916 possis
1016 834 1105 899 illius

146 918 355 1002 cupiditatem
392 920 547 1002 refutare3
584 940 645 1004 ego
677 924 848 1004 utrumque
885 943 993 985 meum
1023 926 1105 1006 puto

145 1029 227 1091 csse,
256 1011 300 1092 et,
324 1008 400 1092 quid
423 1010 574 1093 sentiam,
602 1009 769 1074 ostendere
793 1012 838 1094 et,
868 1009 955 1092 quod
981 1009 1105 1095 feceris,

146 1096 325 1161 defendere.

93 1197 126 1245 26
213 1183 339 1269 Scripta
366 1187 431 1250 iam
458 1188 595 1271 epistola
623 1188 786 1269 superiore
814 1187 923 1270 accepi
950 1190 1023 1251 tuas
1051 1188 1103 1252 lit-

144 1277 230 1337 teras
250 1274 289 1337 de
308 1273 497 1357 publicanis,
518 1277 554 1338 ia
573 1274 688 1356 quibus
708 1275 902 1358 aequitatem
922 1276 1013 1339 tuam
1036 1297 1104 1342 non

144 1362 237 1447 potui
259 1382 328 1425 non
354 1361 504 1444 probare3
531 1361 710 1439 †felicitate
739 1384 758 1426 a
781 1362 857 1446 quid
885 1363 1001 1428 vellem
1028 1385 1103 1429 con-

146 1451 236 1534 sequi
257 1449 431 1533 potuisses,
458 1471 500 1513 ne
528 1450 594 1513 eius
619 1450 753 1533 ordinis,
781 1472 877 1533 quem
905 1472 1031 1535 semper
1054 1475 1103 1517 or-

145 1539 244 1622 nasti,
280 1559 349 1601 rem
381 1541 438 1601 aut
470 1539 671 1602 voluntatem
703 1539 889 1604 offenderes.
944 1539 1105 1624 Equidem

145 1648 213 1691 non
235 1625 381 1690 desinam
402 1629 460 1690 tua
484 1625 611 1690 decreta
633 1627 816 1714 defendere,
840 1627 895 1693 sed
918 1629 1005 1693 nosti
1028 1651 1103 1694 con-

146 1714 348 1778 suetudinem
374 1713 555 1778 hominum:
586 1715 661 1798 scis,
688 1737 784 1799 quam
812 1717 954 1802 graviter
981 1717 1103 1781 inimici

145 1802 208 1886 ipsi
226 1803 274 1866 illi
288 1801 324 1879 Q.
339 1801 510 1868 Scaevolae
528 1803 662 1886 fuerint,
684 1805 745 1867 tibi
763 1808 872 1870 tamen
891 1828 963 1870 sum
982 1808 1104 1889 auctor,
1146 1888 1149 1893 Ι

145 1895 195 1976 ut,
223 1892 250 1957 si
277 1892 393 1976 quibus
420 1892 516 1956 rebus
539 1892 657 1976 possis,
685 1913 758 1956 eum
784 1893 845 1956 tibi
874 1894 1019 1957 ordinem
1047 1898 1105 1958 aut

144 1981 331 2045 reconcilies
354 1984 411 2044 aut
437 1981 579 2065 mitiges:
605 1979 639 2044 id
667 1982 728 2045 etsi
751 1981 880 2046 difficile
904 1985 966 2066 est,
992 1986 1105 2046 tamen

145 2067 224 2130 mihi
246 2068 373 2131 videtur
396 2089 464 2132 esse
487 2067 676 2152 prudentiae
699 2073 783 2134 tuae.

603 2277 643 2343 X.

287 2388 344 2444 Scr.
364 2389 469 2444 Romae
488 2404 582 2442 mense
601 2375 748 2443 Decembri
767 2403 792 2442 a.
810 2405 837 2441 u.
857 2405 879 2442 c.
901 2393 959 2443 700.

204 2513 242 2568 M.
261 2511 387 2570 CICERO
409 2512 435 2567 S.
455 2511 488 2567 D.
507 2513 538 2566 L.
557 2511 717 2566 VALERIO
736 2506 1039 2578 IURISCONSULT03

212 2636 269 2678 cur
292 2614 378 2677 enim
404 2611 465 2675 tibi
487 2610 550 2675 hoc
572 2632 641 2675 non
663 2611 838 2696 gratificer,
867 2612 989 2695 nescis,
1012 2632 1103 2694 prae·

146 2703 257 2767 sertim
280 2724 379 2785 quum
401 2700 453 2764 his
482 2699 682 2783 temporibus
706 2700 839 2764 audacia
861 2722 920 2784 pro
944 2699 1105 2782 sapientia

145 2791 241 2855 liceat
263 2791 319 2853 uti.
365 2788 503 2852 Lentulo
526 2792 638 2852 nostro
663 2788 715 2873 egi
737 2810 794 2872 per
818 2789 943 2852 litteras
965 2791 1023 2852 tuo
1046 2809 1104 2853 no·

146 2878 232 2941 mine
260 2877 381 2962 gratias
404 2876 589 2961 diligentem
617 2877 672 2940 sed
699 2882 736 2940 tu
764 2877 860 2941 velim
883 2876 1009 2940 desinas
1039 2877 1104 2940 iam

147 2967 266 3030 nostris
289 2966 404 3030 litteris
433 2965 480 3028 uti
509 2969 541 3028 et
567 2986 628 3029 nos
651 2964 823 3048 aliquando
851 2965 971 3029 revisas
1000 2967 1032 3027 et
1059 2965 1105 3027 ibi

147 3055 240 3118 malis
264 3075 346 3136 esse,
368 3054 424 3118 ubi
448 3054 555 3136 aliquo
579 3054 794 3139 numerosis,
822 3075 918 3136 quam
940 3052 1026 3135 istic,
1048 3052 1104 3116 ubi

219 3280 269 3350 Ep.
289 3287 314 3346 9,
329 3285 371 3335 26.
412 3281 565 3347 †seticitate
588 3298 606 3335 a
628 3280 697 3349 qaid
718 3295 743 3334 a.
768 3279 876 3346 (ΜΝ).
917 3280 962 3346 sel.
985 3279 1106 3347 quodam

150 3351 256 3417 (Gron.‚
276 3351 332 3418 W.)
356 3353 406 3404 cut
431 3352 477 3418 sel.
501 3351 608 3419 quidem
631 3350 734 3419 (vicu).
777 3350 821 3403 An
843 3350 977 3416 facilitate
1016 3349 1105 3403 uidem

150 3422 274 3490 (N.‚B.)?
306 3421 357 3490 Ep.
375 3428 415 3476 10.
445 3418 941 3490 runrsoossunromaffls.
974 3419 996 3473 I
1024 3417 1106 3474 RIS-

151 3491 364 3546 CONSULTO.
404 3491 461 3547 Cur
480 3492 573 3563 vulgo
