2370 3878
240 187 305 251 622
521 186 558 240 M.
578 184 701 240 TULLII
719 182 908 239 CICERONIS

239 332 435 416 augebimus.
480 328 528 394 De
551 329 704 412 Pompeio
730 332 763 394 et
784 329 868 393 facio
892 329 1069 414 diligenter
1098 333 1134 394 at
1155 330 1181 395 f=

239 420 330 502 ciam,
353 418 438 502 quod
461 438 581 482 mones.
618 416 711 492 Quod
735 417 795 480 tibi
817 439 888 480 mea
910 418 1085 500 permissio
1111 441 1167 483 ma

239 507 338 573 sionis
360 510 435 570 tuac
458 508 552 589 grata
574 508 631 589 est,
653 505 686 568 id
709 525 769 590 ego
793 527 916 569 summo
936 526 1008 569 meo
1033 505 1152 571 dolore
1177 534 1185 564 ι

240 595 394 659 desiderio
417 596 527 656 tamen
554 614 592 656 ex
618 596 710 675 parta
732 593 865 676 gaudeo.
911 591 951 656 In
984 589 1182 672 Hippodam

239 687 272 747 et
294 681 458 746 nonnullis
482 681 552 745 aliis
576 680 773 745 arcessendis
795 680 872 764 quid
896 681 1032 764 cogites,
1056 703 1132 746 non
1157 684 1182 741 'r

238 770 364 853 telligo:
392 791 487 833 nemo
514 769 651 833 istorum
674 772 737 851 est,
764 769 909 851 quinon
937 768 1053 832 abste
1079 792 1164 835 mun

238 857 331 921 fundi
354 857 530 921 suburbani
556 857 658 920 instar
685 860 854 940 exspectet.
907 855 1101 921 Trebatium
1125 881 1183 923 ver

238 966 346 1009 meum
368 945 453 1028 quod
476 945 538 1009 isto
562 944 738 1009 admisceas
759 944 842 1008 nihil
865 947 924 1008 est:
952 964 1013 1028 ego
1036 945 1137 1010 illum
1162 970 1182 1011 a

239 1031 410 1098 Gaesarem
432 1033 519 1116 misi,
542 1032 597 1115 qui
619 1031 699 1095 mihi
720 1032 785 1096 iam
808 1032 975 1114 satisfecit3
999 1032 1027 1097 si
1049 1033 1120 1117 ipsi
1143 1057 1179 1098 m

239 1143 314 1273 {tt
334 1124 504 1273 sitit?
531 1119 869 1282 ndliudiiiidi‘tui
889 1120 1037 1272 titt?
1050 1143 1184 1292 {lab

238 1297 311 1380 plus
335 1296 435 1380 diligi,
457 1296 681 1360 immortaliter
704 1295 845 1380 gaude03
867 1293 1005 1359 Balbum
1028 1317 1121 1380 vere,
1146 1322 1168 1382 q

240 1389 289 1448 est
314 1384 407 1448 istius
438 1384 499 1466 rei,
531 1383 798 1467 quemadmodum
830 1383 955 1466 scribis,
984 1383 1133 1469 adiutor,
1168 1388 1180 1451 i

240 1472 339 1536 oculis
362 1472 440 1535 fero.
476 1470 672 1536 Trebonium
695 1493 800 1535 meum
824 1494 843 1535 a
865 1475 897 1534 te
916 1472 1018 1535 amari
1034 1475 1139 1557 teque
1160 1498 1181 1539 a

199 1575 225 1614 10
238 1558 294 1622 illo
325 1558 517 1642 pergaudeo.
570 1557 620 1622 De
651 1559 818 1623 tribunatu
849 1560 934 1642 quod
967 1559 1098 1643 scribis,
1137 1585 1182 1648 eg

239 1666 314 1710 vero
337 1645 529 1710 nominatim
551 1645 651 1730 petivi
674 1644 798 1730 Curtio,
826 1651 858 1711 et
879 1647 959 1711 mihi
980 1647 1050 1731 ipse
1077 1647 1177 1715 Caes

238 1734 430 1800 nominatim
444 1730 554 1798 Curtio
577 1737 726 1817 paratum
749 1754 818 1798 esse
841 1735 1003 1818 rescripsit
1023 1757 1183 1823 meamqu

238 1824 274 1886 in
296 1822 441 1908 rogando
469 1821 693 1886 verecundiam
720 1822 910 1907 obiurgavit
960 1821 994 1888 Si
1022 1825 1076 1888 cui
1104 1849 1182 1910 pra·

238 1915 327 1975 terea
353 1912 475 1995 petiero
499 1910 597 1973 -id
625 1910 709 1992 quod
737 1911 834 1974 etiam
862 1909 965 1994 Oppio
994 1910 1061 1975 dixi
1089 1918 1129 1979 ut
1159 1939 1178 1979 a

238 1999 330 2063 illum
353 1998 506 2063 scriberet
528 2034 584 2082 -,
609 1997 703 2062 facile
726 1998 832 2082 patiar
858 1998 937 2062 mihi
960 2001 1088 2083 negari,
1117 2024 1180 2086 qu

238 2088 327 2150 niam
349 2086 410 2169 illi,
433 2086 488 2169 qui
510 2085 589 2149 mihi
611 2086 739 2150 molesti
761 2089 850 2170 sunt,
878 2086 939 2149 sibi
961 2088 1076 2171 negari
1100 2109 1122 2152 a
1146 2113 1181 2154 m

239 2196 307 2239 non
328 2174 423 2239 facile
445 2174 620 2258 patiuntur.
669 2172 742 2258 Ego
769 2172 929 2257 Curtium,
955 2174 988 2238 id
1016 2177 1105 2257 quod
1135 2179 1183 2262 ip

240 2262 313 2345 dixi,
335 2283 403 2327 non
424 2262 520 2326 modo
539 2262 717 2346 rogatione,
740 2261 795 2326 sed
814 2262 911 2326 etiam
929 2262 1118 2328 testimonio
1139 2269 1177 2330 tu

240 2349 353 2433 diligo,
380 2349 465 2432 quod
492 2350 607 2413 litteris
629 2351 694 2413 tuis
717 2349 859 2414 studium
884 2350 970 2414 illius
997 2351 1032 2414 in
1056 2353 1181 2418 salute·

239 2440 385 2501 nostram
412 2436 506 2499 facile
529 2438 684 2520 perspexi.
728 2437 778 2502 Dc
801 2436 997 2502 Britannicis
1020 2439 1119 2505 rebus
1147 2464 1184 2507 oo

240 2526 338 2609 gnori
360 2546 398 2589 ex
420 2523 485 2588 tuis
503 2524 618 2587 litteris
636 2525 719 2589 nihil
738 2546 806 2590 esse
825 2547 884 2590 nec
903 2526 988 2609 quod
1010 2531 1181 2596 metuamu

238 2633 298 2676 nec
326 2612 411 2696 quod
439 2611 643 2696 gaudeamus.
687 2611 737 2676 De
769 2614 905 2696 publicis
928 2615 1083 2700 negotiis,
1112 2638 1179 2701 qua

238 2700 287 2764 vis
311 2700 351 2764 ad
373 2704 406 2764 te
420 2699 571 2763 Tironem
595 2699 740 2782 scribere,
762 2701 979 2786 negligentius
998 2701 1038 2766 ad
1062 2707 1096 2767 te
1119 2710 1181 2770 ant

240 2787 430 2870 scribebam,
453 2787 538 2869 quod
562 2787 672 2852 omnia
694 2789 828 2853 minima
850 2790 989 2854 maxima
1011 2789 1052 2853 ad
1077 2789 1176 2859 Caes

239 2894 307 2937 rem
329 2875 415 2937 mitti
438 2874 584 2938 sciebam.

199 2955 225 3060 ff,
305 2961 467 3044 Rescripsi
489 2963 642 3045 epistolae
665 2967 835 3048 maximam
863 2966 938 3031 aurli
960 2988 1046 3031 nunc
1071 2968 1112 3032 ad
1139 2972 1184 3035 m‘

239 3050 420 3133 nusculam,
446 3046 481 3112 in
504 3071 568 3132 qua
590 3052 729 3134 primurn
752 3058 801 3118 est
823 3053 861 3117 de
886 3053 990 3120 Clodii
1013 3055 1053 3118 ad
1078 3055 1178 3122 Caes

308 3224 359 3294 Ep.
376 3232 399 3293 1,
416 3231 441 3280 9.
468 3223 645 3292 Hippodamo
658 3225 752 3295 (seb).
789 3227 974 3296 Hippodamis
991 3228 1183 3302 MR1.‚vu]g

239 3323 272 3334 -
292 3295 609 3363 quiaoncbstelw.).
646 3299 695 3363 qui
712 3312 762 3351 nos
779 3299 881 3365 teMl,
895 3300 916 3353 Ι.
953 3300 1075 3368 quinon
1094 3303 1185 3355 teM

238 3365 306 3430 quia
325 3365 372 3417 abs
390 3369 414 3417 ie
432 3364 473 3430 Is,
491 3364 584 3432 vulgo.
631 3372 671 3419 10.
699 3368 748 3436 qui
765 3369 832 3421 mila¹
850 3369 953 3422 molesti
972 3368 1035 3436 (V.).
1072 3373 1124 3437 qui
1147 3394 1182 3419 ,ι

238 3449 272 3484 m.
291 3433 373 3486 MRI.
410 3435 458 3500 quc·
475 3450 509 3487 m.
528 3434 612 3502 Man,
629 3435 660 3488 B.
704 3443 744 3490 11.
772 3453 847 3491 uuae
870 3439 907 3492 cd
924 3439 1107 3494 minusculum
1133 3442 1176 3509 (L.

232 3519 310 3559 rcuue
328 3504 511 3560 uelamentum
527 3503 562 3561 R.
597 3521 673 3562 auae
690 3507 724 3561 dc
739 3508 895 3562 minuscula
911 3509 978 3574 Ml,
993 3509 1088 3577 vulgo.

5 3690 45 3765 μ
258 3672 309 3773 „f
