2370 3878
472 744 582 802 LIBER
598 747 764 804 DECIMUS.

235 871 311 938 AD.
343 871 379 938 L.
405 870 644 940 PLANOUM
676 873 738 940 ΕΤ
767 872 998 941 CETEROS.

603 1048 629 1115 Ι.

142 1167 198 1224 Ser.
218 1170 323 1224 Romae
341 1172 406 1240 post
423 1170 456 1224 K.
472 1170 548 1240 Sept.
567 1173 596 1225 et
614 1173 680 1225 ante
698 1169 772 1224 XIV.
791 1168 825 1225 Κ.
839 1173 900 1226 Oct.
915 1189 940 1226 a.
955 1191 981 1226 u.
995 1190 1018 1228 c.
1035 1180 1095 1229 710.

467 1309 596 1366 CICERO
615 1310 767 1367 PLANCO.

3 1422 6 1427 '
106 1432 121 1480 1
207 1416 251 1482 Et
270 1419 336 1483 afui
354 1419 558 1503 proficiscens
577 1420 612 1483 in
625 1418 792 1484 Graeciam
806 1424 839 1485 et
856 1425 979 1505 postea,
997 1444 1094 1506 quam

130 1505 179 1570 ·de
206 1507 311 1572 medio
339 1529 433 1572 cursu
460 1508 506 1572 rei
532 1508 679 1592 publicae
710 1530 780 1572 sum
812 1531 889 1573 voce
917 1514 1094 1595 revocatus,

139 1615 315 1679 numquam
332 1618 390 1679 per
407 1595 451 1660 M.
469 1593 650 1660 Antonium
668 1597 795 1679 quietus
813 1596 870 1681 fui,
893 1599 982 1662 cuius
1001 1602 1095 1662 tanta

67 1680 70 1685 ‘
139 1686 197 1768 est,
219 1706 287 1748 non
308 1685 482 1750 insolentia
504 1721 548 1730 -
570 1705 647 1748 nam
673 1685 706 1749 id
729 1685 858 1767 quidem
885 1687 1018 1771 vulgare
1048 1688 1093 1751 vi-

138 1772 219 1836 tium
243 1777 292 1838 est
314 1811 370 1856 -,
398 1773 453 1838 sed
475 1773 673 1857 immanitas,
699 1794 767 1837 non
794 1774 889 1838 modo
913 1777 950 1837 ut
973 1797 1092 1859 vocem,

139 1861 257 1926 sedne
280 1862 405 1926 vultum
433 1861 561 1946 quidem
586 1861 723 1925 liberum
745 1861 848 1944 possit
877 1861 961 1926 ferre
989 1863 1093 1928 cuius·

139 1971 243 2032 quam.
296 1950 410 2034 Itaque
442 1949 522 2025 mihi
553 1950 709 2014 maximae
742 1970 835 2013 curae
864 1953 925 2034 est,
957 1972 1025 2015 non
1052 1951 1092 2014 de

51 2106 58 2119 ,
137 2058 210 2100 mea
233 2037 361 2120 quidem
383 2038 460 2122 vita,
483 2038 534 2102 cui
558 2037 697 2103 satisfeci
721 2037 771 2100 vel
794 2040 899 2101 aetate
923 2038 974 2101 vel
996 2039 1092 2102 factis

137 2126 197 2207 vel,
220 2125 247 2188 si
271 2126 347 2209 quid
370 2125 467 2189 etiam
490 2126 552 2190 hoc
575 2125 616 2189 ad
638 2146 706 2188 rem
728 2125 877 2208 pertinet,
900 2126 1011 2209 gloria,
1035 2127 1091 2189 sed

137 2233 188 2276 mc
215 2213 321 2296 patria
348 2214 500 2278 sollicitat
526 2214 561 2276 in
588 2213 774 2297 primisque,
806 2213 852 2276 mi
877 2212 1008 2296 Plance,
1037 2235 1089 2276 ex·

138 2301 293 2385 spectatio
326 2302 511 2366 consulatus
543 2301 606 2386 tui,
638 2322 719 2385 quae
751 2302 798 2364 ita
828 2302 928 2386 longa
959 2304 1021 2384 est,
1053 2306 1092 2365 ut

137 2390 315 2473 optandum
338 2390 389 2473 sit,
410 2393 448 2454 ut
469 2389 630 2474 possimus
654 2389 694 2453 ad
716 2389 750 2453 id
772 2392 899 2472 tempus
922 2389 969 2453 rei
986 2389 1090 2472 publi-

136 2498 192 2542 cae
215 2478 363 2563 spiritum
386 2477 514 2560 ducere,
537 2498 618 2562 quae
641 2480 749 2560 potest
767 2477 853 2541 enim
872 2497 944 2560 spes
963 2497 1031 2542 esse
1055 2478 1090 2540 in

136 2586 174 2630 ea
196 2589 230 2631 re
252 2567 390 2651 publica,
412 2567 447 2630 in
471 2587 534 2650 qua
551 2565 691 2630 hominis
709 2565 971 2650 impotentissimi
993 2569 1090 2648 atquc

135 2653 454 2739 intemperantissimi
476 2654 574 2718 armis
597 2675 749 2737 oppressa
773 2657 849 2718 sunt
868 2653 977 2717 omnia
1000 2653 1089 2718 etin

136 2764 199 2825 qua
221 2765 280 2807 nec
303 2747 433 2808 senatus
456 2764 516 2807 nec
538 2742 677 2827 populus
699 2742 764 2806 vim
786 2741 886 2805 habet
906 2741 1007 2825 ullam
1029 2761 1089 2804 nec

134 2832 222 2916 leges
254 2832 338 2896 ullae
370 2836 446 2897 sunt
477 2852 536 2895 nec
567 2829 685 2894 iudicia
711 2850 771 2893 nec
798 2829 930 2893 omnino
961 2829 1089 2893 simula-

98 2933 224 2985 torum
246 2920 376 3004 aliquod
399 2942 437 2984 ac
454 2919 626 3004 vestigium
644 2916 805 2982 civitatis?
841 2915 913 2999 sed,
936 2917 1090 3001 quoniam

135 3013 207 3074 acta
230 3009 339 3074 omnia
361 3009 447 3072 mitti
470 3007 511 3072 acl
533 3012 565 3071 te
587 3006 775 3090 arbitrabar,
797 3004 879 3069 nihil
901 3008 980 3089 crat,
1003 3004 1088 3088 quod

134 3098 270 3182 singulis
290 3097 328 3162 de
347 3098 442 3162 rebus
461 3095 644 3178 scriberem3
666 3094 746 3159 illud
765 3097 872 3157 autem
887 3096 957 3157 erat
970 3093 1089 3157 amoris

133 3187 209 3268 mei,
237 3208 331 3270 quem
357 3204 379 3250 a
405 3189 463 3250 tua
493 3183 632 3267 pueritia
659 3186 843 3267 susceptum
869 3201 937 3246 non
964 3179 1087 3244 servavi

130 3275 245 3357 solum,
268 3274 324 3338 sed
347 3274 446 3337 etiam
468 3272 551 3355 auxi,
572 3291 703 3335 monere
726 3274 758 3335 te
778 3272 874 3354 atque
896 3267 1029 3348 hortari,
1051 3263 1089 3324 ul»

39 3443 42 3449 ν
105 3358 149 3418 in
171 3381 244 3424 rem
264 3362 439 3447 publicam
468 3360 560 3428 omni
583 3359 780 3448 cogitatione
806 3377 944 3440 curaque
966 3356 1080 3418 incus·

956 3618 987 3723 „
