2370 3878
332 172 590 230 EPISTOLARL'M
608 173 681 227 XIII.
702 180 726 228 7.
746 179 770 229 8.
961 172 1028 235 425

506 473 596 540 VIII.

233 592 290 649 Sor.
310 594 414 649 Itomae
433 611 527 649 mense
547 594 661 650 Octobri
679 611 704 649 a.
722 613 749 650 u.
768 611 791 650 c.
808 601 867 652 709.

299 735 335 789 Μ.
356 734 485 790 CICERO
503 735 539 789 M.
558 734 707 790 RUTILIO
727 736 803 790 SAL.

141 841 248 918 Quum
271 847 303 907 et
326 843 405 908 mihi
433 843 580 908 conscius
607 865 722 927 essem,
749 844 862 927 quanti
888 846 921 907 te
943 844 1062 908 face-1

72 953 156 1015 rem,
184 934 217 994 et
238 935 328 995 tuam
352 951 429 1015 erga
451 953 501 996 me
524 933 782 997 benevolentiam
809 936 958 1016 expertus
982 955 1028 996 es-

74 1015 152 1102 sem,
175 1039 243 1082 non
261 1018 406 1083 dubitavi
424 1041 444 1083 a
461 1024 493 1084 te
512 1023 629 1103 petere,
652 1020 738 1103 quod
756 1020 835 1083 mihi
855 1021 1030 1103 petendum

75 1110 169 1172 esset.
212 1106 248 1170 P.
272 1104 411 1171 Sestium
435 1109 548 1191 quanti
570 1108 696 1191 faciam,
718 1109 786 1192 ipse
812 1108 931 1190 optime
956 1109 1030 1191 scio,

75 1195 189 1278 quanti
216 1198 323 1258 autem
350 1195 455 1259 facere
480 1195 626 1279 debeam,
656 1200 689 1260 et
714 1199 750 1259 tu
779 1198 811 1258 et
839 1217 950 1260 omnes
972 1196 1030 1260 ho·

75 1283 179 1347 mines
202 1283 320 1347 sciunt:
347 1283 375 1346 is
402 1305 501 1366 quum
529 1305 567 1347 ex
590 1283 660 1348 aliis
686 1287 719 1348 te
747 1284 810 1347 mei
837 1284 1030 1349 studiosissi-

75 1392 165 1435 mum
188 1392 256 1435 esse
280 1375 466 1456 cognosset,
488 1372 603 1456 petivit
626 1395 645 1436 a
667 1393 732 1456 me,
754 1375 791 1435 ut
814 1372 855 1436 ad
877 1375 910 1436 te
934 1395 1031 1456 quam

76 1458 314 1522 accuratissime
343 1460 514 1524 scriberem
537 1461 575 1525 de
598 1481 632 1524 re
656 1458 690 1524 Ο.
713 1460 837 1525 Albinii
865 1462 1031 1544 senatoris,

77 1547 167 1611 cuius
191 1569 229 1610 ex
251 1546 318 1611 filia
340 1550 436 1612 natus
464 1553 513 1613 est
536 1549 571 1612 L.
595 1547 730 1632 Sestius,
760 1550 901 1633 optimus
925 1551 1030 1614 adole·

77 1656 182 1718 scens,
209 1634 293 1699 filius
321 1635 356 1699 P.
380 1634 484 1702 Sestii.
527 1636 599 1701 Hoc
626 1637 743 1701 idcirco
772 1639 898 1721 scripsi,
925 1643 962 1702 ut
983 1639 1031 1700 in-

75 1723 237 1808 telligeres
260 1745 328 1787 non
351 1725 455 1789 solum
477 1747 528 1788 me
550 1746 609 1808 pro
632 1724 667 1787 P.
682 1723 785 1789 Sestio
809 1727 955 1790 laborare
979 1727 1030 1788 de-

76 1810 166 1894 bere,
193 1811 249 1875 sed
273 1809 412 1876 Sestium
439 1813 536 1876 etiam
562 1834 621 1895 pro
644 1811 786 1877 Albinio.
831 1813 896 1876 Res
924 1817 1066 1876 autema

76 1903 127 1963 est
143 1899 236 1964 haec:
260 1921 279 1963 a
296 1900 340 1963 M.
359 1900 494 1963 Laberio
514 1897 548 1963 O.
566 1899 717 1963 Albinius
736 1900 867 1982 praedia
885 1901 920 1963 in
939 1901 1031 1963 aesti-

75 1987 254 2051 mationem
278 1988 409 2071 accepit,
433 2009 513 2070 quae
536 1987 668 2070 praedia
691 1986 846 2050 Laberius
869 1992 990 2051 emerat
1013 2010 1032 2050 a

77 2070 213 2139 Caesare
237 2075 275 2139 de
299 2076 393 2140 bonis
415 2075 582 2140 Plotianis.
622 2075 672 2138 Ea
696 2075 723 2138 si
746 2074 850 2138 dicam
872 2097 940 2140 non
964 2097 1031 2140 esse

77 2184 95 2226 e
117 2184 152 2226 re
175 2164 305 2246 publica
328 2162 438 2246 dividi,
466 2163 579 2228 dooere
605 2166 638 2227 te
662 2163 784 2247 videar,
810 2184 878 2228 non
905 2184 1032 2249 rogare3

77 2249 133 2314 sed
160 2254 284 2334 tamen,
311 2273 408 2335 quum
436 2249 554 2316 Caesar
586 2249 735 2316 Sullanas
767 2252 967 2317 venditiones
1001 2257 1033 2316 et

77 2339 313 2423 assignationes
336 2342 423 2402 ratas
451 2360 520 2403 esse
542 2339 634 2423 velit,
661 2361 724 2423 quo
747 2340 903 2405 firmiores
927 2341 1032 2405 existi-

76 2429 206 2490 mentur
234 2447 322 2508 suae,
355 2427 382 2489 si
409 2448 447 2490 ea
474 2428 606 2510 praedia
628 2427 823 2512 dividentur,
854 2450 936 2511 quae
963 2430 1031 2510 ipse

76 2512 197 2578 Caesar
218 2514 371 2596 vendidit,
394 2536 475 2598 quae
498 2516 630 2580 tandem
652 2517 688 2579 in
706 2516 781 2590 eius,
793 2516 1031 2580 venditionibus

77 2622 147 2666 esse
169 2602 289 2686 poterit
312 2603 509 2667 auctoritas?
547 2602 618 2687 Sed,
639 2604 702 2668 hoc
726 2604 819 2687 quale
841 2604 891 2686 sit,
913 2607 949 2665 tu
972 2624 1030 2684 pro

75 2694 134 2753 tua
156 2690 328 2774 prudentia
351 2691 577 2755 considerabis.
613 2689 685 2775 Ego
708 2695 741 2755 te
764 2692 860 2774 plane
884 2710 963 2774 rogo
985 2693 1031 2753 at·
1050 2705 1066 2751 3

75 2799 138 2860 que
161 2778 217 2863 ita,
239 2782 276 2842 ut
298 2779 419 2842 maiore
443 2780 559 2862 studio,
581 2779 714 2843 iustiore
738 2778 776 2842 de
801 2800 906 2861 causa,
928 2778 1032 2863 magis

75 2886 116 2929 ex
143 2866 251 2931 animo
278 2888 393 2952 rogare
421 2867 503 2930 nihil
530 2866 664 2950 possim,
695 2869 733 2930 ut
756 2865 887 2930 Albinio
910 2888 1033 2950 parcas,

73 2953 207 3036 praedia
239 2953 420 3018 Laberiana
451 2975 493 3018 ne
525 2954 677 3038 attingas,
722 2953 844 3039 Magna
875 2976 926 3018 me
958 2955 1032 3018 affe·

75 3042 158 3106 ceris
190 3064 257 3107 non
289 3044 385 3108 modo
414 3043 550 3126 laetitia,
582 3042 637 3106 sed
667 3041 764 3106 etiam
796 3042 1032 3126 quodammodo

75 3131 189 3215 gloria,
212 3132 240 3195 si
252 3131 287 3195 P.
303 3129 425 3195 Sestius
443 3131 567 3195 homini
587 3130 723 3194 maxime
741 3131 922 3195 necessario
941 3130 1032 3193 satis-

74 3218 188 3282 fecerit
214 3241 272 3302 per
299 3241 364 3303 me,
396 3223 432 3283 ut
464 3240 524 3304 ego
556 3219 604 3282 illi
630 3220 687 3282 uni
717 3219 891 3302 plurimum
919 3217 1032 3298 debe03

75 3305 162 3389 quod
185 3311 222 3371 ut
243 3308 359 3390 facias,
390 3311 423 3371 te
455 3307 660 3371 vehementer
688 3308 785 3370 etiam
815 3309 911 3388 atque
935 3304 1032 3367 etiam

73 3415 169 3479 rogo:
199 3395 303 3458 maius
335 3395 415 3459 mihi
447 3394 523 3458 dare
550 3392 742 3459 beneficium
768 3393 894 3456 nullum
926 3395 1032 3476 potes:

72 3482 108 3547 id
131 3482 211 3547 mihi
233 3483 396 3568 intelliges
419 3503 488 3548 esse
509 3482 742 3568 gratissimum.
