2370 3878
197 161 258 225 132
475 161 513 214 Μ.
533 160 657 215 TULLII
674 158 865 216 CICERONIS

195 327 292 389 quam
313 305 414 387 illum,
437 325 501 387 quo
525 303 716 368 defendente
739 304 865 370 vincere
890 304 1009 370 didici?
1033 329 1079 372 an
1101 330 1154 373 vc·

193 415 279 476 rear,
300 414 355 475 ne,
385 391 441 475 qui
466 392 764 476 potentissimorum
790 393 959 458 hominum
987 395 1155 479 conspira-

193 482 316 546 tionem
343 481 521 564 neglexerit
546 502 605 564 pro
633 502 705 545 mea
732 481 849 565 salute,
880 482 908 545 is
939 503 999 565 pro
1027 482 1155 550 honore

194 592 265 634 meo
293 569 485 652 pusillorum
512 588 549 631 ac
581 569 812 633 malevolorum
839 569 1093 635 obtrectationes
1122 577 1155 638 et

194 657 331 722 invidias
358 678 426 721 non
452 658 638 740 prosternat
669 660 764 741 atquc
793 657 941 722 obterat?
978 679 1094 742 quare,
1127 662 1155 725 si

194 768 254 828 me,
277 746 360 809 sicut
382 746 474 827 soles,
497 765 595 827 amas,
618 745 743 828 suscipe
766 766 817 809 me
839 748 945 810 totum
964 748 1062 829 atque
1080 747 1154 833 hoc,

195 833 348 917 quidquid
372 836 421 896 est
443 833 550 897 oneris
573 853 610 895 ac
633 833 788 916 muneriS,
814 855 873 916 pro
897 854 968 897 mea
991 833 1154 919 dignitate

193 922 254 985 tibi
275 919 432 986 tuendum
451 941 487 985 ac
507 920 730 984 sustinendum
748 924 835 1004 puta.
872 918 940 985 Scis
961 943 1069 986 meam
1086 923 1152 989 for-

193 1012 308 1074 tunam
329 1010 438 1074 neseio
466 1030 529 1092 quo
557 1009 652 1073 modo
680 1008 774 1072 facile
802 1009 1036 1074 obtrectatores
1062 1011 1153 1076 inve

193 1099 272 1182 nire,
290 1119 357 1163 non
371 1119 442 1161 meo
462 1096 591 1180 quidem
604 1096 801 1161 mehercules
815 1097 939 1179 merito,
960 1096 1016 1161 sed
1036 1100 1152 1182 quanti

193 1187 226 1250 id
249 1186 360 1267 refert,
384 1186 411 1248 si
433 1188 543 1248 tamen
565 1184 634 1249 fato
658 1185 765 1248 neseio
790 1206 853 1268 quo
877 1183 1015 1249 accidit?
1044 1186 1152 1271 siqui

192 1273 277 1339 forte
299 1272 406 1354 fuerit,
429 1272 484 1354 qui
506 1274 636 1335 nostrae
660 1272 811 1355 dignitati
832 1272 944 1337 obesse
962 1273 1051 1357 velit,
1074 1278 1150 1358 peto

194 1383 214 1424 a
234 1364 276 1443 te,
298 1362 336 1424 ut
357 1363 448 1423 tuam
466 1359 731 1423 consuetudinem
749 1363 782 1423 et
799 1359 1026 1424 liberalitatem
1044 1361 1081 1425 in
1099 1383 1150 1427 me

194 1448 326 1511 absente
350 1446 551 1510 defendendo
574 1446 653 1509 mihi
675 1450 828 1531 praestes.
872 1447 1012 1512 Litteras
1037 1449 1080 1513 ad
1102 1470 1149 1514 se-

193 1538 307 1599 natum
330 1535 368 1598 dc
391 1535 486 1598 rebus
509 1535 629 1599 nostris
652 1536 766 1620 gestis,
795 1557 858 1619 quo
886 1536 1032 1620 exemplo
1055 1537 1150 1602 mise·

158 1637 174 1683 2
193 1645 272 1706 ram,
294 1623 380 1687 infra
402 1622 463 1686 tibi
485 1623 664 1706 perscripsi.
700 1623 827 1688 Dicitur
845 1623 925 1687 mihi
942 1626 1018 1688 tuus
1038 1645 1149 1691 servus

195 1714 391 1796 anagnostes
413 1711 571 1795 fugitivus
594 1732 667 1775 cum
681 1710 837 1776 Vardaeis
857 1732 939 1795 esse3
962 1711 1001 1775 de
1024 1733 1089 1795 qno
1113 1717 1149 1777 tu

191 1800 271 1865 mihi
294 1800 375 1864 nihil
398 1799 573 1883 mandasti,
600 1819 660 1884 ego
683 1802 807 1883 tamen,
832 1803 921 1864 terra
943 1799 1090 1884 marique
1112 1805 1150 1865 ut

192 1890 447 1974 conquireretur,
473 1888 715 1973 praemandavi,
745 1891 778 1951 et
799 1887 945 1971 profecto
972 1887 1034 1951 tibi
1056 1889 1150 1953 illurn

191 1978 362 2061 reperiam,
388 1978 451 2041 nisi
479 1977 507 2041 si
533 1977 568 2041 in
589 1976 787 2041 Dalmatiam
809 1975 1047 2060 aufugerit,⁰ct
1073 1976 1149 2041 inde

190 2069 301 2128 tamen
324 2064 496 2148 aliquando
520 2086 638 2129 eruam.
684 2063 734 2127 Tu
756 2084 816 2128 nos
838 2063 891 2127 fac
915 2083 1010 2127 ames.
1055 2062 1149 2129 Vale.

191 2152 231 2215 A.
254 2152 284 2216 d.
305 2151 347 2217 V.
391 2152 467 2217 Idus
491 2150 677 2235 Quinctiles,
700 2173 739 2215 ex
761 2151 884 2235 eastris,
905 2149 1049 2216 Narona.

622 2342 663 2409 X.
686 2365 714 2408 a.

368 2455 425 2510 Scr.
448 2455 479 2509 in
501 2454 598 2524 Illyria
625 2455 739 2510 ineunte
763 2471 788 2509 a.
811 2473 837 2508 u.
861 2473 884 2510 e.
909 2460 969 2510 710.

402 2577 577 2633 VATINIUS
593 2577 763 2633 CICERONI
778 2577 845 2633 SUO
861 2577 936 2632 SAL.

157 2694 172 2741 1
258 2678 289 2744 S.
312 2677 353 2744 V.
375 2677 413 2742 Β.
435 2677 473 2742 E.
496 2676 534 2742 Ε.
558 2676 594 2753 Q.
617 2676 657 2741 V.
702 2676 751 2741 De
774 2676 931 2761 Dionysio
960 2679 1017 2742 tuo
1041 2676 1151 2744 adhuc

191 2768 273 2831 nihil
297 2767 425 2848 extrico,
448 2768 481 2829 et
503 2787 540 2829 eo
564 2766 684 2847 minus,
708 2764 793 2848 quod
816 2786 867 2829 me
889 2764 993 2849 frigus
1015 2763 1151 2830 Dalma-

191 2855 300 2938 ticum,
323 2854 409 2937 quod
431 2854 520 2917 illine
538 2853 639 2937 eiecit,
662 2853 760 2916 etiam
776 2853 829 2917 hic
851 2852 1068 2938 refrigeravit,
1092 2854 1151 2918 sed

190 2947 300 3006 tamen
323 2963 391 3007 non
413 2942 577 3025 desistam,
605 2942 684 3024 quin
710 2941 803 3005 illum
830 2940 1003 3024 aliquando
1027 2962 1150 3007 eruam.

192 3029 254 3096 sed
285 3034 395 3095 tamen
428 3031 536 3094 omnia
563 3030 642 3094 mihi
670 3029 750 3093 dura
780 3029 934 3113 imperas:
967 3029 1006 3093 dc
1029 3026 1149 3096 Catilio

191 3119 298 3184 neseio
323 3119 399 3202 quid
427 3118 468 3181 ad
494 3140 545 3183 mc
569 3116 726 3201 scripsisti
748 3117 983 3201 deprecationis
1011 3115 1151 3202 diligen-

191 3208 342 3272 tissimae.
387 3205 502 3292 Apage
533 3210 565 3272 tc
598 3227 672 3271 curn
702 3209 813 3272 nostro
846 3204 917 3271 Sex.
944 3202 1080 3281 Servilio
1104 3242 1150 3253 —

262 3415 314 3484 Ep.
333 3422 363 3481 9,
384 3422 406 3469 1.
457 3416 565 3484 siquis
587 3415 657 3483 sorte
680 3414 752 3483 (edd.
774 3416 873 3484 vetti?
922 3419 948 3470 2.
974 3412 1152 3470 Dalmatiam

193 3486 308 3555 (vulgo).
345 3486 433 3540 Dalm.
452 3485 517 3539 ΜΒ.
