<?xml version="1.0" encoding="UTF-8"?>
<!DOCTYPE html PUBLIC "-//W3C//DTD XHTML 1.0 Transitional//EN"
    "http://www.w3.org/TR/xhtml1/DTD/xhtml1-transitional.dtd">
<html xmlns="http://www.w3.org/1999/xhtml" xml:lang="en" lang="en">
 <head>
  <title>
</title>
<meta http-equiv="Content-Type" content="text/html;charset=utf-8" />
  <meta name='ocr-system' content='tesseract 3.04.00' />
  <meta name='ocr-capabilities' content='ocr_page ocr_carea ocr_par ocr_line ocrx_word'/>
</head>
<body>
  <div class='ocr_page' id='page_1' title='image "./epistolae00cicegoog_0178.png"; bbox 0 0 2370 3878; ppageno 0'>
   <div class='ocr_carea' id='block_1_1' title="bbox 362 183 1052 272">
    <p class='ocr_par' dir='ltr' id='par_1_1' title="bbox 362 183 1052 272">
     <span class='ocr_line' id='line_1_1' title="bbox 362 183 1052 272; baseline 0.014 -34"><span class='ocrx_word' id='word_1_1' title='bbox 362 183 620 272; x_wconf 74' lang='lat' dir='ltr'>EPISTOLARUM</span> <span class='ocrx_word' id='word_1_2' title='bbox 637 183 684 237; x_wconf 80' lang='lat' dir='ltr'>vr.</span> <span class='ocrx_word' id='word_1_3' title='bbox 705 190 782 238; x_wconf 83' lang='lat' dir='ltr'>4-c.</span> <span class='ocrx_word' id='word_1_4' title='bbox 991 185 1052 247; x_wconf 82' lang='grc'>167</span> 
     </span>
    </p>
   </div>
   <div class='ocr_carea' id='block_1_2' title="bbox 74 326 1144 2237">
    <p class='ocr_par' dir='ltr' id='par_1_2' title="bbox 94 326 1144 2080">
     <span class='ocr_line' id='line_1_2' title="bbox 94 326 1089 402; baseline -0.001 -8"><span class='ocrx_word' id='word_1_5' title='bbox 94 331 130 394; x_wconf 88' lang='lat' dir='ltr'>in</span> <span class='ocrx_word' id='word_1_6' title='bbox 152 332 219 393; x_wconf 87' lang='lat' dir='ltr'>tarn</span> <span class='ocrx_word' id='word_1_7' title='bbox 244 329 338 393; x_wconf 91' lang='lat' dir='ltr'>bonis</span> <span class='ocrx_word' id='word_1_8' title='bbox 362 329 483 392; x_wconf 89' lang='lat' dir='ltr'>civibus</span> <span class='ocrx_word' id='word_1_9' title='bbox 502 332 570 391; x_wconf 89' lang='lat' dir='ltr'>tam</span> <span class='ocrx_word' id='word_1_10' title='bbox 589 328 704 392; x_wconf 89' lang='lat' dir='ltr'>acerba</span> <span class='ocrx_word' id='word_1_11' title='bbox 727 327 852 391; x_wconf 87' lang='lat' dir='ltr'>iniuria.</span> <span class='ocrx_word' id='word_1_12' title='bbox 890 326 993 402; x_wconf 79' lang='lat' dir='ltr'>Quare</span> <span class='ocrx_word' id='word_1_13' title='bbox 1013 329 1053 392; x_wconf 92' lang='lat' dir='ltr'>ad</span> <span class='ocrx_word' id='word_1_14' title='bbox 1073 345 1089 393; x_wconf 82' lang='lat'>3</span> 
     </span>
     <span class='ocr_line' id='line_1_3' title="bbox 95 415 1053 500; baseline -0.002 -18"><span class='ocrx_word' id='word_1_15' title='bbox 95 440 168 482; x_wconf 91' lang='lat' dir='ltr'>eam</span> <span class='ocrx_word' id='word_1_16' title='bbox 196 439 298 500; x_wconf 90' lang='lat' dir='ltr'>spem,</span> <span class='ocrx_word' id='word_1_17' title='bbox 330 437 424 498; x_wconf 78' lang='lat' dir='ltr'>quom</span> <span class='ocrx_word' id='word_1_18' title='bbox 455 417 491 480; x_wconf 86' lang='lat' dir='ltr'>de</span> <span class='ocrx_word' id='word_1_19' title='bbox 517 417 658 480; x_wconf 79' lang='lat' dir='ltr'>omnibus</span> <span class='ocrx_word' id='word_1_20' title='bbox 684 415 841 493; x_wconf 78' lang='lat' dir='ltr'>tutemus,</span> <span class='ocrx_word' id='word_1_21' title='bbox 868 417 982 480; x_wconf 70' lang='lat' dir='ltr'>mcedu</span> <span class='ocrx_word' id='word_1_22' title='bbox 1009 436 1053 494; x_wconf 84' lang='lat' dir='ltr'>eu,</span> 
     </span>
     <span class='ocr_line' id='line_1_4' title="bbox 95 503 1054 589; baseline -0.003 -19"><span class='ocrx_word' id='word_1_23' title='bbox 95 528 194 589; x_wconf 89' lang='lat' dir='ltr'>quam</span> <span class='ocrx_word' id='word_1_24' title='bbox 217 508 306 569; x_wconf 87' lang='lat' dir='ltr'>extra</span> <span class='ocrx_word' id='word_1_25' title='bbox 326 505 470 569; x_wconf 87' lang='lat' dir='ltr'><strong>ordinem</strong></span> <span class='ocrx_word' id='word_1_26' title='bbox 489 503 527 568; x_wconf 91' lang='lat' dir='ltr'>de</span> <span class='ocrx_word' id='word_1_27' title='bbox 545 507 578 567; x_wconf 87' lang='lat' dir='ltr'>te</span> <span class='ocrx_word' id='word_1_28' title='bbox 597 504 668 586; x_wconf 92' lang='lat' dir='ltr'>ipso</span> <span class='ocrx_word' id='word_1_29' title='bbox 689 504 844 567; x_wconf 89' lang='lat' dir='ltr'>habemus</span> <span class='ocrx_word' id='word_1_30' title='bbox 863 524 930 568; x_wconf 92' lang='lat' dir='ltr'>non</span> <span class='ocrx_word' id='word_1_31' title='bbox 950 505 1054 567; x_wconf 92' lang='lat' dir='ltr'>solum</span> 
     </span>
     <span class='ocr_line' id='line_1_5' title="bbox 95 591 1054 677; baseline -0.002 -20"><span class='ocrx_word' id='word_1_32' title='bbox 95 597 228 677; x_wconf 87' lang='lat' dir='ltr'>propter</span> <span class='ocrx_word' id='word_1_33' title='bbox 252 593 444 677; x_wconf 81' lang='lat' dir='ltr'>dignitatem</span> <span class='ocrx_word' id='word_1_34' title='bbox 468 595 500 656; x_wconf 87' lang='lat' dir='ltr'>et</span> <span class='ocrx_word' id='word_1_35' title='bbox 522 591 675 655; x_wconf 85' lang='lat' dir='ltr'>virtutem</span> <span class='ocrx_word' id='word_1_36' title='bbox 697 594 788 655; x_wconf 90' lang='lat' dir='ltr'>tuam</span> <span class='ocrx_word' id='word_1_37' title='bbox 801 628 845 637; x_wconf 92' lang='lat'>—</span> <span class='ocrx_word' id='word_1_38' title='bbox 864 591 945 656; x_wconf 87' lang='lat' dir='ltr'>haec</span> <span class='ocrx_word' id='word_1_39' title='bbox 968 593 1054 656; x_wconf 90' lang='lat' dir='ltr'>enim</span> 
     </span>
     <span class='ocr_line' id='line_1_6' title="bbox 96 680 1054 764; baseline -0.002 -19"><span class='ocrx_word' id='word_1_40' title='bbox 96 683 289 746; x_wconf 88' lang='lat' dir='ltr'>ornamenta</span> <span class='ocrx_word' id='word_1_41' title='bbox 313 684 389 744; x_wconf 91' lang='lat' dir='ltr'>sunt</span> <span class='ocrx_word' id='word_1_42' title='bbox 411 681 471 743; x_wconf 91' lang='lat' dir='ltr'>tibi</span> <span class='ocrx_word' id='word_1_43' title='bbox 495 680 592 744; x_wconf 88' lang='lat' dir='ltr'>etiam</span> <span class='ocrx_word' id='word_1_44' title='bbox 615 701 688 743; x_wconf 90' lang='lat' dir='ltr'>cum</span> <span class='ocrx_word' id='word_1_45' title='bbox 711 680 782 743; x_wconf 90' lang='lat' dir='ltr'>aliis</span> <span class='ocrx_word' id='word_1_46' title='bbox 806 680 989 744; x_wconf 91' lang='lat' dir='ltr'>communia</span> <span class='ocrx_word' id='word_1_47' title='bbox 1003 717 1054 764; x_wconf 92' lang='lat'>—,</span> 
     </span>
     <span class='ocr_line' id='line_1_7' title="bbox 95 767 1054 852; baseline -0.002 -18"><span class='ocrx_word' id='word_1_48' title='bbox 95 770 264 834; x_wconf 77' lang='lat' dir='ltr'>sedetiam</span> <span class='ocrx_word' id='word_1_49' title='bbox 295 771 428 852; x_wconf 87' lang='lat' dir='ltr'>propter</span> <span class='ocrx_word' id='word_1_50' title='bbox 460 767 611 831; x_wconf 84' lang='lat' dir='ltr'>eximium</span> <span class='ocrx_word' id='word_1_51' title='bbox 637 768 804 852; x_wconf 84' lang='lat' dir='ltr'>ingenium</span> <span class='ocrx_word' id='word_1_52' title='bbox 834 790 1054 851; x_wconf 82' lang='lat' dir='ltr'>summamque</span> 
     </span>
     <span class='ocr_line' id='line_1_8' title="bbox 96 856 1144 940; baseline -0.001 -19"><span class='ocrx_word' id='word_1_53' title='bbox 96 857 324 940; x_wconf 89' lang='lat' dir='ltr'>eloquentiam,</span> <span class='ocrx_word' id='word_1_54' title='bbox 349 857 400 920; x_wconf 93' lang='lat' dir='ltr'>eui</span> <span class='ocrx_word' id='word_1_55' title='bbox 423 856 620 920; x_wconf 83' lang='lat' dir='ltr'>mehercules</span> <span class='ocrx_word' id='word_1_56' title='bbox 643 856 705 939; x_wconf 93' lang='lat' dir='ltr'>hic,</span> <span class='ocrx_word' id='word_1_57' title='bbox 729 856 818 920; x_wconf 87' lang='lat' dir='ltr'>cuius</span> <span class='ocrx_word' id='word_1_58' title='bbox 837 857 871 918; x_wconf 92' lang='lat' dir='ltr'>in</span> <span class='ocrx_word' id='word_1_59' title='bbox 893 859 1054 939; x_wconf 73' lang='lat' dir='ltr'>potestate</span> <span class='ocrx_word' id='word_1_60' title='bbox 1139 926 1144 939; x_wconf 83' lang='lat'>.</span> 
     </span>
     <span class='ocr_line' id='line_1_9' title="bbox 97 944 1054 1028; baseline -0.002 -18"><span class='ocrx_word' id='word_1_61' title='bbox 97 967 222 1028; x_wconf 89' lang='lat' dir='ltr'>sumus,</span> <span class='ocrx_word' id='word_1_62' title='bbox 249 945 388 1008; x_wconf 87' lang='lat' dir='ltr'>multum</span> <span class='ocrx_word' id='word_1_63' title='bbox 419 945 541 1007; x_wconf 88' lang='lat' dir='ltr'>tribuit.</span> <span class='ocrx_word' id='word_1_64' title='bbox 586 944 700 1026; x_wconf 89' lang='lat' dir='ltr'>Itaque</span> <span class='ocrx_word' id='word_1_65' title='bbox 730 965 770 1006; x_wconf 93' lang='lat' dir='ltr'>ne</span> <span class='ocrx_word' id='word_1_66' title='bbox 803 948 959 1026; x_wconf 89' lang='lat' dir='ltr'>punctum</span> <span class='ocrx_word' id='word_1_67' title='bbox 987 946 1054 1027; x_wconf 92' lang='lat' dir='ltr'>qui-</span> 
     </span>
     <span class='ocr_line' id='line_1_10' title="bbox 97 1031 1055 1115; baseline -0.001 -19"><span class='ocrx_word' id='word_1_68' title='bbox 97 1033 171 1096; x_wconf 91' lang='lat' dir='ltr'>dem</span> <span class='ocrx_word' id='word_1_69' title='bbox 198 1033 352 1115; x_wconf 88' lang='lat' dir='ltr'>temporis</span> <span class='ocrx_word' id='word_1_70' title='bbox 380 1033 415 1095; x_wconf 93' lang='lat' dir='ltr'>in</span> <span class='ocrx_word' id='word_1_71' title='bbox 442 1032 506 1095; x_wconf 87' lang='lat' dir='ltr'>ista</span> <span class='ocrx_word' id='word_1_72' title='bbox 528 1031 660 1095; x_wconf 87' lang='lat' dir='ltr'>fortuna</span> <span class='ocrx_word' id='word_1_73' title='bbox 682 1032 813 1113; x_wconf 86' lang='lat' dir='ltr'>fuisses,</span> <span class='ocrx_word' id='word_1_74' title='bbox 836 1032 899 1094; x_wconf 88' lang='lat' dir='ltr'>nisi</span> <span class='ocrx_word' id='word_1_75' title='bbox 922 1053 960 1095; x_wconf 93' lang='lat' dir='ltr'>eo</span> <span class='ocrx_word' id='word_1_76' title='bbox 984 1033 1055 1115; x_wconf 90' lang='lat' dir='ltr'>ipso</span> 
     </span>
     <span class='ocr_line' id='line_1_11' title="bbox 96 1119 1055 1203; baseline -0.001 -19"><span class='ocrx_word' id='word_1_77' title='bbox 96 1122 186 1184; x_wconf 88' lang='lat' dir='ltr'>bono</span> <span class='ocrx_word' id='word_1_78' title='bbox 217 1124 289 1203; x_wconf 91' lang='lat' dir='ltr'>tuo,</span> <span class='ocrx_word' id='word_1_79' title='bbox 321 1142 384 1203; x_wconf 91' lang='lat' dir='ltr'>quo</span> <span class='ocrx_word' id='word_1_80' title='bbox 417 1119 606 1201; x_wconf 77' lang='lat' dir='ltr'>delectatur,</span> <span class='ocrx_word' id='word_1_81' title='bbox 645 1140 678 1182; x_wconf 90' lang='lat' dir='ltr'>sc</span> <span class='ocrx_word' id='word_1_82' title='bbox 711 1119 866 1182; x_wconf 86' lang='lat' dir='ltr'>violatum</span> <span class='ocrx_word' id='word_1_83' title='bbox 898 1122 1055 1202; x_wconf 82' lang='lat' dir='ltr'>putasset3</span> 
     </span>
     <span class='ocr_line' id='line_1_12' title="bbox 98 1206 1055 1292; baseline -0.002 -20"><span class='ocrx_word' id='word_1_84' title='bbox 98 1208 186 1292; x_wconf 90' lang='lat' dir='ltr'>quod</span> <span class='ocrx_word' id='word_1_85' title='bbox 208 1209 316 1292; x_wconf 88' lang='lat' dir='ltr'>ipsum</span> <span class='ocrx_word' id='word_1_86' title='bbox 337 1208 457 1271; x_wconf 90' lang='lat' dir='ltr'>lenitur</span> <span class='ocrx_word' id='word_1_87' title='bbox 485 1207 642 1290; x_wconf 86' lang='lat' dir='ltr'>quotidie,</span> <span class='ocrx_word' id='word_1_88' title='bbox 671 1206 933 1291; x_wconf 83' lang='lat' dir='ltr'>significaturque</span> <span class='ocrx_word' id='word_1_89' title='bbox 961 1207 1055 1271; x_wconf 89' lang='lat' dir='ltr'>nobis</span> 
     </span>
     <span class='ocr_line' id='line_1_13' title="bbox 98 1294 1056 1379; baseline 0 -21"><span class='ocrx_word' id='word_1_90' title='bbox 98 1295 140 1359; x_wconf 89' lang='lat' dir='ltr'>ab</span> <span class='ocrx_word' id='word_1_91' title='bbox 164 1296 216 1379; x_wconf 91' lang='lat' dir='ltr'>iis,</span> <span class='ocrx_word' id='word_1_92' title='bbox 246 1297 300 1378; x_wconf 91' lang='lat' dir='ltr'>qui</span> <span class='ocrx_word' id='word_1_93' title='bbox 324 1295 419 1358; x_wconf 88' lang='lat' dir='ltr'>simul</span> <span class='ocrx_word' id='word_1_94' title='bbox 442 1317 514 1358; x_wconf 87' lang='lat' dir='ltr'>curn</span> <span class='ocrx_word' id='word_1_95' title='bbox 538 1316 575 1359; x_wconf 94' lang='lat' dir='ltr'>eo</span> <span class='ocrx_word' id='word_1_96' title='bbox 599 1295 725 1378; x_wconf 85' lang='lat' dir='ltr'>vivunt,</span> <span class='ocrx_word' id='word_1_97' title='bbox 754 1295 814 1358; x_wconf 86' lang='lat' dir='ltr'>tibi</span> <span class='ocrx_word' id='word_1_98' title='bbox 841 1294 926 1358; x_wconf 87' lang='lat' dir='ltr'>hanc</span> <span class='ocrx_word' id='word_1_99' title='bbox 952 1295 1056 1378; x_wconf 87' lang='lat' dir='ltr'>ipsam</span> 
     </span>
     <span class='ocr_line' id='line_1_14' title="bbox 99 1383 1055 1467; baseline -0.001 -19"><span class='ocrx_word' id='word_1_100' title='bbox 99 1384 286 1466; x_wconf 89' lang='lat' dir='ltr'>opinionem</span> <span class='ocrx_word' id='word_1_101' title='bbox 319 1383 442 1467; x_wconf 82' lang='lat' dir='ltr'>ingenii</span> <span class='ocrx_word' id='word_1_102' title='bbox 474 1383 559 1466; x_wconf 89' lang='lat' dir='ltr'>apud</span> <span class='ocrx_word' id='word_1_103' title='bbox 591 1383 682 1447; x_wconf 91' lang='lat' dir='ltr'>illum</span> <span class='ocrx_word' id='word_1_104' title='bbox 710 1383 884 1466; x_wconf 91' lang='lat' dir='ltr'>plurimum</span> <span class='ocrx_word' id='word_1_105' title='bbox 910 1384 1055 1466; x_wconf 85' lang='lat' dir='ltr'>profutu-</span> 
     </span>
     <span class='ocr_line' id='line_1_15' title="bbox 98 1471 1092 1555; baseline 0 -21"><span class='ocrx_word' id='word_1_106' title='bbox 98 1494 178 1535; x_wconf 90' lang='lat' dir='ltr'>ram.</span> <span class='ocrx_word' id='word_1_107' title='bbox 225 1471 428 1555; x_wconf 79' lang='lat' dir='ltr'>Quapropter</span> <span class='ocrx_word' id='word_1_108' title='bbox 454 1471 594 1555; x_wconf 91' lang='lat' dir='ltr'>primum</span> <span class='ocrx_word' id='word_1_109' title='bbox 625 1471 677 1534; x_wconf 86' lang='lat' dir='ltr'>fac</span> <span class='ocrx_word' id='word_1_110' title='bbox 710 1471 816 1535; x_wconf 91' lang='lat' dir='ltr'>animo</span> <span class='ocrx_word' id='word_1_111' title='bbox 849 1471 927 1535; x_wconf 86' lang='lat' dir='ltr'>forti</span> <span class='ocrx_word' id='word_1_112' title='bbox 960 1475 1092 1554; x_wconf 84' lang='lat' dir='ltr'>atque4</span> 
     </span>
     <span class='ocr_line' id='line_1_16' title="bbox 98 1559 1056 1644; baseline -0.001 -20"><span class='ocrx_word' id='word_1_113' title='bbox 98 1582 219 1644; x_wconf 87' lang='lat' dir='ltr'>magno</span> <span class='ocrx_word' id='word_1_114' title='bbox 243 1561 287 1624; x_wconf 91' lang='lat' dir='ltr'>sis</span> <span class='ocrx_word' id='word_1_115' title='bbox 310 1561 422 1623; x_wconf 90' lang='lat' dir='ltr'>—ita</span> <span class='ocrx_word' id='word_1_116' title='bbox 446 1560 531 1623; x_wconf 90' lang='lat' dir='ltr'>enim</span> <span class='ocrx_word' id='word_1_117' title='bbox 553 1561 659 1643; x_wconf 75' lang='lat' dir='ltr'>natue,</span> <span class='ocrx_word' id='word_1_118' title='bbox 682 1559 729 1622; x_wconf 91' lang='lat' dir='ltr'>ita</span> <span class='ocrx_word' id='word_1_119' title='bbox 747 1559 909 1643; x_wconf 81' lang='lat' dir='ltr'>educatus,</span> <span class='ocrx_word' id='word_1_120' title='bbox 932 1561 979 1623; x_wconf 89' lang='lat' dir='ltr'>ita</span> <span class='ocrx_word' id='word_1_121' title='bbox 1002 1560 1056 1624; x_wconf 93' lang='lat' dir='ltr'>do-</span> 
     </span>
     <span class='ocr_line' id='line_1_17' title="bbox 99 1645 1057 1732; baseline -0.001 -20"><span class='ocrx_word' id='word_1_122' title='bbox 99 1652 170 1712; x_wconf 85' lang='lat' dir='ltr'>etus</span> <span class='ocrx_word' id='word_1_123' title='bbox 199 1671 246 1732; x_wconf 91' lang='lat' dir='ltr'>es,</span> <span class='ocrx_word' id='word_1_124' title='bbox 273 1649 320 1712; x_wconf 85' lang='lat' dir='ltr'>ita</span> <span class='ocrx_word' id='word_1_125' title='bbox 348 1645 454 1714; x_wconf 86' lang='lat' dir='ltr'>etiam</span> <span class='ocrx_word' id='word_1_126' title='bbox 468 1648 631 1732; x_wconf 79' lang='lat' dir='ltr'>cognitus,</span> <span class='ocrx_word' id='word_1_127' title='bbox 663 1649 700 1711; x_wconf 88' lang='lat' dir='ltr'>ut</span> <span class='ocrx_word' id='word_1_128' title='bbox 726 1647 787 1710; x_wconf 88' lang='lat' dir='ltr'>tibi</span> <span class='ocrx_word' id='word_1_129' title='bbox 813 1647 847 1710; x_wconf 93' lang='lat' dir='ltr'>id</span> <span class='ocrx_word' id='word_1_130' title='bbox 873 1647 1057 1712; x_wconf 86' lang='lat' dir='ltr'>faciendum</span> 
     </span>
     <span class='ocr_line' id='line_1_18' title="bbox 100 1734 1057 1820; baseline 0.001 -22"><span class='ocrx_word' id='word_1_131' title='bbox 100 1735 144 1798; x_wconf 89' lang='lat' dir='ltr'>sit</span> <span class='ocrx_word' id='word_1_132' title='bbox 171 1771 228 1820; x_wconf 85' lang='lat'>-,</span> <span class='ocrx_word' id='word_1_133' title='bbox 261 1736 375 1800; x_wconf 88' lang='lat' dir='ltr'>deinde</span> <span class='ocrx_word' id='word_1_134' title='bbox 408 1756 499 1820; x_wconf 90' lang='lat' dir='ltr'>spem</span> <span class='ocrx_word' id='word_1_135' title='bbox 531 1756 657 1819; x_wconf 88' lang='lat' dir='ltr'>quoque</span> <span class='ocrx_word' id='word_1_136' title='bbox 689 1734 809 1799; x_wconf 90' lang='lat' dir='ltr'>habeas</span> <span class='ocrx_word' id='word_1_137' title='bbox 841 1734 1057 1799; x_wconf 88' lang='lat' dir='ltr'>firmissimam</span> 
     </span>
     <span class='ocr_line' id='line_1_19' title="bbox 99 1823 1057 1907; baseline 0 -21"><span class='ocrx_word' id='word_1_138' title='bbox 99 1826 233 1906; x_wconf 89' lang='lat' dir='ltr'>propter</span> <span class='ocrx_word' id='word_1_139' title='bbox 265 1845 319 1887; x_wconf 88' lang='lat' dir='ltr'>eas</span> <span class='ocrx_word' id='word_1_140' title='bbox 347 1846 474 1907; x_wconf 78' lang='lat' dir='ltr'>causas,</span> <span class='ocrx_word' id='word_1_141' title='bbox 506 1845 585 1907; x_wconf 88' lang='lat' dir='ltr'>quas</span> <span class='ocrx_word' id='word_1_142' title='bbox 614 1823 739 1905; x_wconf 89' lang='lat' dir='ltr'>scripsi:</span> <span class='ocrx_word' id='word_1_143' title='bbox 773 1846 793 1886; x_wconf 91' lang='lat' dir='ltr'>a</span> <span class='ocrx_word' id='word_1_144' title='bbox 820 1844 870 1886; x_wconf 91' lang='lat' dir='ltr'>me</span> <span class='ocrx_word' id='word_1_145' title='bbox 898 1845 973 1886; x_wconf 84' lang='lat' dir='ltr'>vero</span> <span class='ocrx_word' id='word_1_146' title='bbox 997 1824 1057 1886; x_wconf 88' lang='lat' dir='ltr'>tibi</span> 
     </span>
     <span class='ocr_line' id='line_1_20' title="bbox 101 1910 1056 1995; baseline -0.001 -20"><span class='ocrx_word' id='word_1_147' title='bbox 101 1912 210 1975; x_wconf 87' lang='lat' dir='ltr'>omnia</span> <span class='ocrx_word' id='word_1_148' title='bbox 232 1911 405 1995; x_wconf 85' lang='lat' dir='ltr'>liberisque</span> <span class='ocrx_word' id='word_1_149' title='bbox 428 1912 492 1975; x_wconf 87' lang='lat' dir='ltr'>tuis</span> <span class='ocrx_word' id='word_1_150' title='bbox 516 1911 720 1994; x_wconf 87' lang='lat' dir='ltr'>paratissima</span> <span class='ocrx_word' id='word_1_151' title='bbox 748 1932 816 1974; x_wconf 89' lang='lat' dir='ltr'>esse</span> <span class='ocrx_word' id='word_1_152' title='bbox 840 1910 982 1974; x_wconf 87' lang='lat' dir='ltr'>confidas</span> <span class='ocrx_word' id='word_1_153' title='bbox 1005 1932 1056 1974; x_wconf 83' lang='lat' dir='ltr'>ve-</span> 
     </span>
     <span class='ocr_line' id='line_1_21' title="bbox 98 1998 1057 2080; baseline 0 -18"><span class='ocrx_word' id='word_1_154' title='bbox 98 1999 170 2080; x_wconf 84' lang='lat' dir='ltr'>lim3</span> <span class='ocrx_word' id='word_1_155' title='bbox 193 1998 226 2061; x_wconf 94' lang='lat' dir='ltr'>id</span> <span class='ocrx_word' id='word_1_156' title='bbox 250 1998 337 2062; x_wconf 91' lang='lat' dir='ltr'>enim</span> <span class='ocrx_word' id='word_1_157' title='bbox 360 2002 394 2061; x_wconf 91' lang='lat' dir='ltr'>et</span> <span class='ocrx_word' id='word_1_158' title='bbox 415 2002 558 2063; x_wconf 85' lang='lat' dir='ltr'>vetustas</span> <span class='ocrx_word' id='word_1_159' title='bbox 581 2000 685 2063; x_wconf 87' lang='lat' dir='ltr'>nostri</span> <span class='ocrx_word' id='word_1_160' title='bbox 705 1999 823 2063; x_wconf 87' lang='lat' dir='ltr'>amoris</span> <span class='ocrx_word' id='word_1_161' title='bbox 842 2001 875 2061; x_wconf 87' lang='lat' dir='ltr'>et</span> <span class='ocrx_word' id='word_1_162' title='bbox 892 2020 964 2062; x_wconf 89' lang='lat' dir='ltr'>mea</span> <span class='ocrx_word' id='word_1_163' title='bbox 983 2020 1057 2062; x_wconf 92' lang='lat' dir='ltr'>con-</span> 
     </span>
    </p>

    <p class='ocr_par' dir='ltr' id='par_1_3' title="bbox 74 2085 1058 2237">
     <span class='ocr_line' id='line_1_22' title="bbox 74 2085 1058 2172; baseline 0.003 -23"><span class='ocrx_word' id='word_1_164' title='bbox 74 2128 78 2134; x_wconf 95' lang='lat'><em>-</em></span> <span class='ocrx_word' id='word_1_165' title='bbox 100 2085 237 2149; x_wconf 89' lang='lat' dir='ltr'>suetudo</span> <span class='ocrx_word' id='word_1_166' title='bbox 260 2085 297 2148; x_wconf 93' lang='lat' dir='ltr'>in</span> <span class='ocrx_word' id='word_1_167' title='bbox 319 2107 407 2150; x_wconf 90' lang='lat' dir='ltr'>meos</span> <span class='ocrx_word' id='word_1_168' title='bbox 430 2090 464 2150; x_wconf 90' lang='lat' dir='ltr'>et</span> <span class='ocrx_word' id='word_1_169' title='bbox 489 2089 546 2150; x_wconf 87' lang='lat' dir='ltr'>tua</span> <span class='ocrx_word' id='word_1_170' title='bbox 568 2088 671 2152; x_wconf 89' lang='lat' dir='ltr'>multa</span> <span class='ocrx_word' id='word_1_171' title='bbox 694 2107 770 2172; x_wconf 84' lang='lat' dir='ltr'>erga</span> <span class='ocrx_word' id='word_1_172' title='bbox 797 2107 848 2150; x_wconf 91' lang='lat' dir='ltr'>me</span> <span class='ocrx_word' id='word_1_173' title='bbox 872 2085 979 2150; x_wconf 83' lang='lat' dir='ltr'>officia</span> <span class='ocrx_word' id='word_1_174' title='bbox 1001 2109 1058 2170; x_wconf 93' lang='lat' dir='ltr'>po-</span> 
     </span>
     <span class='ocr_line' id='line_1_23' title="bbox 99 2175 233 2237; baseline 0.007 -1"><span class='ocrx_word' id='word_1_175' title='bbox 99 2175 233 2237; x_wconf 86' lang='lat' dir='ltr'>stulant.</span> 
     </span>
    </p>
   </div>
   <div class='ocr_carea' id='block_1_3' title="bbox 215 2383 942 2566">
    <p class='ocr_par' dir='ltr' id='par_1_4' title="bbox 215 2383 942 2566">
     <span class='ocr_line' id='line_1_24' title="bbox 547 2383 604 2450; baseline 0 0"><span class='ocrx_word' id='word_1_176' title='bbox 547 2383 604 2450; x_wconf 88' lang='lat' dir='ltr'>VI.</span> 
     </span>
     <span class='ocr_line' id='line_1_25' title="bbox 215 2495 942 2566; baseline -0.003 -16"><span class='ocrx_word' id='word_1_177' title='bbox 215 2495 272 2550; x_wconf 86' lang='lat' dir='ltr'>Sor.</span> <span class='ocrx_word' id='word_1_178' title='bbox 291 2496 396 2550; x_wconf 85' lang='lat' dir='ltr'>Romae</span> <span class='ocrx_word' id='word_1_179' title='bbox 417 2496 492 2564; x_wconf 81' lang='lat' dir='ltr'>(poet</span> <span class='ocrx_word' id='word_1_180' title='bbox 508 2495 569 2551; x_wconf 88' lang='lat' dir='ltr'>VH.</span> <span class='ocrx_word' id='word_1_181' title='bbox 589 2496 622 2551; x_wconf 91' lang='lat' dir='ltr'>K.</span> <span class='ocrx_word' id='word_1_182' title='bbox 642 2495 729 2566; x_wconf 80' lang='lat' dir='ltr'>Sext.)</span> <span class='ocrx_word' id='word_1_183' title='bbox 749 2513 773 2551; x_wconf 87' lang='lat' dir='ltr'>a.</span> <span class='ocrx_word' id='word_1_184' title='bbox 793 2514 819 2550; x_wconf 87' lang='lat' dir='ltr'>u.</span> <span class='ocrx_word' id='word_1_185' title='bbox 840 2513 863 2552; x_wconf 86' lang='lat' dir='ltr'>c.</span> <span class='ocrx_word' id='word_1_186' title='bbox 885 2502 942 2552; x_wconf 80' lang='lat'>708.</span> 
     </span>
    </p>
   </div>
   <div class='ocr_carea' id='block_1_4' title="bbox 305 2617 849 2676">
    <p class='ocr_par' dir='ltr' id='par_1_5' title="bbox 305 2617 849 2676">
     <span class='ocr_line' id='line_1_26' title="bbox 305 2617 849 2676; baseline 0.002 -4"><span class='ocrx_word' id='word_1_187' title='bbox 305 2619 341 2672; x_wconf 91' lang='lat' dir='ltr'>M.</span> <span class='ocrx_word' id='word_1_188' title='bbox 362 2617 490 2673; x_wconf 79' lang='lat' dir='ltr'>CICERO</span> <span class='ocrx_word' id='word_1_189' title='bbox 510 2618 537 2673; x_wconf 81' lang='lat' dir='ltr'>S.</span> <span class='ocrx_word' id='word_1_190' title='bbox 555 2619 588 2674; x_wconf 90' lang='lat' dir='ltr'>D.</span> <span class='ocrx_word' id='word_1_191' title='bbox 608 2621 640 2675; x_wconf 86' lang='lat' dir='ltr'>A.</span> <span class='ocrx_word' id='word_1_192' title='bbox 660 2619 849 2676; x_wconf 80' lang='lat' dir='ltr'>CAECINAE.</span> 
     </span>
    </p>
   </div>
   <div class='ocr_carea' id='block_1_5' title="bbox 99 2717 1092 3156">
    <p class='ocr_par' dir='ltr' id='par_1_6' title="bbox 99 2717 1092 3156">
     <span class='ocr_line' id='line_1_27' title="bbox 167 2717 1092 2803; baseline -0.001 -21"><span class='ocrx_word' id='word_1_193' title='bbox 167 2717 303 2801; x_wconf 83' lang='lat' dir='ltr'>Vereor,</span> <span class='ocrx_word' id='word_1_194' title='bbox 330 2739 371 2781; x_wconf 94' lang='lat' dir='ltr'>ne</span> <span class='ocrx_word' id='word_1_195' title='bbox 395 2717 554 2782; x_wconf 89' lang='lat' dir='ltr'>desideres</span> <span class='ocrx_word' id='word_1_196' title='bbox 579 2719 721 2783; x_wconf 86' lang='lat' dir='ltr'>officium</span> <span class='ocrx_word' id='word_1_197' title='bbox 742 2741 862 2803; x_wconf 89' lang='lat' dir='ltr'>meum,</span> <span class='ocrx_word' id='word_1_198' title='bbox 890 2718 976 2802; x_wconf 91' lang='lat' dir='ltr'>quod</span> <span class='ocrx_word' id='word_1_199' title='bbox 998 2719 1057 2784; x_wconf 93' lang='lat' dir='ltr'>tibi</span> <span class='ocrx_word' id='word_1_200' title='bbox 1077 2734 1092 2781; x_wconf 92' lang='lat'>1</span> 
     </span>
     <span class='ocr_line' id='line_1_28' title="bbox 99 2806 1057 2888; baseline 0.004 -20"><span class='ocrx_word' id='word_1_201' title='bbox 99 2827 160 2888; x_wconf 93' lang='lat' dir='ltr'>pro</span> <span class='ocrx_word' id='word_1_202' title='bbox 187 2810 300 2870; x_wconf 85' lang='lat' dir='ltr'>nostra</span> <span class='ocrx_word' id='word_1_203' title='bbox 332 2810 365 2870; x_wconf 92' lang='lat' dir='ltr'>et</span> <span class='ocrx_word' id='word_1_204' title='bbox 396 2806 596 2871; x_wconf 85' lang='lat' dir='ltr'>meritorum</span> <span class='ocrx_word' id='word_1_205' title='bbox 611 2808 786 2872; x_wconf 89' lang='lat' dir='ltr'>multorum</span> <span class='ocrx_word' id='word_1_206' title='bbox 818 2811 851 2873; x_wconf 92' lang='lat' dir='ltr'>et</span> <span class='ocrx_word' id='word_1_207' title='bbox 878 2807 1057 2872; x_wconf 90' lang='lat' dir='ltr'>studiorum</span> 
     </span>
     <span class='ocr_line' id='line_1_29' title="bbox 99 2894 1058 2980; baseline 0.005 -25"><span class='ocrx_word' id='word_1_208' title='bbox 99 2894 228 2976; x_wconf 91' lang='lat' dir='ltr'>parium</span> <span class='ocrx_word' id='word_1_209' title='bbox 250 2894 477 2958; x_wconf 89' lang='lat' dir='ltr'>coniunctione</span> <span class='ocrx_word' id='word_1_210' title='bbox 501 2894 611 2959; x_wconf 85' lang='lat' dir='ltr'>deesse</span> <span class='ocrx_word' id='word_1_211' title='bbox 633 2918 701 2960; x_wconf 96' lang='lat' dir='ltr'>non</span> <span class='ocrx_word' id='word_1_212' title='bbox 729 2895 836 2980; x_wconf 90' lang='lat' dir='ltr'>debet,</span> <span class='ocrx_word' id='word_1_213' title='bbox 864 2897 920 2961; x_wconf 88' lang='lat' dir='ltr'>sed</span> <span class='ocrx_word' id='word_1_214' title='bbox 935 2900 1058 2960; x_wconf 50' lang='lat' dir='ltr'>‘tamen</span> 
     </span>
     <span class='ocr_line' id='line_1_30' title="bbox 100 2981 1057 3069; baseline 0.005 -27"><span class='ocrx_word' id='word_1_215' title='bbox 100 3001 225 3064; x_wconf 88' lang='lat' dir='ltr'>vereor,</span> <span class='ocrx_word' id='word_1_216' title='bbox 248 3002 289 3044; x_wconf 95' lang='lat' dir='ltr'>ne</span> <span class='ocrx_word' id='word_1_217' title='bbox 312 2981 493 3045; x_wconf 87' lang='lat' dir='ltr'>litterarum</span> <span class='ocrx_word' id='word_1_218' title='bbox 516 3004 535 3046; x_wconf 87' lang='lat' dir='ltr'>a</span> <span class='ocrx_word' id='word_1_219' title='bbox 557 3005 608 3046; x_wconf 91' lang='lat' dir='ltr'>me</span> <span class='ocrx_word' id='word_1_220' title='bbox 632 2983 774 3048; x_wconf 90' lang='lat' dir='ltr'>officium</span> <span class='ocrx_word' id='word_1_221' title='bbox 796 2985 953 3068; x_wconf 75' lang='lat' dir='ltr'>requiraS,</span> <span class='ocrx_word' id='word_1_222' title='bbox 977 3007 1057 3069; x_wconf 89' lang='lat' dir='ltr'>quas</span> 
     </span>
     <span class='ocr_line' id='line_1_31' title="bbox 100 3067 1056 3156; baseline 0.006 -28"><span class='ocrx_word' id='word_1_223' title='bbox 100 3067 161 3129; x_wconf 90' lang='lat' dir='ltr'>tibi</span> <span class='ocrx_word' id='word_1_224' title='bbox 184 3070 218 3130; x_wconf 90' lang='lat' dir='ltr'>et</span> <span class='ocrx_word' id='word_1_225' title='bbox 239 3068 429 3151; x_wconf 90' lang='lat' dir='ltr'>iampridem</span> <span class='ocrx_word' id='word_1_226' title='bbox 452 3072 485 3134; x_wconf 92' lang='lat' dir='ltr'>et</span> <span class='ocrx_word' id='word_1_227' title='bbox 507 3091 602 3155; x_wconf 88' lang='lat' dir='ltr'>saepe</span> <span class='ocrx_word' id='word_1_228' title='bbox 625 3071 796 3156; x_wconf 85' lang='lat' dir='ltr'>misissem,</span> <span class='ocrx_word' id='word_1_229' title='bbox 823 3073 886 3137; x_wconf 86' lang='lat' dir='ltr'>nisi</span> <span class='ocrx_word' id='word_1_230' title='bbox 914 3073 1056 3156; x_wconf 89' lang='lat' dir='ltr'>quotidie</span> 
     </span>
    </p>
   </div>
   <div class='ocr_carea' id='block_1_6' title="bbox 98 3293 1058 3560">
    <p class='ocr_par' dir='ltr' id='par_1_7' title="bbox 98 3293 1058 3560">
     <span class='ocr_line' id='line_1_32' title="bbox 171 3293 1057 3369; baseline 0.007 -24"><span class='ocrx_word' id='word_1_231' title='bbox 171 3293 222 3361; x_wconf 85' lang='lat' dir='ltr'>Ep.</span> <span class='ocrx_word' id='word_1_232' title='bbox 239 3298 263 3361; x_wconf 88' lang='lat'>5,</span> <span class='ocrx_word' id='word_1_233' title='bbox 274 3299 298 3346; x_wconf 88' lang='lat'>3.</span> <span class='ocrx_word' id='word_1_234' title='bbox 335 3310 417 3364; x_wconf 78' lang='lat' dir='ltr'>quom</span> <span class='ocrx_word' id='word_1_235' title='bbox 429 3295 462 3350; x_wconf 81' lang='lat' dir='ltr'>de</span> <span class='ocrx_word' id='word_1_236' title='bbox 476 3299 567 3352; x_wconf 73' lang='lat' dir='ltr'>ederis</span> <span class='ocrx_word' id='word_1_237' title='bbox 581 3299 709 3353; x_wconf 79' lang='lat' dir='ltr'>tutemus</span> <span class='ocrx_word' id='word_1_238' title='bbox 725 3298 809 3369; x_wconf 81' lang='lat' dir='ltr'>(W.)?</span> <span class='ocrx_word' id='word_1_239' title='bbox 829 3328 861 3338; x_wconf 92' lang='lat'><em>-</em></span> <span class='ocrx_word' id='word_1_240' title='bbox 880 3298 933 3353; x_wconf 70' lang='lat' dir='ltr'>tect</span> <span class='ocrx_word' id='word_1_241' title='bbox 951 3297 1057 3368; x_wconf 82' lang='lat' dir='ltr'>[etiam]</span> 
     </span>
     <span class='ocr_line' id='line_1_33' title="bbox 99 3364 1056 3438; baseline 0.004 -21"><span class='ocrx_word' id='word_1_242' title='bbox 99 3381 160 3418; x_wconf 76' lang='lat' dir='ltr'>curn</span> <span class='ocrx_word' id='word_1_243' title='bbox 180 3364 268 3434; x_wconf 80' lang='lat' dir='ltr'>(W.)r</span> <span class='ocrx_word' id='word_1_244' title='bbox 287 3394 323 3403; x_wconf 91' lang='lat'><em>-</em></span> <span class='ocrx_word' id='word_1_245' title='bbox 341 3366 387 3420; x_wconf 84' lang='lat' dir='ltr'>sed</span> <span class='ocrx_word' id='word_1_246' title='bbox 404 3367 486 3421; x_wconf 68' lang='lat' dir='ltr'>etum</span> <span class='ocrx_word' id='word_1_247' title='bbox 499 3373 614 3438; x_wconf 80' lang='lat' dir='ltr'>propter</span> <span class='ocrx_word' id='word_1_248' title='bbox 633 3370 708 3437; x_wconf 88' lang='lat' dir='ltr'>(W.).</span> <span class='ocrx_word' id='word_1_249' title='bbox 740 3374 855 3438; x_wconf 73' lang='lat' dir='ltr'>propter</span> <span class='ocrx_word' id='word_1_250' title='bbox 873 3368 909 3421; x_wconf 91' lang='lat' dir='ltr'>M.</span> <span class='ocrx_word' id='word_1_251' title='bbox 951 3369 997 3422; x_wconf 83' lang='lat' dir='ltr'>ced</span> <span class='ocrx_word' id='word_1_252' title='bbox 1010 3385 1056 3436; x_wconf 82' lang='lat' dir='ltr'>pr.</span> 
     </span>
     <span class='ocr_line' id='line_1_34' title="bbox 98 3435 1058 3560; baseline 0.007 -73"><span class='ocrx_word' id='word_1_253' title='bbox 98 3435 255 3560; x_wconf 62' lang='lat' dir='ltr'>diddoildl’ss</span> <span class='ocrx_word' id='word_1_254' title='bbox 255 3435 285 3489; x_wconf 93' lang='lat' dir='ltr'><strong>B</strong></span> <span class='ocrx_word' id='word_1_255' title='bbox 315 3465 349 3474; x_wconf 93' lang='lat'><em>-</em></span> <span class='ocrx_word' id='word_1_256' title='bbox 376 3450 559 3508; x_wconf 78' lang='lat' dir='ltr'>summumque</span> <span class='ocrx_word' id='word_1_257' title='bbox 580 3440 758 3510; x_wconf 76' lang='lat' dir='ltr'>eloquentium</span> <span class='ocrx_word' id='word_1_258' title='bbox 786 3439 879 3508; x_wconf 71' lang='lat' dir='ltr'>(Son).</span> <span class='ocrx_word' id='word_1_259' title='bbox 925 3453 946 3492; x_wconf 87' lang='lat' dir='ltr'>s.</span> <span class='ocrx_word' id='word_1_260' title='bbox 965 3442 984 3506; x_wconf 64' lang='grc' dir='ltr'>’ς</span> <span class='ocrx_word' id='word_1_261' title='bbox 1002 3440 1058 3494; x_wconf 77' lang='lat' dir='ltr'>oir-</span> 
     </span>
    </p>
   </div>
   <div class='ocr_carea' id='block_1_7' title="bbox 0 0 1201 3878">
    <p class='ocr_par' dir='ltr' id='par_1_8' title="bbox 0 0 1201 3878">
     <span class='ocr_line' id='line_1_35' title="bbox 0 0 1201 3878; baseline 0 0"><span class='ocrx_word' id='word_1_262' title='bbox 0 0 1201 3878; x_wconf 95' lang='lat' dir='ltr'> </span> 
     </span>
    </p>
   </div>
  </div>
 </body>
</html>
