2370 3878
344 192 602 248 urrsromauu
620 193 668 247 m.
688 199 728 247 ιο.
750 199 791 246 11.
1006 192 1049 258 85

93 339 192 406 animi
214 339 353 404 altitudo
376 338 448 422 fuit,
470 360 538 404 non
560 337 656 403 modo
675 341 712 401 ut
728 336 851 422 Phrygi
874 336 970 402 alicui
993 341 1051 402 aut

94 428 244 514 lycaoni,
268 427 354 512 quod
375 431 413 493 tu
435 428 470 491 in
492 427 609 512 legatis
631 426 745 509 fecisti,
768 425 824 489 sed
846 446 888 489 ne
911 448 1050 491 summo-

95 510 163 583 rum
186 516 315 601 quidem
337 515 506 581 hominurn
528 514 694 579 malevolis
718 514 756 578 de
779 535 830 578 me
849 514 1050 580 sermonibus

96 606 243 672 crederet.
288 602 395 669 Huius
421 604 522 690 igitur
543 603 629 667 filius
658 625 756 687 quum
783 603 826 667 sit
849 623 948 688 gener
975 606 1050 668 tuus

97 715 256 780 quumque
291 696 420 778 praeter
454 693 539 757 hanc
577 692 837 756 coniunctionem
873 691 1052 776 affinitatis,

98 805 191 868 ruam
222 782 266 848 sis
299 778 357 848 On.
383 780 538 865 Pompeio
572 802 664 845 carus
698 802 857 864 quamque
884 780 1052 864 iucundus,

99 871 287 956 mtelligam,
319 892 382 955 quo
414 869 547 934 tandem
575 869 683 934 animo
713 870 748 933 in
775 872 808 933 te
835 891 904 934 esse
928 869 1052 935 debeo?

99 982 194 1044 auum
216 959 406 1044 praesertim
429 980 483 1023 eas
506 957 547 1022 ad
570 979 620 1022 me
639 957 764 1021 litteras
782 958 809 1021 is
829 958 961 1041 miserit,
984 957 1052 1042 qui·

101 1070 169 1133 sus,
198 1047 324 1112 etiamsi
352 1047 426 1131 tibi,
453 1046 505 1112 cui
533 1067 605 1110 sum
628 1046 852 1129 amicissimus,
878 1045 981 1111 hostis
1005 1068 1052 1111 es·
1172 1123 1175 1127 .

102 1158 173 1221 sem,
195 1137 341 1221 placarer
362 1138 474 1200 tamen
495 1137 664 1218 totumque
690 1155 742 1198 me
766 1135 807 1198 ad
834 1134 901 1198 eius
923 1134 985 1198 viri
1006 1135 1054 1198 ita

103 1225 134 1289 te
167 1246 218 1288 me
250 1223 357 1289 meriti
388 1223 588 1288 voluntatem
620 1225 798 1307 nutumque
826 1226 1053 1287 converterem.

103 1311 159 1378 led
186 1313 266 1376 haec
292 1312 463 1395 hactenus,
494 1311 640 1396 pluribus
673 1312 758 1375 enim
786 1312 883 1377 etiam
914 1310 1053 1376 fortasse
1073 1324 1106 1373 11

104 1400 219 1484 serbis,
246 1420 343 1484 quam
368 1420 498 1465 necesse
524 1400 600 1484 fuit,
628 1400 748 1485 scripta
776 1403 864 1465 sunt:
892 1421 979 1465 nunc
1006 1423 1053 1485 ea,

104 1508 180 1574 puae
194 1509 215 1552 a
228 1509 279 1553 me
292 1487 437 1572 profecta
451 1510 595 1573 quaeque
613 1489 764 1554 instituta
782 1492 867 1573 sunt,
886 1510 1053 1575 cognosce.

105 1612 375 1625 ...........
383 1577 1054 1661 '...............u-atquehaess

105 1665 224 1751 agimus
247 1669 280 1731 et
302 1685 435 1752 agemus
462 1666 566 1751 magis
593 1688 652 1751 pro
684 1666 842 1753 dignitate
871 1688 967 1750 quarn
994 1687 1053 1750 pro

105 1755 238 1838 periculo
261 1758 333 1838 tuo3
358 1757 391 1818 te
416 1755 515 1839 enim,
542 1758 579 1819 ut
602 1776 709 1839 spero,
735 1754 921 1840 propediem
944 1776 1054 1819 censo·

105 1863 166 1906 rem
189 1842 364 1927 audiemus,
387 1843 476 1907 cuius
500 1843 709 1928 magistratus
733 1843 849 1926 officia,
874 1863 955 1926 quae
979 1846 1056 1907 sunt

106 1930 229 1994 maximi
251 1931 351 1995 animi
373 1931 553 2014 summique
577 1931 711 2014 consilii,
733 1931 794 1995 tibi
813 1930 999 2015 diligentius
1023 1933 1055 1994 et

106 2018 281 2082 accuratius
304 2040 400 2102 quam
423 2018 512 2103 haec,
537 2039 617 2102 quae
640 2039 701 2084 nos
724 2018 763 2084 de
785 2022 818 2082 te
842 2019 981 2104 agimus,
1004 2038 1056 2084 co·

106 2104 234 2190 gitanda
256 2126 324 2172 esso
347 2127 471 2173 censeo.

544 2318 601 2384 XI.

107 2429 155 2482 tor.
183 2428 213 2484 in
240 2430 339 2486 castris
367 2430 404 2486 ad
431 2430 581 2501 Pyramum
608 2447 704 2557 Ῑξδῖεο
731 2431 811 2487 Iunio
845 2433 920 2502 (post
947 2431 1054 2502 Nonas)

480 2518 505 2556 a.
524 2521 551 2556 u.
572 2519 594 2557 o.
670 2543 675 2556 .

134 2622 178 2677 m.
194 2621 320 2680 crcuuo
338 2624 395 2680 ΑΡ,
414 2624 593 2694 runcano,
613 2628 753 2696 aspero,
773 2623 929 2680 causoru
944 2625 971 2678 s.
985 2625 1018 2679 u.

164 2721 270 2799 Quum
298 2746 401 2789 essem
427 2725 464 2789 in
495 2726 609 2791 castris
639 2725 681 2791 ad
711 2724 845 2791 fiuvium
872 2724 1091 2811 Pyramum,1

110 2810 239 2876 additae
260 2812 340 2877 mihi
358 2816 519 2879 suntuna
538 2818 683 2899 tempore
702 2836 722 2881 a
739 2816 772 2879 te
791 2813 946 2899 epistolae
966 2815 1056 2900 duae,

111 2920 177 2982 [uas
200 2900 242 2964 ad
264 2922 315 2967 me
339 2900 375 2978 Q.
399 2899 552 2969 Servilius
581 2903 682 2968 Tarso
711 2902 855 2967 miserat:
883 2924 994 2968 earum
1020 2904 1057 2968 in

112 2986 199 3052 ltera
231 2989 299 3054 dies
331 2993 402 3055 erat
431 2992 590 3076 ascriptus
617 2990 788 3057 Nonarum
815 2990 990 3075 Aprilium3
1021 2992 1057 3056 in

112 3075 208 3158 itera,
226 3097 308 3161 quae
326 3077 407 3142 mihi
424 3079 585 3144 recentior
602 3079 781 3164 videbatur,
803 3079 870 3144 dies
888 3101 956 3145 non
979 3083 1056 3143 erat.

112 3161 313 3246 tespondebo
340 3166 441 3251 igitur
470 3167 627 3252 superiori
653 3168 758 3251 prius,
789 3167 825 3232 in
852 3189 916 3252 qua
943 3166 1062 3231 scribis>

112 3249 138 3315 d
170 3271 222 3315 me
254 3251 293 3319 do
330 3253 532 3321 absolutionc
570 3255 757 3323 maiestatis.
810 3253 860 3320 De
896 3276 960 3339 qua
995 3255 1056 3318 etsi

165 3460 339 3586 Ep.10,11.
370 3465 498 3546 profectu
517 3465 583 3534 (Μ.).
616 3466 690 3534 perf.
711 3464 742 3520 B.
780 3463 832 3533 Ep.
854 3467 895 3530 11,
912 3469 934 3517 1.
973 3464 1057 3518 ascri·

112 3535 159 3586 tus
178 3533 188 3601 (
212 3531 296 3589 aiteri
314 3536 405 3605 corp).
443 3535 586 3607 adseruato
603 3535 670 3593 ΜΒ.
