2370 3878
182 124 247 210 510
464 143 501 196 u.
522 141 644 197 ruuuu
663 140 853 196 crcueoms

181 291 299 374 iudicii,
322 293 358 353 ut
375 287 671 371 praestantissimas
689 290 762 351 tuus
780 286 917 351 virtutes
938 310 1011 354 uon
1029 291 1141 356 tacitus

182 379 422 445 admirarer-
446 375 518 460 quis
546 375 632 439 enim
663 379 695 438 te
722 374 755 439 id
781 396 850 440 non
879 375 985 441 facit?
1009 414 1072 463 —,
1094 381 1141 445 sed

181 470 217 532 in
240 466 389 532 omnibus
417 464 631 547 orationibus,
662 464 830 529 sententiis
862 463 1012 530 dicendis
1043 470 1141 533 cauda

182 555 329 641 agendis,
361 553 511 618 omnibus
543 552 684 636 seriptis,
716 550 845 617 Graecis
877 552 1024 640 Latinis,
1059 558 1140 622 omni
1174 574 1177 585 ’

182 644 319 727 denique
344 642 499 707 uarietate
526 641 706 705 litterarum
728 661 872 705 mearum
899 645 932 705 te
956 662 1026 708 nore
1049 645 1140 710 modo

181 732 230 815 iis,
253 753 334 815 quos
356 730 554 814 vidissemus,
577 729 632 794 sed
655 729 704 813 iis,
726 729 765 793 de
789 729 905 813 quibus
928 731 1140 817 audissemus,

130 840 162 888 13
182 821 331 884 omnibus
364 819 564 884 anteferrem.
618 817 758 893 Quaeres
789 818 942 903 fortasse,
979 821 1062 904 quid
1095 823 1140 905 sit,

182 909 267 992 quod
290 930 351 994 ego
373 909 436 974 hoc
458 908 566 973 nescio
589 906 665 991 quid
693 906 921 992 gratulationis
949 912 984 971 et
1006 909 1138 987 honoris

182 1020 201 1060 a
225 1002 338 1062 senatu
359 997 444 1060 tanti
466 995 641 1059 aestimem.
685 995 792 1080 Agam
819 995 884 1059 iam
909 998 1022 1060 tecum
1051 998 1137 1062 fami·

181 1086 316 1169 liariter,
344 1089 381 1148 ut
408 1085 458 1148 est
480 1086 513 1147 et
539 1082 653 1146 studiis
676 1086 709 1146 et
731 1082 846 1147 officiis
873 1084 996 1148 nostris
1019 1087 1137 1151 mutuis
1174 1092 1177 1169 l

181 1178 215 1240 et
237 1195 362 1239 summa
389 1171 530 1236 amicitia
557 1171 691 1255 dignum
717 1174 750 1235 et
776 1171 1014 1236 necessitudine
1045 1175 1136 1239 etiam
1175 1178 1177 1249 ζ

181 1267 331 1347 paterna:
358 1262 386 1325 si
409 1261 577 1345 quisquam
598 1259 662 1322 fuit
684 1280 837 1343 umquam
858 1265 1003 1325 remotus
1029 1266 1065 1326 et
1085 1285 1135 1328 na-

180 1357 255 1415 tura
278 1354 310 1417 et
332 1349 435 1433 magis
454 1349 561 1431 etiam,
582 1350 620 1411 ut
636 1346 716 1411 mihi
734 1347 862 1431 quidem
880 1349 1001 1412 sentire
1020 1351 1135 1435 videor,

181 1439 306 1502 ratione
329 1442 425 1522 atque
453 1437 599 1501 doctrina
621 1436 662 1500 ab
689 1436 779 1499 inani
805 1436 899 1500 laude
923 1439 956 1500 et
983 1440 1134 1504 sermoni·

181 1527 242 1589 bus
265 1526 367 1609 vulgi,
391 1545 451 1608 ego
473 1525 618 1608 profecto
642 1525 669 1587 is
693 1546 772 1588 sum.
817 1523 923 1588 Testis
950 1529 1003 1589 est
1024 1547 1134 1592 consu·
1174 1580 1177 1585 .

181 1615 267 1677 latus
290 1635 389 1695 meus,
411 1613 447 1676 in
470 1635 543 1696 quo,
565 1613 647 1676 sicut
669 1613 704 1676 in
726 1612 849 1696 reliqua
871 1613 946 1696 uita,
969 1613 1080 1678 fateor
1100 1637 1134 1679 ee

182 1724 233 1766 me
257 1701 398 1766 studiose
426 1704 583 1785 secutum,
610 1722 649 1763 ex
676 1700 791 1782 quibus
818 1722 894 1764 vera
920 1701 1026 1784 gloria
1049 1703 1134 1766 nasci

182 1793 301 1874 posset,
322 1791 426 1874 ipsam
450 1789 577 1873 quidem
600 1788 736 1872 gloriam
754 1810 811 1872 per
829 1810 863 1852 se
882 1810 1062 1873 numquam
1080 1813 1133 1874 pu-

182 1880 249 1943 tavi
272 1878 495 1962 expetendam:
524 1878 633 1959 itaque
656 1880 689 1939 et
710 1876 908 1959 provinciam
932 1881 1084 1942 ornatam
1105 1883 1134 1942 et

183 1990 272 2051 spem
304 1989 371 2032 non
404 1965 533 2030 dubiam
564 1964 720 2047 triumphi
749 1965 888 2049 neglexi3
922 1966 1134 2031 sacerdotium

183 2057 329 2139 denique,
343 2076 450 2139 quum,
466 2052 734 2136 quemadmodum
746 2056 779 2115 te
794 2052 975 2116 existimare
990 2055 1135 2139 arbitror,

183 2166 250 2208 non
264 2143 450 2208 difficillime
469 2141 621 2224 consequi
633 2162 771 2224 possem,
789 2162 856 2205 non
874 2141 1030 2224 appetivi3
1052 2143 1135 2206 idem

183 2235 258 2315 post
279 2232 429 2296 iniuriam
453 2232 630 2313 acceptam,
660 2250 756 2312 quam
777 2230 814 2292 tu
842 2229 1059 2312 reipublicae
1088 2252 1136 2295 ca·

183 2319 361 2383 lumitatem
389 2341 514 2402 semper
541 2319 697 2402 appellas,
726 2338 830 2381 meam
856 2338 924 2381 non
949 2317 1047 2382 modo
1071 2340 1136 2383 non

184 2407 408 2489 calamitatem,
431 2406 487 2470 sed
510 2407 607 2469 etium
630 2406 775 2490 gloriam,
798 2404 906 2468 studui
925 2426 1023 2487 quam
1044 2427 1135 2470 orna-

183 2495 308 2559 tissima
340 2496 470 2557 senatus
496 2493 670 2577 populique
697 2493 836 2557 Romani
867 2493 906 2555 de
938 2514 989 2556 me
1020 2494 1137 2558 iudicia

184 2583 392 2649 intercedere:
413 2580 523 2662 itaque
542 2583 574 2643 et
592 2601 696 2664 augur
713 2585 826 2663 postea
843 2579 913 2644 fieri
930 2580 1029 2665 volui,
1051 2582 1137 2666 quod

185 2675 281 2736 antea
302 2671 519 2754 neglexeram,
547 2672 579 2731 et
602 2688 674 2731 eum
696 2668 866 2752 honorem,
893 2668 948 2752 qui
975 2690 996 2732 a
1022 2675 1136 2734 senatu

184 2760 283 2823 tribui
309 2759 404 2822 rebus
435 2756 558 2820 bellicis
590 2756 684 2840 solet,
711 2758 893 2842 neglectum
925 2779 945 2820 a
972 2778 1024 2820 me
1051 2759 1137 2840 olim,

133 2867 271 2914 renunc
293 2845 373 2909 mihi
396 2845 608 2929 expetendum
630 2848 719 2929 puto.
752 2844 837 2909 Huic
860 2865 950 2908 meae
968 2847 1137 2930 voluntati,

184 2935 219 2997 in
242 2956 305 3017 qua
326 2934 412 2998 inest
434 2933 542 3017 alique
564 2934 612 2998 vis
635 2933 783 2997 desiderii
806 2933 847 2997 ad
867 2932 1048 2997 sanandum
1070 2934 1137 2998 vul·

184 3044 245 3086 nus
268 3022 413 3106 iniuriae,
434 3025 472 3086 ut
493 3021 603 3086 faveas
627 3022 815 3105 adiutorque
839 3021 896 3104 sis,
919 3021 1005 3105 quod
1028 3022 1138 3105 paullo¹

185 3114 260 3177 ante
282 3131 334 3175 me
348 3130 510 3195 ,negaram
532 3113 734 3194 rogaturum,
761 3109 965 3174 vehementer
992 3113 1026 3172 te
1048 3129 1138 3194 rogo,

254 3337 306 3408 Ep.
325 3342 407 3406 4,12.
443 3337 514 3390 cuim
531 3339 557 3389 te
574 3337 606 3391 id
623 3336 716 3403 conf.
744 3336 819 3404 (Ml,
836 3333 960 3407 Madvig.
979 3335 1050 3404 Opp.
1069 3334 1091 3388 I.
1109 3351 1137 3402 p.

185 3410 256 3532 ἔξω).
287 3409 373 3547 (qrq‘u
390 3407 460 3532 tgid
476 3406 544 3532 Ἢ.
561 3406 636 3530 glad?
681 3422 701 3461 e.
719 3406 751 3461 id
768 3407 862 3474 eous.
886 3406 929 3475 V,
947 3405 978 3459 Β.
997 3435 1032 3444 —
1050 3404 1138 3459 diccu-

204 3494 267 3533 rec.
337 3519 360 3531 ..
418 3493 472 3546 .‚c.
541 3494 585 3548 g.
