<?xml version="1.0" encoding="UTF-8"?>
<!DOCTYPE html PUBLIC "-//W3C//DTD XHTML 1.0 Transitional//EN"
    "http://www.w3.org/TR/xhtml1/DTD/xhtml1-transitional.dtd">
<html xmlns="http://www.w3.org/1999/xhtml" xml:lang="en" lang="en">
 <head>
  <title>
</title>
<meta http-equiv="Content-Type" content="text/html;charset=utf-8" />
  <meta name='ocr-system' content='tesseract 3.04.00' />
  <meta name='ocr-capabilities' content='ocr_page ocr_carea ocr_par ocr_line ocrx_word'/>
</head>
<body>
  <div class='ocr_page' id='page_1' title='image "./epistolae00cicegoog_0199.png"; bbox 0 0 2370 3878; ppageno 0'>
   <div class='ocr_carea' id='block_1_1' title="bbox 183 155 852 220">
    <p class='ocr_par' dir='ltr' id='par_1_1' title="bbox 183 155 852 220">
     <span class='ocr_line' id='line_1_1' title="bbox 183 155 852 220; baseline -0.012 0"><span class='ocrx_word' id='word_1_1' title='bbox 183 156 245 220; x_wconf 88' lang='lat'><strong>188</strong></span> <span class='ocrx_word' id='word_1_2' title='bbox 463 157 501 210; x_wconf 87' lang='lat' dir='ltr'><strong>M.</strong></span> <span class='ocrx_word' id='word_1_3' title='bbox 520 156 644 210; x_wconf 85' lang='lat' dir='ltr'>TULLII</span> <span class='ocrx_word' id='word_1_4' title='bbox 662 155 852 212; x_wconf 81' lang='lat' dir='ltr'>CICERONIS</span> 
     </span>
    </p>
   </div>
   <div class='ocr_carea' id='block_1_2' title="bbox 180 298 1136 735">
    <p class='ocr_par' dir='ltr' id='par_1_2' title="bbox 180 298 1136 735">
     <span class='ocr_line' id='line_1_2' title="bbox 180 298 1136 386; baseline 0.005 -22"><span class='ocrx_word' id='word_1_5' title='bbox 180 303 286 385; x_wconf 90' lang='lat' dir='ltr'><strong>ipsum</strong></span> <span class='ocrx_word' id='word_1_6' title='bbox 310 299 453 363; x_wconf 79' lang='lat' dir='ltr'><strong>seiet-</strong></span> <span class='ocrx_word' id='word_1_7' title='bbox 459 320 561 383; x_wconf 90' lang='lat' dir='ltr'><strong>,non</strong></span> <span class='ocrx_word' id='word_1_8' title='bbox 584 301 752 384; x_wconf 83' lang='lat' dir='ltr'><strong>accepisse</strong></span> <span class='ocrx_word' id='word_1_9' title='bbox 798 298 861 365; x_wconf 82' lang='lat' dir='ltr'><strong>Sed</strong></span> <span class='ocrx_word' id='word_1_10' title='bbox 883 305 992 366; x_wconf 89' lang='lat' dir='ltr'><strong>tamen</strong></span> <span class='ocrx_word' id='word_1_11' title='bbox 1015 304 1136 386; x_wconf 87' lang='lat' dir='ltr'><strong>aliquid</strong></span> 
     </span>
     <span class='ocr_line' id='line_1_3' title="bbox 180 387 1136 472; baseline 0.003 -20"><span class='ocrx_word' id='word_1_12' title='bbox 180 388 372 471; x_wconf 88' lang='lat' dir='ltr'><strong>videbimus,</strong></span> <span class='ocrx_word' id='word_1_13' title='bbox 402 387 438 451; x_wconf 90' lang='lat' dir='ltr'><strong>in</strong></span> <span class='ocrx_word' id='word_1_14' title='bbox 465 409 529 470; x_wconf 91' lang='lat' dir='ltr'><strong>quo</strong></span> <span class='ocrx_word' id='word_1_15' title='bbox 557 388 600 452; x_wconf 87' lang='lat' dir='ltr'><strong>sit</strong></span> <span class='ocrx_word' id='word_1_16' title='bbox 627 389 761 472; x_wconf 80' lang='lat' dir='ltr'><strong>speeies3</strong></span> <span class='ocrx_word' id='word_1_17' title='bbox 794 389 887 452; x_wconf 82' lang='lat' dir='ltr'><strong>allter</strong></span> <span class='ocrx_word' id='word_1_18' title='bbox 914 390 1042 472; x_wconf 91' lang='lat' dir='ltr'><strong>quidem</strong></span> <span class='ocrx_word' id='word_1_19' title='bbox 1069 413 1136 457; x_wconf 89' lang='lat' dir='ltr'><strong>non</strong></span> 
     </span>
     <span class='ocr_line' id='line_1_4' title="bbox 180 475 1136 563; baseline 0.007 -25"><span class='ocrx_word' id='word_1_20' title='bbox 180 476 276 541; x_wconf 83' lang='lat' dir='ltr'><strong>ruodo</strong></span> <span class='ocrx_word' id='word_1_21' title='bbox 299 496 367 540; x_wconf 89' lang='lat' dir='ltr'><strong>non</strong></span> <span class='ocrx_word' id='word_1_22' title='bbox 390 496 472 559; x_wconf 89' lang='lat' dir='ltr'><strong>appe</strong></span> <span class='ocrx_word' id='word_1_23' title='bbox 473 475 615 559; x_wconf 89' lang='lat' dir='ltr'><strong>tendum,</strong></span> <span class='ocrx_word' id='word_1_24' title='bbox 638 476 694 540; x_wconf 89' lang='lat' dir='ltr'><strong>sed</strong></span> <span class='ocrx_word' id='word_1_25' title='bbox 718 477 815 540; x_wconf 88' lang='lat' dir='ltr'><strong>etiam</strong></span> <span class='ocrx_word' id='word_1_26' title='bbox 837 477 1029 562; x_wconf 82' lang='lat' dir='ltr'><strong>fugiendum</strong></span> <span class='ocrx_word' id='word_1_27' title='bbox 1047 484 1136 563; x_wconf 89' lang='lat' dir='ltr'><strong>puto.</strong></span> 
     </span>
     <span class='ocr_line' id='line_1_5' title="bbox 180 562 1136 652; baseline 0.006 -24"><span class='ocrx_word' id='word_1_28' title='bbox 180 563 252 648; x_wconf 81' lang='lat' dir='ltr'><strong>Ego</strong></span> <span class='ocrx_word' id='word_1_29' title='bbox 286 586 336 627; x_wconf 92' lang='lat' dir='ltr'><strong>me</strong></span> <span class='ocrx_word' id='word_1_30' title='bbox 363 562 425 626; x_wconf 87' lang='lat' dir='ltr'><strong>Ast</strong></span> <span class='ocrx_word' id='word_1_31' title='bbox 411 567 502 626; x_wconf 90' lang='lat' dir='ltr'><strong>turae</strong></span> <span class='ocrx_word' id='word_1_32' title='bbox 535 564 654 627; x_wconf 89' lang='lat' dir='ltr'><strong>diutius</strong></span> <span class='ocrx_word' id='word_1_33' title='bbox 686 565 825 629; x_wconf 80' lang='lat' dir='ltr'><strong>arbitror</strong></span> <span class='ocrx_word' id='word_1_34' title='bbox 855 571 1136 652; x_wconf 79' lang='lat' dir='ltr'><strong>commoraturum,</strong></span> 
     </span>
     <span class='ocr_line' id='line_1_6' title="bbox 181 650 948 735; baseline 0 -18"><span class='ocrx_word' id='word_1_35' title='bbox 181 651 287 735; x_wconf 88' lang='lat' dir='ltr'><strong>quoad</strong></span> <span class='ocrx_word' id='word_1_36' title='bbox 309 652 364 715; x_wconf 90' lang='lat' dir='ltr'><strong>ille</strong></span> <span class='ocrx_word' id='word_1_37' title='bbox 387 650 579 734; x_wconf 86' lang='lat' dir='ltr'><strong>quandoque</strong></span> <span class='ocrx_word' id='word_1_38' title='bbox 601 652 718 717; x_wconf 82' lang='lat' dir='ltr'><strong>veniat.</strong></span> <span class='ocrx_word' id='word_1_39' title='bbox 763 652 855 718; x_wconf 90' lang='lat' dir='ltr'><strong>Vale</strong></span> <span class='ocrx_word' id='word_1_40' title='bbox 945 682 948 690; x_wconf 91' lang='lat'>·</span> 
     </span>
    </p>
   </div>
   <div class='ocr_carea' id='block_1_3' title="bbox 622 844 694 911">
    <p class='ocr_par' dir='ltr' id='par_1_3' title="bbox 622 844 694 911">
     <span class='ocr_line' id='line_1_7' title="bbox 622 844 694 911; baseline -0.014 0"><span class='ocrx_word' id='word_1_41' title='bbox 622 844 694 911; x_wconf 89' lang='lat' dir='ltr'><strong>XX.</strong></span> 
     </span>
    </p>
   </div>
   <div class='ocr_carea' id='block_1_4' title="bbox 270 956 1048 1041">
    <p class='ocr_par' dir='ltr' id='par_1_4' title="bbox 270 956 1048 1041">
     <span class='ocr_line' id='line_1_8' title="bbox 270 956 1048 1041; baseline 0.005 -30"><span class='ocrx_word' id='word_1_42' title='bbox 270 956 327 1011; x_wconf 85' lang='lat' dir='ltr'><strong>Sor.</strong></span> <span class='ocrx_word' id='word_1_43' title='bbox 346 957 465 1011; x_wconf 80' lang='lat' dir='ltr'><strong>Asturae</strong></span> <span class='ocrx_word' id='word_1_44' title='bbox 484 958 603 1041; x_wconf 81' lang='lat' dir='ltr'><strong>exeunte</strong></span> <span class='ocrx_word' id='word_1_45' title='bbox 621 973 716 1012; x_wconf 90' lang='lat' dir='ltr'><strong>mense</strong></span> <span class='ocrx_word' id='word_1_46' title='bbox 735 956 835 1012; x_wconf 82' lang='lat' dir='ltr'><strong>Sextili</strong></span> <span class='ocrx_word' id='word_1_47' title='bbox 854 975 878 1011; x_wconf 89' lang='lat' dir='ltr'><strong>a.</strong></span> <span class='ocrx_word' id='word_1_48' title='bbox 897 977 924 1011; x_wconf 91' lang='lat' dir='ltr'><strong>u.</strong></span> <span class='ocrx_word' id='word_1_49' title='bbox 944 976 966 1012; x_wconf 86' lang='lat' dir='ltr'><strong>e.</strong></span> <span class='ocrx_word' id='word_1_50' title='bbox 987 965 1048 1015; x_wconf 77' lang='lat'><strong>709.</strong></span> 
     </span>
    </p>
   </div>
   <div class='ocr_carea' id='block_1_5' title="bbox 454 1078 860 1136">
    <p class='ocr_par' dir='ltr' id='par_1_5' title="bbox 454 1078 860 1136">
     <span class='ocr_line' id='line_1_9' title="bbox 454 1078 860 1136; baseline 0.005 -2"><span class='ocrx_word' id='word_1_51' title='bbox 454 1078 582 1135; x_wconf 80' lang='lat' dir='ltr'>CICERO</span> <span class='ocrx_word' id='word_1_52' title='bbox 602 1078 765 1134; x_wconf 84' lang='lat' dir='ltr'>TORANIO</span> <span class='ocrx_word' id='word_1_53' title='bbox 785 1080 860 1136; x_wconf 76' lang='lat' dir='ltr'><strong>SAL.</strong></span> 
     </span>
    </p>
   </div>
   <div class='ocr_carea' id='block_1_6' title="bbox 145 1177 1141 3377">
    <p class='ocr_par' dir='ltr' id='par_1_6' title="bbox 146 1177 1136 2057">
     <span class='ocr_line' id='line_1_10' title="bbox 146 1177 1136 1262; baseline 0.01 -24"><span class='ocrx_word' id='word_1_54' title='bbox 146 1193 158 1238; x_wconf 89' lang='lat' dir='ltr'><strong>r</strong></span> <span class='ocrx_word' id='word_1_55' title='bbox 245 1180 404 1244; x_wconf 90' lang='lat' dir='ltr'><strong>Dederam</strong></span> <span class='ocrx_word' id='word_1_56' title='bbox 427 1179 533 1244; x_wconf 89' lang='lat' dir='ltr'><strong>triduo</strong></span> <span class='ocrx_word' id='word_1_57' title='bbox 558 1182 632 1243; x_wconf 88' lang='lat' dir='ltr'><strong>ante</strong></span> <span class='ocrx_word' id='word_1_58' title='bbox 654 1180 762 1262; x_wconf 90' lang='lat' dir='ltr'><strong>pueris</strong></span> <span class='ocrx_word' id='word_1_59' title='bbox 786 1177 842 1245; x_wconf 87' lang='lat' dir='ltr'><strong>Cn.</strong></span> <span class='ocrx_word' id='word_1_60' title='bbox 865 1179 990 1246; x_wconf 84' lang='lat' dir='ltr'><strong>Planeii</strong></span> <span class='ocrx_word' id='word_1_61' title='bbox 1012 1182 1136 1248; x_wconf 80' lang='lat' dir='ltr'><strong>litteras</strong></span> 
     </span>
     <span class='ocr_line' id='line_1_11' title="bbox 181 1267 1135 1351; baseline 0.005 -20"><span class='ocrx_word' id='word_1_62' title='bbox 181 1270 221 1332; x_wconf 86' lang='lat' dir='ltr'><strong>ad</strong></span> <span class='ocrx_word' id='word_1_63' title='bbox 244 1272 289 1351; x_wconf 81' lang='lat' dir='ltr'><strong>te3</strong></span> <span class='ocrx_word' id='word_1_64' title='bbox 313 1290 350 1332; x_wconf 93' lang='lat' dir='ltr'><strong>eo</strong></span> <span class='ocrx_word' id='word_1_65' title='bbox 374 1289 461 1332; x_wconf 85' lang='lat' dir='ltr'><strong>nune</strong></span> <span class='ocrx_word' id='word_1_66' title='bbox 485 1289 538 1331; x_wconf 91' lang='lat' dir='ltr'><strong>ero</strong></span> <span class='ocrx_word' id='word_1_67' title='bbox 562 1267 690 1330; x_wconf 86' lang='lat' dir='ltr'><strong>brevior</strong></span> <span class='ocrx_word' id='word_1_68' title='bbox 712 1270 821 1350; x_wconf 89' lang='lat' dir='ltr'><strong>teque,</strong></span> <span class='ocrx_word' id='word_1_69' title='bbox 844 1271 881 1332; x_wconf 88' lang='lat' dir='ltr'><strong>ut</strong></span> <span class='ocrx_word' id='word_1_70' title='bbox 904 1272 1000 1334; x_wconf 88' lang='lat' dir='ltr'><strong>antea</strong></span> <span class='ocrx_word' id='word_1_71' title='bbox 1024 1291 1135 1336; x_wconf 84' lang='lat' dir='ltr'><strong>conso·</strong></span> 
     </span>
     <span class='ocr_line' id='line_1_12' title="bbox 179 1353 1136 1440; baseline 0.006 -21"><span class='ocrx_word' id='word_1_72' title='bbox 179 1357 284 1440; x_wconf 86' lang='lat' dir='ltr'><strong>labar,</strong></span> <span class='ocrx_word' id='word_1_73' title='bbox 310 1356 372 1420; x_wconf 87' lang='lat' dir='ltr'><strong>hoe</strong></span> <span class='ocrx_word' id='word_1_74' title='bbox 400 1359 544 1439; x_wconf 88' lang='lat' dir='ltr'><strong>tempore</strong></span> <span class='ocrx_word' id='word_1_75' title='bbox 571 1355 718 1420; x_wconf 88' lang='lat' dir='ltr'><strong>monebo.</strong></span> <span class='ocrx_word' id='word_1_76' title='bbox 762 1353 854 1419; x_wconf 91' lang='lat' dir='ltr'><strong>Nihil</strong></span> <span class='ocrx_word' id='word_1_77' title='bbox 877 1360 955 1440; x_wconf 91' lang='lat' dir='ltr'><strong>puto</strong></span> <span class='ocrx_word' id='word_1_78' title='bbox 978 1357 1040 1422; x_wconf 93' lang='lat' dir='ltr'><strong>tibi</strong></span> <span class='ocrx_word' id='word_1_79' title='bbox 1067 1381 1136 1425; x_wconf 87' lang='lat' dir='ltr'><strong>esse</strong></span> 
     </span>
     <span class='ocr_line' id='line_1_13' title="bbox 180 1443 1136 1532; baseline 0.005 -25"><span class='ocrx_word' id='word_1_80' title='bbox 180 1444 290 1515; x_wconf 86' lang='lat' dir='ltr'><strong>utilius</strong></span> <span class='ocrx_word' id='word_1_81' title='bbox 322 1466 418 1526; x_wconf 90' lang='lat' dir='ltr'><strong>quam</strong></span> <span class='ocrx_word' id='word_1_82' title='bbox 449 1444 569 1508; x_wconf 79' lang='lat' dir='ltr'><strong>ibidem</strong></span> <span class='ocrx_word' id='word_1_83' title='bbox 592 1443 745 1526; x_wconf 86' lang='lat' dir='ltr'><strong>opperiri,</strong></span> <span class='ocrx_word' id='word_1_84' title='bbox 776 1443 882 1527; x_wconf 90' lang='lat' dir='ltr'><strong>quoad</strong></span> <span class='ocrx_word' id='word_1_85' title='bbox 914 1445 994 1509; x_wconf 86' lang='lat' dir='ltr'><strong>seire</strong></span> <span class='ocrx_word' id='word_1_86' title='bbox 1021 1447 1136 1532; x_wconf 85' lang='lat' dir='ltr'><strong>possis,</strong></span> 
     </span>
     <span class='ocr_line' id='line_1_14' title="bbox 181 1532 1135 1617; baseline 0.005 -22"><span class='ocrx_word' id='word_1_87' title='bbox 181 1532 256 1615; x_wconf 93' lang='lat' dir='ltr'><strong>quid</strong></span> <span class='ocrx_word' id='word_1_88' title='bbox 270 1532 330 1596; x_wconf 92' lang='lat' dir='ltr'><strong>tibi</strong></span> <span class='ocrx_word' id='word_1_89' title='bbox 344 1532 505 1617; x_wconf 83' lang='lat' dir='ltr'><strong>agendum</strong></span> <span class='ocrx_word' id='word_1_90' title='bbox 520 1532 574 1595; x_wconf 89' lang='lat' dir='ltr'><strong>sit·</strong></span> <span class='ocrx_word' id='word_1_91' title='bbox 596 1553 673 1595; x_wconf 93' lang='lat' dir='ltr'><strong>nam</strong></span> <span class='ocrx_word' id='word_1_92' title='bbox 685 1534 814 1615; x_wconf 86' lang='lat' dir='ltr'><strong>praeter</strong></span> <span class='ocrx_word' id='word_1_93' title='bbox 830 1533 1050 1617; x_wconf 81' lang='lat' dir='ltr'><strong>navigationis</strong></span> <span class='ocrx_word' id='word_1_94' title='bbox 1067 1535 1135 1600; x_wconf 91' lang='lat' dir='ltr'><strong>lon·</strong></span> 
     </span>
     <span class='ocr_line' id='line_1_15' title="bbox 181 1619 1136 1706; baseline 0.004 -23"><span class='ocrx_word' id='word_1_95' title='bbox 181 1641 241 1705; x_wconf 84' lang='lat' dir='ltr'><strong>gae</strong></span> <span class='ocrx_word' id='word_1_96' title='bbox 256 1623 288 1686; x_wconf 93' lang='lat' dir='ltr'><strong>et</strong></span> <span class='ocrx_word' id='word_1_97' title='bbox 299 1620 447 1684; x_wconf 87' lang='lat' dir='ltr'><strong>hiemalis</strong></span> <span class='ocrx_word' id='word_1_98' title='bbox 462 1624 494 1683; x_wconf 96' lang='lat' dir='ltr'><strong>et</strong></span> <span class='ocrx_word' id='word_1_99' title='bbox 507 1619 638 1683; x_wconf 90' lang='lat' dir='ltr'><strong>minime</strong></span> <span class='ocrx_word' id='word_1_100' title='bbox 657 1623 830 1703; x_wconf 79' lang='lat' dir='ltr'><strong>portuosae</strong></span> <span class='ocrx_word' id='word_1_101' title='bbox 844 1621 1031 1706; x_wconf 84' lang='lat' dir='ltr'><strong>perieulum,</strong></span> <span class='ocrx_word' id='word_1_102' title='bbox 1049 1623 1136 1706; x_wconf 90' lang='lat' dir='ltr'><strong>quod</strong></span> 
     </span>
     <span class='ocr_line' id='line_1_16' title="bbox 180 1706 1135 1794; baseline 0.004 -22"><span class='ocrx_word' id='word_1_103' title='bbox 180 1709 339 1792; x_wconf 73' lang='lat' dir='ltr'><strong>sitaveris,</strong></span> <span class='ocrx_word' id='word_1_104' title='bbox 353 1730 394 1772; x_wconf 92' lang='lat' dir='ltr'><strong>ne</strong></span> <span class='ocrx_word' id='word_1_105' title='bbox 408 1708 487 1773; x_wconf 89' lang='lat' dir='ltr'><strong>illud</strong></span> <span class='ocrx_word' id='word_1_106' title='bbox 502 1706 630 1790; x_wconf 91' lang='lat' dir='ltr'><strong>quidem</strong></span> <span class='ocrx_word' id='word_1_107' title='bbox 644 1729 711 1771; x_wconf 91' lang='lat' dir='ltr'><strong>non</strong></span> <span class='ocrx_word' id='word_1_108' title='bbox 725 1708 896 1793; x_wconf 86' lang='lat' dir='ltr'><strong>quantivis,</strong></span> <span class='ocrx_word' id='word_1_109' title='bbox 909 1709 1027 1794; x_wconf 87' lang='lat' dir='ltr'><strong>subito,</strong></span> <span class='ocrx_word' id='word_1_110' title='bbox 1036 1732 1135 1794; x_wconf 91' lang='lat' dir='ltr'><strong>quum</strong></span> 
     </span>
     <span class='ocr_line' id='line_1_17' title="bbox 180 1795 1136 1881; baseline 0.002 -20"><span class='ocrx_word' id='word_1_111' title='bbox 180 1801 247 1862; x_wconf 86' lang='lat' dir='ltr'><strong>oer</strong></span> <span class='ocrx_word' id='word_1_112' title='bbox 248 1820 259 1860; x_wconf 95' lang='lat'>1</span> <span class='ocrx_word' id='word_1_113' title='bbox 282 1796 402 1881; x_wconf 91' lang='lat' dir='ltr'><strong>aliquid</strong></span> <span class='ocrx_word' id='word_1_114' title='bbox 420 1795 568 1878; x_wconf 80' lang='lat' dir='ltr'><strong>audierisr,</strong></span> <span class='ocrx_word' id='word_1_115' title='bbox 588 1798 620 1858; x_wconf 87' lang='lat' dir='ltr'><strong>te</strong></span> <span class='ocrx_word' id='word_1_116' title='bbox 639 1795 727 1858; x_wconf 90' lang='lat' dir='ltr'><strong>istim</strong></span> <span class='ocrx_word' id='word_1_117' title='bbox 745 1817 840 1879; x_wconf 91' lang='lat' dir='ltr'><strong>posse</strong></span> <span class='ocrx_word' id='word_1_118' title='bbox 858 1796 1031 1881; x_wconf 71' lang='lat' dir='ltr'><strong>proficisci,</strong></span> <span class='ocrx_word' id='word_1_119' title='bbox 1053 1799 1136 1863; x_wconf 90' lang='lat' dir='ltr'><strong>nihil</strong></span> 
     </span>
     <span class='ocr_line' id='line_1_18' title="bbox 181 1883 1136 1969; baseline 0.001 -19"><span class='ocrx_word' id='word_1_120' title='bbox 181 1890 230 1951; x_wconf 87' lang='lat' dir='ltr'><strong>est</strong></span> <span class='ocrx_word' id='word_1_121' title='bbox 243 1889 417 1969; x_wconf 86' lang='lat' dir='ltr'><strong>praeterea,</strong></span> <span class='ocrx_word' id='word_1_122' title='bbox 431 1906 487 1950; x_wconf 85' lang='lat' dir='ltr'><strong>eur</strong></span> <span class='ocrx_word' id='word_1_123' title='bbox 502 1883 692 1948; x_wconf 86' lang='lat' dir='ltr'><strong>adventibus</strong></span> <span class='ocrx_word' id='word_1_124' title='bbox 705 1887 738 1946; x_wconf 90' lang='lat' dir='ltr'><strong>te</strong></span> <span class='ocrx_word' id='word_1_125' title='bbox 753 1883 866 1948; x_wconf 88' lang='lat' dir='ltr'><strong>offerre</strong></span> <span class='ocrx_word' id='word_1_126' title='bbox 880 1885 1016 1969; x_wconf 79' lang='lat' dir='ltr'><strong>gestias3</strong></span> <span class='ocrx_word' id='word_1_127' title='bbox 1032 1888 1136 1951; x_wconf 84' lang='lat' dir='ltr'><strong>multa</strong></span> 
     </span>
     <span class='ocr_line' id='line_1_19' title="bbox 179 1968 1135 2075; baseline 0.002 -38"><span class='ocrx_word' id='word_1_128' title='bbox 179 1978 346 2075; x_wconf 82' lang='lat' dir='ltr'><strong>praeterea</strong></span> <span class='ocrx_word' id='word_1_129' title='bbox 363 1976 482 2056; x_wconf 90' lang='lat' dir='ltr'><strong>metuo,</strong></span> <span class='ocrx_word' id='word_1_130' title='bbox 505 1994 586 2056; x_wconf 88' lang='lat' dir='ltr'><strong>quae</strong></span> <span class='ocrx_word' id='word_1_131' title='bbox 606 1993 679 2037; x_wconf 89' lang='lat' dir='ltr'><strong>oum</strong></span> <span class='ocrx_word' id='word_1_132' title='bbox 698 1968 809 2037; x_wconf 81' lang='lat' dir='ltr'><strong>Cilone</strong></span> <span class='ocrx_word' id='word_1_133' title='bbox 828 1976 940 2037; x_wconf 88' lang='lat' dir='ltr'><strong>nostro</strong></span> <span class='ocrx_word' id='word_1_134' title='bbox 960 1975 1135 2039; x_wconf 84' lang='lat' dir='ltr'><strong>eommuni-</strong></span> 
     </span>
    </p>

    <p class='ocr_par' dir='ltr' id='par_1_7' title="bbox 145 2059 1137 2584">
     <span class='ocr_line' id='line_1_20' title="bbox 145 2059 1135 2145; baseline 0.002 -20"><span class='ocrx_word' id='word_1_135' title='bbox 145 2061 388 2136; x_wconf 81' lang='lat' dir='ltr'><strong>2eav1Ouid</strong></span> <span class='ocrx_word' id='word_1_136' title='bbox 410 2060 534 2125; x_wconf 80' lang='lat' dir='ltr'><strong>multa?</strong></span> <span class='ocrx_word' id='word_1_137' title='bbox 563 2061 634 2125; x_wconf 89' lang='lat' dir='ltr'><strong>loeo</strong></span> <span class='ocrx_word' id='word_1_138' title='bbox 659 2059 920 2145; x_wconf 87' lang='lat' dir='ltr'><strong>opportuniore</strong></span> <span class='ocrx_word' id='word_1_139' title='bbox 910 2082 945 2124; x_wconf 92' lang='lat' dir='ltr'><strong>m</strong></span> <span class='ocrx_word' id='word_1_140' title='bbox 967 2061 1019 2125; x_wconf 91' lang='lat' dir='ltr'><strong>his</strong></span> <span class='ocrx_word' id='word_1_141' title='bbox 1041 2062 1135 2127; x_wconf 87' lang='lat' dir='ltr'><strong>malis</strong></span> 
     </span>
     <span class='ocr_line' id='line_1_21' title="bbox 180 2149 1135 2235; baseline 0.004 -24"><span class='ocrx_word' id='word_1_142' title='bbox 180 2150 269 2212; x_wconf 90' lang='lat' dir='ltr'><strong>nullo</strong></span> <span class='ocrx_word' id='word_1_143' title='bbox 289 2171 358 2212; x_wconf 86' lang='lat' dir='ltr'><strong>esse</strong></span> <span class='ocrx_word' id='word_1_144' title='bbox 377 2149 521 2232; x_wconf 86' lang='lat' dir='ltr'><strong>potuisti,</strong></span> <span class='ocrx_word' id='word_1_145' title='bbox 543 2170 581 2211; x_wconf 87' lang='lat' dir='ltr'><strong>ex</strong></span> <span class='ocrx_word' id='word_1_146' title='bbox 600 2169 663 2230; x_wconf 94' lang='lat' dir='ltr'><strong>quo</strong></span> <span class='ocrx_word' id='word_1_147' title='bbox 681 2152 724 2231; x_wconf 87' lang='lat' dir='ltr'><strong>te,</strong></span> <span class='ocrx_word' id='word_1_148' title='bbox 747 2168 946 2231; x_wconf 80' lang='lat' dir='ltr'><strong>quocumque</strong></span> <span class='ocrx_word' id='word_1_149' title='bbox 966 2171 1047 2234; x_wconf 87' lang='lat' dir='ltr'><strong>opus</strong></span> <span class='ocrx_word' id='word_1_150' title='bbox 1066 2150 1135 2235; x_wconf 85' lang='lat' dir='ltr'><strong>erit,</strong></span> 
     </span>
     <span class='ocr_line' id='line_1_22' title="bbox 180 2235 1137 2322; baseline 0.004 -23"><span class='ocrx_word' id='word_1_151' title='bbox 180 2236 331 2299; x_wconf 86' lang='lat' dir='ltr'><strong>facillime</strong></span> <span class='ocrx_word' id='word_1_152' title='bbox 355 2239 388 2299; x_wconf 90' lang='lat' dir='ltr'><strong>et</strong></span> <span class='ocrx_word' id='word_1_153' title='bbox 410 2235 644 2319; x_wconf 78' lang='lat' dir='ltr'><strong>expeditissime</strong></span> <span class='ocrx_word' id='word_1_154' title='bbox 668 2236 828 2301; x_wconf 87' lang='lat' dir='ltr'><strong>conferas:</strong></span> <span class='ocrx_word' id='word_1_155' title='bbox 852 2236 938 2320; x_wconf 90' lang='lat' dir='ltr'><strong>quod</strong></span> <span class='ocrx_word' id='word_1_156' title='bbox 957 2238 985 2300; x_wconf 90' lang='lat' dir='ltr'><strong>si</strong></span> <span class='ocrx_word' id='word_1_157' title='bbox 1002 2238 1137 2322; x_wconf 81' lang='lat' dir='ltr'><strong>recipiet</strong></span> 
     </span>
     <span class='ocr_line' id='line_1_23' title="bbox 180 2322 1136 2408; baseline 0.004 -22"><span class='ocrx_word' id='word_1_158' title='bbox 180 2324 233 2387; x_wconf 93' lang='lat' dir='ltr'><strong>ille</strong></span> <span class='ocrx_word' id='word_1_159' title='bbox 256 2345 298 2407; x_wconf 89' lang='lat' dir='ltr'><strong>se,</strong></span> <span class='ocrx_word' id='word_1_160' title='bbox 321 2322 362 2386; x_wconf 92' lang='lat' dir='ltr'><strong>ad</strong></span> <span class='ocrx_word' id='word_1_161' title='bbox 379 2327 507 2407; x_wconf 84' lang='lat' dir='ltr'><strong>tempus</strong></span> <span class='ocrx_word' id='word_1_162' title='bbox 526 2322 643 2406; x_wconf 81' lang='lat' dir='ltr'><strong>aderis3</strong></span> <span class='ocrx_word' id='word_1_163' title='bbox 666 2324 717 2387; x_wconf 88' lang='lat' dir='ltr'><strong>sin</strong></span> <span class='ocrx_word' id='word_1_164' title='bbox 732 2325 942 2408; x_wconf 89' lang='lat' dir='ltr'><strong>-quoniam</strong></span> <span class='ocrx_word' id='word_1_165' title='bbox 959 2326 1063 2391; x_wconf 89' lang='lat' dir='ltr'><strong>multa</strong></span> <span class='ocrx_word' id='word_1_166' title='bbox 1086 2347 1136 2390; x_wconf 86' lang='lat' dir='ltr'><strong>ao·</strong></span> 
     </span>
     <span class='ocr_line' id='line_1_24' title="bbox 181 2411 1136 2496; baseline 0.005 -22"><span class='ocrx_word' id='word_1_167' title='bbox 181 2411 284 2475; x_wconf 86' lang='lat' dir='ltr'><strong>cidere</strong></span> <span class='ocrx_word' id='word_1_168' title='bbox 307 2415 506 2495; x_wconf 86' lang='lat' dir='ltr'><strong>possunt-</strong></span> <span class='ocrx_word' id='word_1_169' title='bbox 524 2411 632 2494; x_wconf 86' lang='lat' dir='ltr'><strong>aliqua</strong></span> <span class='ocrx_word' id='word_1_170' title='bbox 653 2433 704 2475; x_wconf 89' lang='lat' dir='ltr'><strong>res</strong></span> <span class='ocrx_word' id='word_1_171' title='bbox 732 2433 805 2476; x_wconf 91' lang='lat' dir='ltr'><strong>eum</strong></span> <span class='ocrx_word' id='word_1_172' title='bbox 831 2413 883 2477; x_wconf 84' lang='lat' dir='ltr'><strong>vel</strong></span> <span class='ocrx_word' id='word_1_173' title='bbox 909 2412 1063 2496; x_wconf 90' lang='lat' dir='ltr'><strong>impediet</strong></span> <span class='ocrx_word' id='word_1_174' title='bbox 1085 2416 1136 2479; x_wconf 86' lang='lat' dir='ltr'><strong>vel</strong></span> 
     </span>
     <span class='ocr_line' id='line_1_25' title="bbox 180 2499 1136 2584; baseline 0.004 -20"><span class='ocrx_word' id='word_1_175' title='bbox 180 2500 367 2583; x_wconf 87' lang='lat' dir='ltr'><strong>morabitur,</strong></span> <span class='ocrx_word' id='word_1_176' title='bbox 389 2503 426 2564; x_wconf 88' lang='lat' dir='ltr'><strong>tu</strong></span> <span class='ocrx_word' id='word_1_177' title='bbox 447 2499 493 2563; x_wconf 94' lang='lat' dir='ltr'><strong>ibi</strong></span> <span class='ocrx_word' id='word_1_178' title='bbox 516 2499 587 2582; x_wconf 75' lang='lat' dir='ltr'><strong>eriS,</strong></span> <span class='ocrx_word' id='word_1_179' title='bbox 609 2500 666 2563; x_wconf 90' lang='lat' dir='ltr'><strong>ubi</strong></span> <span class='ocrx_word' id='word_1_180' title='bbox 684 2501 792 2564; x_wconf 89' lang='lat' dir='ltr'><strong>omnia</strong></span> <span class='ocrx_word' id='word_1_181' title='bbox 811 2500 890 2564; x_wconf 87' lang='lat' dir='ltr'><strong>seire</strong></span> <span class='ocrx_word' id='word_1_182' title='bbox 912 2501 1028 2584; x_wconf 86' lang='lat' dir='ltr'><strong>possis.</strong></span> <span class='ocrx_word' id='word_1_183' title='bbox 1063 2500 1136 2568; x_wconf 88' lang='lat' dir='ltr'><strong>Hoo</strong></span> 
     </span>
    </p>

    <p class='ocr_par' dir='ltr' id='par_1_8' title="bbox 147 2587 1141 3377">
     <span class='ocr_line' id='line_1_26' title="bbox 147 2587 1135 2674; baseline 0.003 -22"><span class='ocrx_word' id='word_1_184' title='bbox 147 2589 260 2653; x_wconf 83' lang='lat' dir='ltr'><strong>3mihi</strong></span> <span class='ocrx_word' id='word_1_185' title='bbox 282 2610 413 2672; x_wconf 88' lang='lat' dir='ltr'><strong>prorsus</strong></span> <span class='ocrx_word' id='word_1_186' title='bbox 436 2588 528 2652; x_wconf 85' lang='lat' dir='ltr'><strong>valde</strong></span> <span class='ocrx_word' id='word_1_187' title='bbox 552 2588 671 2671; x_wconf 81' lang='lat' dir='ltr'><strong>plaeet3</strong></span> <span class='ocrx_word' id='word_1_188' title='bbox 698 2587 737 2652; x_wconf 94' lang='lat' dir='ltr'><strong>de</strong></span> <span class='ocrx_word' id='word_1_189' title='bbox 764 2588 902 2672; x_wconf 91' lang='lat' dir='ltr'><strong>reliquo,</strong></span> <span class='ocrx_word' id='word_1_190' title='bbox 924 2591 961 2653; x_wconf 87' lang='lat' dir='ltr'><strong>ut</strong></span> <span class='ocrx_word' id='word_1_191' title='bbox 983 2592 1016 2653; x_wconf 88' lang='lat' dir='ltr'><strong>te</strong></span> <span class='ocrx_word' id='word_1_192' title='bbox 1040 2611 1135 2674; x_wconf 84' lang='lat' dir='ltr'><strong>saepe</strong></span> 
     </span>
     <span class='ocr_line' id='line_1_27' title="bbox 180 2676 1137 2761; baseline 0.003 -21"><span class='ocrx_word' id='word_1_193' title='bbox 180 2699 238 2759; x_wconf 90' lang='lat' dir='ltr'><strong>per</strong></span> <span class='ocrx_word' id='word_1_194' title='bbox 260 2678 383 2741; x_wconf 88' lang='lat' dir='ltr'><strong>litteras</strong></span> <span class='ocrx_word' id='word_1_195' title='bbox 401 2676 551 2741; x_wconf 83' lang='lat' dir='ltr'><strong>hortatus</strong></span> <span class='ocrx_word' id='word_1_196' title='bbox 575 2698 654 2759; x_wconf 87' lang='lat' dir='ltr'><strong>sum,</strong></span> <span class='ocrx_word' id='word_1_197' title='bbox 676 2676 723 2740; x_wconf 92' lang='lat' dir='ltr'><strong>ita</strong></span> <span class='ocrx_word' id='word_1_198' title='bbox 740 2676 837 2740; x_wconf 82' lang='lat' dir='ltr'><strong>velim</strong></span> <span class='ocrx_word' id='word_1_199' title='bbox 854 2676 915 2740; x_wconf 91' lang='lat' dir='ltr'><strong>tibi</strong></span> <span class='ocrx_word' id='word_1_200' title='bbox 933 2677 1137 2761; x_wconf 84' lang='lat' dir='ltr'><strong>persuadeas,</strong></span> 
     </span>
     <span class='ocr_line' id='line_1_28' title="bbox 180 2763 1137 2848; baseline 0.004 -22"><span class='ocrx_word' id='word_1_201' title='bbox 180 2770 213 2827; x_wconf 88' lang='lat' dir='ltr'><strong>te</strong></span> <span class='ocrx_word' id='word_1_202' title='bbox 236 2765 270 2828; x_wconf 94' lang='lat' dir='ltr'><strong>in</strong></span> <span class='ocrx_word' id='word_1_203' title='bbox 292 2764 354 2828; x_wconf 91' lang='lat' dir='ltr'><strong>hao</strong></span> <span class='ocrx_word' id='word_1_204' title='bbox 377 2786 474 2828; x_wconf 88' lang='lat' dir='ltr'><strong>eausa</strong></span> <span class='ocrx_word' id='word_1_205' title='bbox 495 2763 578 2827; x_wconf 88' lang='lat' dir='ltr'><strong>nihil</strong></span> <span class='ocrx_word' id='word_1_206' title='bbox 600 2764 732 2848; x_wconf 89' lang='lat' dir='ltr'><strong>habere,</strong></span> <span class='ocrx_word' id='word_1_207' title='bbox 762 2764 848 2847; x_wconf 90' lang='lat' dir='ltr'><strong>quod</strong></span> <span class='ocrx_word' id='word_1_208' title='bbox 874 2764 935 2828; x_wconf 90' lang='lat' dir='ltr'><strong>tibi</strong></span> <span class='ocrx_word' id='word_1_209' title='bbox 956 2765 1137 2831; x_wconf 88' lang='lat' dir='ltr'><strong>timendum</strong></span> 
     </span>
     <span class='ocr_line' id='line_1_29' title="bbox 182 2852 1138 2936; baseline 0.006 -23"><span class='ocrx_word' id='word_1_210' title='bbox 182 2852 232 2935; x_wconf 87' lang='lat' dir='ltr'><strong>sit,</strong></span> <span class='ocrx_word' id='word_1_211' title='bbox 254 2855 381 2935; x_wconf 88' lang='lat' dir='ltr'><strong>praeter</strong></span> <span class='ocrx_word' id='word_1_212' title='bbox 404 2872 607 2917; x_wconf 77' lang='lat' dir='ltr'><strong>communem</strong></span> <span class='ocrx_word' id='word_1_213' title='bbox 629 2873 739 2916; x_wconf 77' lang='lat' dir='ltr'><strong>casum</strong></span> <span class='ocrx_word' id='word_1_214' title='bbox 762 2852 910 2936; x_wconf 80' lang='lat' dir='ltr'><strong>civitatis,</strong></span> <span class='ocrx_word' id='word_1_215' title='bbox 933 2853 988 2935; x_wconf 92' lang='lat' dir='ltr'><strong>qui</strong></span> <span class='ocrx_word' id='word_1_216' title='bbox 1007 2853 1070 2918; x_wconf 89' lang='lat' dir='ltr'><strong>etsi</strong></span> <span class='ocrx_word' id='word_1_217' title='bbox 1089 2858 1138 2919; x_wconf 87' lang='lat' dir='ltr'><strong>est</strong></span> 
     </span>
     <span class='ocr_line' id='line_1_30' title="bbox 182 2939 1138 3024; baseline 0.003 -21"><span class='ocrx_word' id='word_1_218' title='bbox 182 2940 403 3024; x_wconf 85' lang='lat' dir='ltr'><strong>gravissimus,</strong></span> <span class='ocrx_word' id='word_1_219' title='bbox 429 2944 540 3004; x_wconf 87' lang='lat' dir='ltr'><strong>tamen</strong></span> <span class='ocrx_word' id='word_1_220' title='bbox 570 2940 617 3004; x_wconf 90' lang='lat' dir='ltr'><strong>ita</strong></span> <span class='ocrx_word' id='word_1_221' title='bbox 643 2939 780 3004; x_wconf 84' lang='lat' dir='ltr'><strong>viximus</strong></span> <span class='ocrx_word' id='word_1_222' title='bbox 809 2944 841 3003; x_wconf 90' lang='lat' dir='ltr'><strong>et</strong></span> <span class='ocrx_word' id='word_1_223' title='bbox 866 2939 900 3003; x_wconf 94' lang='lat' dir='ltr'><strong>id</strong></span> <span class='ocrx_word' id='word_1_224' title='bbox 928 2941 1044 3006; x_wconf 88' lang='lat' dir='ltr'><strong>aetatis</strong></span> <span class='ocrx_word' id='word_1_225' title='bbox 1072 2942 1138 3007; x_wconf 90' lang='lat' dir='ltr'><strong>iam</strong></span> 
     </span>
     <span class='ocr_line' id='line_1_31' title="bbox 182 3028 1138 3112; baseline 0.003 -21"><span class='ocrx_word' id='word_1_226' title='bbox 182 3049 300 3112; x_wconf 74' lang='lat' dir='ltr'><strong>sumuS,</strong></span> <span class='ocrx_word' id='word_1_227' title='bbox 318 3031 355 3092; x_wconf 92' lang='lat' dir='ltr'><strong>ut</strong></span> <span class='ocrx_word' id='word_1_228' title='bbox 373 3029 491 3112; x_wconf 89' lang='lat' dir='ltr'><strong>omnia,</strong></span> <span class='ocrx_word' id='word_1_229' title='bbox 514 3050 595 3112; x_wconf 91' lang='lat' dir='ltr'><strong>quae</strong></span> <span class='ocrx_word' id='word_1_230' title='bbox 614 3049 681 3092; x_wconf 89' lang='lat' dir='ltr'><strong>non</strong></span> <span class='ocrx_word' id='word_1_231' title='bbox 698 3031 812 3092; x_wconf 88' lang='lat' dir='ltr'><strong>nostra</strong></span> <span class='ocrx_word' id='word_1_232' title='bbox 830 3028 924 3112; x_wconf 85' lang='lat' dir='ltr'><strong>eulpa</strong></span> <span class='ocrx_word' id='word_1_233' title='bbox 942 3028 1037 3094; x_wconf 85' lang='lat' dir='ltr'><strong>nobis</strong></span> <span class='ocrx_word' id='word_1_234' title='bbox 1056 3031 1138 3094; x_wconf 86' lang='lat' dir='ltr'><strong>aoei-</strong></span> 
     </span>
     <span class='ocr_line' id='line_1_32' title="bbox 181 3113 1140 3200; baseline 0.002 -20"><span class='ocrx_word' id='word_1_235' title='bbox 181 3116 269 3200; x_wconf 88' lang='lat' dir='ltr'><strong>dant,</strong></span> <span class='ocrx_word' id='word_1_236' title='bbox 289 3115 419 3180; x_wconf 86' lang='lat' dir='ltr'><strong>fortiter</strong></span> <span class='ocrx_word' id='word_1_237' title='bbox 441 3117 525 3180; x_wconf 90' lang='lat' dir='ltr'><strong>ferre</strong></span> <span class='ocrx_word' id='word_1_238' title='bbox 544 3116 725 3180; x_wconf 90' lang='lat' dir='ltr'><strong>debeamus.</strong></span> <span class='ocrx_word' id='word_1_239' title='bbox 760 3113 823 3179; x_wconf 89' lang='lat' dir='ltr'><strong>Hie</strong></span> <span class='ocrx_word' id='word_1_240' title='bbox 841 3119 878 3180; x_wconf 90' lang='lat' dir='ltr'><strong>tu</strong></span> <span class='ocrx_word' id='word_1_241' title='bbox 897 3137 1008 3180; x_wconf 85' lang='lat' dir='ltr'><strong>omnes</strong></span> <span class='ocrx_word' id='word_1_242' title='bbox 1027 3118 1140 3182; x_wconf 83' lang='lat' dir='ltr'><strong>valent</strong></span> 
     </span>
     <span class='ocr_line' id='line_1_33' title="bbox 181 3203 1140 3288; baseline 0.002 -19"><span class='ocrx_word' id='word_1_243' title='bbox 181 3225 367 3287; x_wconf 86' lang='lat' dir='ltr'><strong>summaque</strong></span> <span class='ocrx_word' id='word_1_244' title='bbox 381 3205 501 3288; x_wconf 89' lang='lat' dir='ltr'><strong>pietate</strong></span> <span class='ocrx_word' id='word_1_245' title='bbox 518 3208 551 3269; x_wconf 93' lang='lat' dir='ltr'><strong>te</strong></span> <span class='ocrx_word' id='word_1_246' title='bbox 566 3204 749 3268; x_wconf 90' lang='lat' dir='ltr'><strong>desiderant</strong></span> <span class='ocrx_word' id='word_1_247' title='bbox 763 3207 795 3268; x_wconf 93' lang='lat' dir='ltr'><strong>et</strong></span> <span class='ocrx_word' id='word_1_248' title='bbox 809 3203 949 3288; x_wconf 84' lang='lat' dir='ltr'><strong>diligunt</strong></span> <span class='ocrx_word' id='word_1_249' title='bbox 967 3208 999 3268; x_wconf 89' lang='lat' dir='ltr'><strong>et</strong></span> <span class='ocrx_word' id='word_1_250' title='bbox 1013 3207 1140 3271; x_wconf 81' lang='lat' dir='ltr'><strong>colunt:</strong></span> 
     </span>
     <span class='ocr_line' id='line_1_34' title="bbox 179 3292 1141 3377; baseline 0.004 -21"><span class='ocrx_word' id='word_1_251' title='bbox 179 3297 217 3357; x_wconf 90' lang='lat' dir='ltr'><strong>tu</strong></span> <span class='ocrx_word' id='word_1_252' title='bbox 235 3315 320 3377; x_wconf 88' lang='lat' dir='ltr'><strong>eura,</strong></span> <span class='ocrx_word' id='word_1_253' title='bbox 340 3296 377 3357; x_wconf 92' lang='lat' dir='ltr'><strong>ut</strong></span> <span class='ocrx_word' id='word_1_254' title='bbox 394 3293 502 3357; x_wconf 85' lang='lat' dir='ltr'><strong>valeas</strong></span> <span class='ocrx_word' id='word_1_255' title='bbox 522 3295 554 3356; x_wconf 92' lang='lat' dir='ltr'><strong>et</strong></span> <span class='ocrx_word' id='word_1_256' title='bbox 571 3296 603 3357; x_wconf 90' lang='lat' dir='ltr'><strong>te</strong></span> <span class='ocrx_word' id='word_1_257' title='bbox 623 3292 711 3357; x_wconf 93' lang='lat' dir='ltr'><strong>istim</strong></span> <span class='ocrx_word' id='word_1_258' title='bbox 728 3313 769 3356; x_wconf 91' lang='lat' dir='ltr'><strong>ne</strong></span> <span class='ocrx_word' id='word_1_259' title='bbox 788 3296 907 3357; x_wconf 88' lang='lat' dir='ltr'><strong>temere</strong></span> <span class='ocrx_word' id='word_1_260' title='bbox 926 3312 1141 3360; x_wconf 76' lang='lat' dir='ltr'><strong>commoveas.</strong></span> 
     </span>
    </p>
   </div>
   <div class='ocr_carea' id='block_1_7' title="bbox 0 0 1195 3878">
    <p class='ocr_par' dir='ltr' id='par_1_9' title="bbox 0 0 1195 3878">
     <span class='ocr_line' id='line_1_35' title="bbox 0 0 1195 3878; baseline 0 0"><span class='ocrx_word' id='word_1_261' title='bbox 0 0 1195 3878; x_wconf 95' lang='lat' dir='ltr'><strong> </strong></span> 
     </span>
    </p>
   </div>
  </div>
 </body>
</html>
