2370 3878
134 166 199 231 382
415 165 453 220 M.
473 166 596 222 TULLII
614 168 803 226 CICERONIS

588 417 629 482 V.

269 525 326 582 Ser.
347 527 450 581 Romae
469 544 563 583 mense
581 528 735 584 Februario
754 546 778 584 a.
797 549 824 586 u.
843 549 866 588 c.
887 540 946 588 711.

422 651 551 706 CICERO
571 651 696 707 CASSIO
717 653 791 707 SAL.

96 765 111 811 1
197 749 344 816 Hiemem
377 751 470 817 credo
504 752 608 817 adhuc
635 752 851 839 prohibuisse,
883 777 947 839 quo
979 757 1093 823 minus

131 839 169 904 de
196 844 229 902 te
257 843 378 904 certum
406 840 611 924 haberemus,
643 840 719 924 quid
752 863 863 927 ageres
886 844 1092 930 maximeque

130 926 186 990 ubi
209 949 307 1010 esses,
329 928 545 1011 loquebantur
563 949 675 993 omnes
695 932 805 993 tamen
820 967 861 977 -·
876 932 980 1016 credo,
1000 936 1090 1018 quod

130 1015 282 1080 uolebant
308 1053 352 1062 —
378 1017 414 1080 in
445 1015 538 1101 Syria
569 1020 601 1081 te
633 1039 717 1100 esse,
749 1018 867 1083 habere
899 1021 1023 1104 copias;
1054 1024 1089 1087 id

130 1108 238 1169 autem
261 1127 299 1170 eo
321 1104 447 1169 facilius
472 1106 669 1189 credebatur,
692 1105 767 1188 quia
790 1107 892 1171 simile
910 1109 978 1172 veri
1000 1110 1089 1175 vide

130 1193 233 1258 batur.
270 1192 389 1257 Brutus
413 1193 541 1277 quidem
564 1196 675 1257 noster
698 1196 862 1279 egregiam
884 1196 1013 1261 laudem
1037 1204 1088 1263 est

130 1285 333 1365 consecutum
364 1302 415 1345 res
443 1282 529 1346 enim
555 1285 664 1345 tantas
692 1283 792 1367 gessit
818 1287 949 1368 tamque
980 1285 1087 1370 inopi-

129 1374 232 1453 natas,
255 1373 292 1433 ut
313 1391 369 1434 eae
392 1391 491 1454 quum
518 1392 576 1454 per
598 1392 632 1435 se
655 1374 766 1454 gratae
789 1376 909 1456 essent,
935 1378 1006 1436 tum
1035 1396 1086 1439 or-

128 1459 270 1523 natiores
292 1463 425 1543 propter
448 1459 652 1522 celeritatem.
697 1458 790 1534 Quod
813 1461 841 1523 si
862 1463 899 1524 tu
923 1482 961 1525 eu
982 1465 1086 1547 tenes,

129 1567 209 1631 quae
237 1551 402 1630 putamus,
428 1547 555 1631 magnis
584 1546 734 1611 subsidiis
761 1547 844 1612 fulta
871 1569 921 1613 res
953 1549 1086 1633 publica

129 1639 190 1717 est3
214 1635 355 1718 aprima
374 1635 459 1698 enim
478 1656 535 1699 ora
548 1633 699 1699 Graeciae
718 1657 819 1718 usque
837 1636 878 1700 ad
896 1636 1084 1722 Aegyptum

129 1724 324 1807 optimorum
357 1724 473 1787 civium
504 1723 647 1807 imperiis
679 1724 796 1788 muniti
825 1725 943 1789 erimus
971 1729 1004 1790 et
1031 1749 1085 1792 co·

92 1825 108 1874 a
128 1812 202 1897 piis:
226 1833 429 1896 quamquam,
451 1810 514 1875 nisi
536 1834 587 1875 me
610 1812 756 1896 fallebat,
785 1833 836 1876 res
860 1835 893 1877 se
917 1814 962 1877 sic
984 1814 1084 1880 habe·

127 1902 198 1986 bat,
229 1905 266 1966 ut
297 1901 397 1965 totius
426 1900 503 1964 belli
532 1922 628 1964 omne
656 1901 827 1964 discrimen
854 1902 889 1965 in
916 1901 955 1964 D.
978 1900 1083 1968 Bruto

126 1991 268 2073 positum
290 1988 464 2072 videretur,
488 1989 542 2073 qui
566 1989 602 2072 si,
625 1993 662 2053 ut
684 1989 902 2073 sperabamus,
924 1991 1084 2074 erupisset

126 2077 266 2154 Mutina,
293 2077 375 2141 nihil
402 2077 478 2142 belli
504 2077 619 2160 reliqui
646 2077 715 2141 iore
742 2077 919 2142 uidebatur.
967 2078 1082 2145 Parsis

127 2167 259 2230 omnino
281 2166 347 2229 iam
370 2166 470 2250 copiis
494 2165 716 2250 obsidebatur,
739 2166 824 2250 quod
847 2187 967 2251 magno
990 2190 1082 2251 prae·

127 2254 207 2319 sidio
230 2253 413 2319 Bononiam
435 2254 568 2318 tenebat
589 2253 767 2336 Antonius3
790 2258 860 2319 erat
883 2258 990 2319 autem
1009 2253 1081 2321 Cla-

126 2348 236 2408 ternae
258 2346 370 2407 ncster
391 2341 526 2426 Hirtius,
549 2342 590 2406 ad
612 2341 732 2407 Forum
746 2340 931 2407 Cornelium
954 2341 1081 2430 Caesar,

126 2436 259 2516 uterque
274 2452 346 2496 cum
359 2431 452 2495 firmo
467 2431 616 2518 exercitu,
629 2452 828 2516 magnasque
842 2431 964 2496 Romae
973 2428 1082 2498 Pansa

126 2520 235 2605 copias
259 2541 297 2585 ex
320 2518 444 2583 delectu
466 2518 580 2582 Italiae
594 2519 615 2596 t
629 2523 804 2603 comparat.
839 2518 952 2584 Hiems
976 2521 1081 2585 adhuc

125 2631 193 2673 rem
216 2609 285 2693 geri
302 2607 523 2692 prohibuerat3
545 2605 672 2671 Hirtius
690 2607 771 2671 nihil
789 2607 852 2672 nisi
870 2608 1101 2692 considerate,-

125 2703 162 2762 ut
184 2697 263 2761 mihi
286 2695 405 2760 crebris
422 2695 539 2759 litteris
558 2695 728 2780 significat,
751 2699 880 2760 acturus
899 2696 1081 2780 uidebatur3

125 2790 253 2869 praeter
275 2783 471 2866 Bononiam,
493 2783 632 2869 Regium
654 2782 781 2868 Lepidi,
803 2783 954 2847 Parmam
976 2788 1081 2849 totam

125 2871 263 2937 Galliam
276 2873 464 2936 tenebamus
479 2871 746 2936 studiosissimam
763 2873 809 2937 rei
827 2872 987 2955 publicae,
1005 2876 1080 2937 tuos

125 2961 222 3025 etiam
241 2960 373 3024 clientes
388 2960 638 3044 Transpadanos
657 2960 788 3025 mirifice
802 2959 992 3024 coniunctos
1006 2982 1080 3025 cum

125 3072 221 3115 causa
244 3048 455 3130 habebamus3
477 3052 548 3112 erat
568 3049 769 3112 firmissimus
790 3051 919 3112 senatus
939 3049 1079 3132 exceptis

125 3136 361 3221 consularibus,
384 3158 423 3201 ex
445 3136 562 3220 quibus
584 3136 669 3202 unus
696 3135 732 3202 L.
755 3134 874 3201 Caesar
895 3135 1007 3200 firmus
1030 3140 1081 3200 est

195 3363 246 3433 Ep.
261 3369 286 3432 ὁ,
301 3371 325 3418 2.
352 3365 416 3418 belli
434 3365 532 3433 reliqru'
550 3363 618 3431 (M.).
655 3363 679 3418 b.
698 3362 833 3430 reliquum
851 3361 947 3416 Dresd.
963 3368 987 3429 3,
1001 3362 1031 3416 B.
1045 3362 1077 3402 ’-

122 3439 296 3504 memorat
319 3435 393 3504 (W.).
444 3438 619 3506 compararat
640 3432 697 3501 (N.)
716 3435 766 3486 aut
788 3434 964 3501 comparabat
983 3432 1077 3502 (Era).

108 3511 258 3575 cremarat
271 3505 340 3563 ΜΒ.
362 3539 395 3548 -
417 3505 554 3566 Parmam
572 3509 659 3563 totum
677 3502 722 3572 lW
728 3505 755 3573 b.
794 3503 840 3569 P,
854 3508 877 3556 t.
892 3502 991 3570 urago.
