2370 3878
143 178 206 242 348
322 184 325 189 ’
424 178 460 231 Μ.
481 177 604 232 TULLII
623 176 814 232 CICERONIS

141 326 306 408 praetores
339 325 371 386 et
403 343 441 385 ea
473 321 629 407 dignitate
661 321 808 386 homines
841 323 961 405 aliquid
993 324 1098 388 edicto

142 412 395 496 postulassemus
418 432 438 474 a
460 411 604 494 consule3
632 411 717 493 quod
745 412 771 474 si
798 411 978 496 indignaris
1002 433 1099 476 ausos

144 521 212 564 esse
235 499 268 563 id
290 499 411 582 fecere,
433 498 571 564 concede
594 499 702 583 nobis,
724 502 762 563 ut
785 499 949 563 doleamus
972 522 1013 563 ne
1036 501 1099 564 hoc

107 587 272 671 squidem
303 586 361 651 abs
392 591 425 650 te
448 586 550 651 Bmto
583 590 616 652 et
643 584 753 652 Cassio
785 588 893 651 tribui.
941 586 1027 652 Nam
1059 589 1099 652 de

144 675 318 740 delentibus
340 674 460 740 habitis
484 678 517 738 et
538 675 683 759 pecuniis
706 675 885 759 Imperatis,
907 677 1098 740 exercitibus

144 763 323 828 sollicitatis
355 767 389 828 et
419 763 542 827 nuntiis
573 767 664 827 trans
697 785 784 828 mare
816 764 921 828 missis
952 765 1038 848 quod
1065 769 1099 828 te

144 855 292 935 questum
306 873 375 916 esse
389 871 499 937 negas,
512 873 572 916 nos
587 852 715 935 quidem
728 852 789 915 tibi
803 852 959 917 credimus
974 853 1098 936 optimo

24 953 26 957 '
144 940 251 1005 animo
270 943 302 1004 te
320 941 443 1024 fecisse,
461 939 516 1004 sed
534 944 644 1004 tamen
661 961 765 1023 neque
784 941 989 1025 agnoscimus
1009 942 1099 1024 quid·

144 1050 240 1112 quam
263 1049 374 1093 eorum
397 1032 430 1092 et
451 1032 484 1092 te
507 1029 673 1111 miramur,
701 1050 799 1111 quum
821 1028 901 1092 haec
923 1029 1098 1111 reticueris,

143 1138 210 1182 non
233 1117 376 1201 potuisse
390 1117 567 1182 continere
590 1116 788 1181 iracundiam
810 1120 913 1200 tuam,
941 1118 1018 1200 quin
1041 1140 1098 1181 no-

108 1220 124 1268 3
143 1205 192 1268 bis
216 1204 255 1271 de
277 1208 381 1270 morte
404 1202 549 1270 Caesaris
572 1205 734 1270 obiiceres.
778 1204 863 1269 Illud
890 1226 966 1269 vero
990 1228 1098 1289 quern-

144 1292 316 1359 admodum
333 1293 506 1357 ferundum
524 1293 575 1377 sit,
592 1296 662 1358 tute
677 1294 792 1378 cogita,
810 1316 877 1359 non
894 1294 990 1357 licere
1008 1315 1098 1378 prae·

143 1382 268 1446 toribus
292 1381 481 1447 concordiae
504 1403 542 1445 ae
564 1381 721 1446 libertatis
750 1403 846 1446 causa
873 1403 930 1465 per
958 1382 1098 1446 edictum

144 1468 183 1534 de
207 1490 264 1535 suo
291 1470 360 1534 iure
388 1469 552 1553 decedere,
582 1471 659 1553 quin
687 1470 800 1534 consul
827 1491 916 1534 arma
945 1471 1098 1534 minetur:

145 1579 280 1640 quorum
307 1557 425 1629 fiducia
450 1558 532 1622 nihil
560 1558 716 1642 estquod
744 1580 804 1623 nos
832 1563 967 1641 terreas,
992 1579 1102 1640 neque>

144 1646 231 1710 eninr
257 1645 349 1711 decet
375 1650 432 1712 aut
463 1647 630 1727 convenit·
645 1647 738 1711 nobis
770 1647 911 1730 periculo
939 1646 996 1721 ulli
1023 1646 1097 1709 sub-

143 1734 271 1799 mittere
294 1736 437 1800 animum
458 1738 607 1800 nostrum
628 1757 732 1818 neque
753 1739 802 1800 est
819 1734 964 1800 Antonio
987 1738 1098 1819 postu-

144 1823 285 1908 landum,
303 1828 340 1888 ut
357 1824 397 1888 iis
411 1824 555 1908 imperet,
574 1845 709 1908 quorum
724 1845 822 1908 opera
835 1824 916 1887 liber
934 1827 991 1887 est.
1027 1821 1098 1887 Nos

145 1912 172 1975 si
195 1912 258 1977 alia
280 1912 497 1997 hortarentur,
519 1916 556 1976 ut
577 1913 697 1977 bellum
716 1913 807 1977 civile
827 1912 980 1976 suscitare
1003 1912 1097 1975 velle·

144 2022 224 2083 mus,
247 2000 372 2066 litterae
395 2004 470 2066 tuae
492 2001 575 2065 nihil
592 2001 797 2084 proficerent,
820 2001 910 2064 nulla
932 2000 1018 2064 enim
1040 2001 1099 2062 mi-

143 2089 253 2152 nantis
276 2090 450 2154 auctoritas
473 2089 559 2172 apud
582 2089 700 2153 liberos
723 2092 784 2172 est3
812 2088 867 2152 sed
894 2088 1027 2172 pulchre
1050 2088 1098 2151 in-

143 2177 263 2260 telligis
286 2198 353 2242 non
375 2198 470 2262 posse
492 2199 554 2242 nos
577 2199 738 2262 quoquam
756 2177 887 2261 impelli,
910 2181 942 2240 et
959 2177 1098 2241 fortasse

144 2285 183 2327 ea
205 2286 239 2328 re
262 2266 430 2330 minaciter
461 2267 545 2350 agis,
573 2269 611 2330 ut
641 2265 793 2330 iudicium
819 2269 967 2330 nostrum
993 2267 1098 2328 metus

108 2352 299 2417 4videatur.
343 2352 413 2418 Nos
439 2354 475 2417 in
501 2354 562 2419 hac
589 2355 750 2419 sententia
772 2375 895 2437 sumus,
922 2357 959 2418 ut
985 2356 1018 2416 te
1046 2373 1098 2416 eu·

144 2441 271 2523 piamus
293 2441 329 2505 in
350 2442 452 2507 libera
477 2464 513 2507 re
538 2443 669 2526 publica
694 2463 849 2527 magnum
876 2446 973 2525 atque
999 2441 1098 2506 hone-

146 2533 232 2594 stum
260 2552 342 2614 esse,
373 2552 522 2597 vocemus
549 2534 582 2594 te
610 2531 651 2594 ad
679 2532 785 2595 nullas
812 2531 1011 2613 inimicitias,
1043 2528 1099 2592 sed

144 2620 255 2682 tamen
276 2619 378 2703 pluris
400 2623 545 2685 nostram
563 2619 746 2683 libertatem
764 2641 860 2702 quam
878 2622 969 2683 tuam
992 2617 1099 2681 amici·

144 2707 224 2770 tiam
247 2708 461 2772 aestimemus.
498 2707 548 2771 Tu
571 2707 668 2771 etiam
687 2711 782 2790 atque
801 2707 899 2771 etiam
919 2706 1000 2789 vide,
1023 2705 1100 2788 quid

146 2794 315 2878 suscipias,
347 2796 423 2878 quid
456 2795 613 2860 sustinere
643 2796 763 2879 possis,
798 2817 915 2878 neque,
947 2794 1100 2879 quamdiu

145 2882 262 2946 vixerit
280 2880 406 2967 Caesar,
429 2883 493 2967 sed,
516 2905 613 2967 quam
635 2905 702 2948 non
726 2883 780 2947 diu
798 2883 951 2968 regnarit,
973 2883 1025 2946 fac
1049 2903 1100 2947 co-

146 2971 238 3055 gites.
287 2970 374 3036 Deos
402 2993 609 3056 quaesumus,
635 2972 769 3037 consilia
795 2975 853 3036 tua
879 2972 926 3035 rei
953 2971 1103 3055 publicae

146 3059 301 3124 salutaria
324 3059 389 3124 sint
412 3082 450 3124 ae
472 3060 545 3124 tibi:
568 3061 596 3124 si
618 3060 734 3144 minus,
756 3063 794 3123 ut
816 3060 905 3124 salva
924 3063 1020 3143 atque
1043 3058 1101 3123 ho·

146 3151 239 3212 nesta
261 3169 295 3212 re
314 3148 444 3232 publica
461 3149 521 3213 tibi
540 3170 637 3232 quam
654 3148 822 3213 minimum
839 3152 988 3233 noceant,
1011 3152 1102 3232 opta-

145 3258 227 3301 mus.
270 3235 377 3301 Pridie
399 3236 513 3302 Nonas
536 3234 621 3303 Sext.

200 3444 256 3513 Ep.
272 3451 297 3514 3,
314 3452 340 3501 3.
379 3463 465 3518 were
483 3447 543 3519 aare
561 3444 629 3503 liber
648 3444 735 3518 [Wh‘t
756 3476 789 3485 -
807 3446 922 3514 sedasse
935 3446 1009 3515 <Wl-
1046 3445 1103 3512 for·

112 3514 204 3566 raseris·
220 3516 263 3584 B,
287 3519 387 3590 vulgo.
