2370 3878
169 161 234 224 234
256 192 262 203 -’
451 161 488 215 Μ.
508 161 630 216 TULLII
649 161 840 218 CICERONIS

622 410 663 476 V.

247 523 303 578 Sor.
323 523 428 578 Romae
447 538 542 576 mense
562 522 661 578 Sextili
680 523 756 589 (ante
777 523 828 591 Id.)
848 539 872 576 a.
891 542 918 577 u.
937 541 959 577 e.
980 531 1039 578 703.

423 645 575 700 CAELIUS
594 645 766 702 CICERONI
786 646 860 700 SAL.

133 759 146 806 1
235 746 305 821 Qua
321 749 358 809 tu
377 766 454 810 cura
472 745 524 828 sis,
548 745 633 827 quod
653 745 693 808 ad
711 766 823 829 pacem
842 747 1026 829 provinciae
1048 752 1124 813 tuae

165 835 437 917 finitimarumque
464 833 633 917 regionum
662 835 792 916 attinet,
819 835 940 899 nescio:
969 856 1029 920 ego
1054 840 1124 920 qui-

166 923 239 987 dem
261 922 466 986 vehementer
485 921 585 984 animi
603 922 741 1004 pende03
764 943 849 1005 nam,
873 923 900 985 si
923 924 984 986 hoc
998 926 1018 1001 t
1034 947 1123 989 more

165 1011 324 1074 moderari
343 1031 519 1093 possemus,
536 1013 574 1072 ut
591 1030 650 1093 pro
669 1010 790 1074 viribus
810 1011 975 1094 copiarum
992 1017 1123 1077 tuarum

165 1100 241 1163 belli
265 1120 391 1183 quoque
415 1099 565 1162 existeret
587 1098 776 1182 magnitudo
801 1102 846 1182 et,
874 1103 1030 1182 quantum
1054 1103 1122 1184 glo·

165 1189 231 1251 riae
254 1187 482 1269 triumphoque
506 1208 587 1269 opus
607 1190 700 1269 esset,
723 1208 976 1270 assequeremur,
998 1190 1122 1271 pericu·

164 1277 267 1340 losam
299 1278 332 1337 et
363 1295 493 1358 gravem
529 1275 619 1337 illam
650 1274 888 1338 dimicationem
920 1276 1122 1359 evitaremus,

164 1364 245 1426 nihil
267 1366 335 1425 tam
358 1365 442 1439 esset
465 1361 654 1445 optandum:
677 1384 777 1445 nunc,
801 1364 827 1426 si
850 1362 989 1427 Parthus
1012 1373 1121 1429 movet

164 1450 294 1533 aliquid,
312 1449 377 1512 seio
391 1470 459 1513 non
477 1449 670 1514 mediocrem
683 1449 752 1514 fore
771 1452 1025 1534 contentionem3
1044 1458 1119 1517 tuus

163 1559 260 1623 porro
280 1538 435 1601 exereitus
453 1538 507 1600 vix
525 1559 626 1601 unum
645 1539 762 1602 saltum
780 1539 863 1602 tueri
877 1543 993 1622 potest.
1025 1539 1120 1606 Hanc

164 1629 273 1690 autem
293 1647 389 1689 nemo
413 1625 501 1689 ducit
527 1626 699 1709 rationem,
727 1627 782 1690 sed
806 1629 914 1691 omnia
937 1628 1118 1693 desideran-

162 1718 216 1778 tur
243 1714 359 1797 abeo,
390 1717 556 1796 tamquam
587 1713 668 1777 nihil
697 1714 891 1799 denegatum
920 1716 962 1779 sit
985 1717 1026 1799 ei,
1055 1740 1117 1801 quo

163 1803 269 1867 minus
292 1824 388 1886 quam
407 1802 629 1885 paratissimus
650 1807 743 1887 esset,
766 1803 820 1887 qui
838 1804 966 1887 publico
985 1808 1116 1889 negotio

128 1892 364 1976 rpraepositus
392 1895 449 1955 est,
495 1891 629 1955 Accedit
660 1890 736 1975 huc,
768 1892 854 1974 quod
885 1894 1117 1958 successionem

162 1981 304 2045 futuram
322 1984 455 2064 propter
469 1978 645 2045 Galliarum
664 1980 915 2046 controversiam
935 2003 1002 2044 non
1016 1982 1117 2047 video.

163 2068 305 2132 Tametsi
327 2069 388 2132 hoc
411 2069 450 2133 de
473 2090 507 2132 re
525 2072 604 2152 puto
622 2072 656 2132 te
675 2069 894 2151 constitutum,
917 2069 993 2151 quid
1015 2069 1117 2133 factu-

161 2178 216 2219 rus
235 2177 330 2239 esses,
352 2155 479 2238 habere,
496 2160 615 2239 tamen,
637 2178 701 2239 quo
720 2157 877 2221 maturius
896 2157 1117 2240 constitueres,

162 2265 261 2326 quum
282 2243 369 2306 huno
393 2246 542 2307 eventum
569 2244 791 2327 providebam,
813 2244 918 2306 visum
940 2246 1001 2323 est,
1024 2247 1061 2304 ut
1084 2249 1115 2305 te

161 2331 300 2395 facerem
332 2331 513 2412 certiorem3
539 2332 627 2395 nosti
654 2332 740 2395 enim
769 2331 848 2393 haec
875 2327 1046 2391 tralaticia:
1076 2330 1114 2392 de

162 2416 274 2482 Galliis
288 2418 515 2499 constituetur3
538 2418 607 2502 erit,
621 2419 676 2500 qui
689 2415 880 2496 intercedat3
903 2414 1016 2478 deinde
1034 2416 1114 2480 alius

162 2507 305 2590 exsistet,
332 2507 401 2590 qui,
427 2505 490 2569 nisi
513 2504 612 2569 libere
634 2506 730 2568 liceat
753 2505 791 2568 de
815 2503 962 2567 omnibus
986 2506 1115 2586 provin·

161 2595 218 2658 ciis
243 2594 410 2660 decernere
433 2593 572 2676 senatui,
599 2593 737 2676 reliques
764 2591 930 2675 impediat:
962 2592 1007 2655 sic
1034 2595 1114 2656 mul-

160 2686 231 2746 tum
250 2704 287 2747 ac
306 2683 360 2747 diu
377 2682 514 2765 ludetur,
537 2684 633 2764 atque
651 2681 698 2744 itu
717 2680 780 2764 diu,
802 2681 930 2764 utplus
949 2680 1114 2744 biennium

126 2781 142 2830 3
161 2771 197 2833 in
218 2771 270 2835 his
292 2771 380 2835 tricis
403 2790 572 2834 moremur.
610 2767 644 2833 si
667 2769 744 2852 quid
767 2769 843 2833 nori
866 2767 905 2832 de
928 2790 962 2832 re
985 2769 1114 2851 publica

106 2888 110 2897 ·
162 2859 248 2941 quod
269 2859 330 2922 tibi
353 2859 524 2923 scriberem
545 2857 706 2940 haberem,
728 2879 806 2922 usus
829 2878 931 2921 essem
950 2877 1021 2919 mea
1040 2877 1113 2919 con·

161 2946 339 3031 suetudine,
361 2950 398 3010 ut
416 2947 595 3031 diligenter,
614 2950 646 3011 et
664 2945 741 3028 quid
759 2949 866 3009 actum
885 2947 969 3008 esset
988 2948 1020 3007 et
1038 2944 1114 3027 quid

162 3056 200 3099 ex
223 3056 260 3100 eo
283 3034 428 3099 futurum
451 3056 621 3118 sperarem,
643 3034 882 3118 perscriberem.
928 3030 1011 3096 Sane
1034 3035 1113 3095 tam-

58 3190 62 3198 ,
162 3145 259 3208 quam
289 3123 325 3187 in
357 3123 496 3206 quodam
530 3123 619 3186 incili
654 3123 720 3186 iam
752 3121 860 3186 omnia
892 3120 1114 3183 adhaeserunt.

231 3348 282 3418 Ep.
303 3354 326 3418 5,
343 3355 366 3402 1.
402 3353 507 3416 †more
523 3348 660 3403 moderari
678 3347 735 3416 (M,
753 3345 819 3414 Or).
862 3347 940 3401 modo
959 3345 1027 3400 mod
1048 3343 1114 3410 (W.)

157 3422 211 3471 aut
227 3421 306 3474 orode
324 3435 380 3475 rem
397 3420 467 3474 mod.
487 3417 620 3489 (Bengel,
639 3419 691 3485 Rq.
709 3448 745 3458 -
768 3433 806 3484 eo,
824 3422 962 3486 tamquam
1041 3419 1116 3479 esset,

142 3489 296 3557 quim),
334 3505 366 3547 eo
386 3521 420 3531 -
440 3495 459 3548 t.
480 3494 603 3548 ...essct
616 3519 660 3560 —,
674 3490 722 3560 qui
735 3488 765 3542 B.
