2370 3878
487 815 601 880 ‚LIBER
624 816 820 874 SECUNDUS.

170 940 173 946 '
271 939 337 1006 AD
366 939 400 1006 d.
428 939 691 1026 CURIONEM
718 944 781 1010 ΕΤ
809 943 1041 1014 CETEROS.
1132 966 1135 971 ·

642 1121 667 1186 Ι.

456 1240 512 1294 Ser.
536 1241 641 1294 Romae
661 1259 685 1295 a.
704 1260 731 1296 u.
751 1258 774 1295 o.
795 1248 853 1305 701.

401 1380 438 1434 Μ.
459 1379 586 1435 CICERO
604 1381 632 1436 S.
651 1381 683 1436 D.
705 1381 733 1437 0.
754 1381 910 1438 OURIONI.

143 1503 157 1551 1
244 1486 445 1572 Quamquam
467 1511 517 1553 me
545 1490 763 1575 negligentiae
790 1493 920 1556 nomine
948 1499 1134 1577 suspectum

176 1577 237 1641 tibi
260 1599 328 1640 esse
352 1578 454 1661 doleo,
475 1581 585 1642 tamen
608 1583 760 1660 nontam
778 1580 859 1643 mihi
876 1583 1047 1647 molestum
1069 1583 1135 1649 fuit

177 1665 320 1729 accusari
343 1665 400 1730 abs
422 1669 455 1729 te
474 1666 615 1730 officium
638 1689 754 1751 meum,
777 1690 874 1751 quam
891 1670 1066 1735 iucundum
1083 1695 1134 1737 re-

177 1755 269 1838 quiri,
291 1754 479 1838 praesertim
497 1777 605 1839 quum,
622 1755 657 1819 in
676 1777 740 1839 quo
759 1757 942 1842 accusabar,
965 1761 1059 1843 eulpa
1077 1783 1134 1826 va-

177 1864 291 1927 carem,
309 1843 344 1907 in
362 1865 425 1927 quo
444 1847 552 1909 autem
571 1844 749 1909 desiderare
767 1847 800 1909 te
819 1846 1024 1931 significabas
1043 1869 1136 1913 meas

176 1932 309 2016 litteras,
327 1954 408 2016 prae
426 1936 459 1996 te
477 1933 577 1997 ferres
595 1937 799 2019 perspectum
816 1934 896 1998 mihi
915 1935 1052 2019 quidem,
1075 1938 1134 2002 sed

175 2023 284 2083 tamen
308 2018 432 2084 dulcem
455 2025 487 2086 et
505 2025 652 2106 optatum
675 2045 816 2086 amorem
834 2026 935 2086 tunm.
971 2022 1135 2106 Equidem

176 2107 337 2171 neminem
359 2110 573 2193 praetermisi,
601 2131 696 2193 quem
723 2110 852 2192 quidem
875 2109 914 2170 ad
941 2113 974 2172 te
996 2132 1133 2192 perven-

175 2200 284 2259 turum
311 2199 472 2279 putarem,
499 2198 551 2260 eui
576 2198 702 2261 litteras
732 2219 800 2261 non
827 2195 983 2277 dederim3
1011 2200 1136 2267 etenim

176 2285 247 2367 quis
270 2286 466 2348 esttamen
489 2284 656 2349 scribendo
679 2285 817 2368 impiger
836 2305 932 2366 quam
955 2283 1038 2368 ego?
1062 2310 1082 2350 a
1099 2293 1135 2354 te

175 2394 252 2437 vero
278 2372 328 2437 bis
354 2376 443 2437 terve
476 2395 635 2437 summum
662 2375 695 2436 et
726 2393 779 2435 eae
811 2371 981 2456 perbreves
1013 2379 1135 2460 accepi.

176 2459 293 2545 Quare,
330 2462 357 2526 si
388 2462 517 2545 iniquus
551 2483 585 2525 es
617 2462 651 2525 in
683 2482 733 2524 me
765 2460 872 2544 iudex,
909 2460 1134 2530 condemnabo

176 2550 288 2615 eodem
310 2571 370 2635 ego
394 2555 426 2615 te
450 2550 594 2632 crimine,
623 2550 673 2613 sin
701 2570 751 2612 me
778 2548 812 2612 id
838 2549 944 2613 faeere
966 2551 1070 2634 noles,
1098 2555 1134 2617 te

175 2639 255 2703 mihi
286 2661 425 2723 aequum
460 2638 613 2722 praebere
646 2637 784 2701 debebis.
839 2635 902 2701 Sed
938 2637 976 2700 de
1012 2638 1134 2706 litteris

175 2726 344 2810 haetenus,
371 2749 438 2792 non
466 2727 552 2792 enim
582 2748 707 2808 vereor,
738 2747 779 2789 ne
807 2747 875 2790 non
900 2724 1069 2790 scribendo
1097 2733 1134 2793 te

175 2815 329 2898 expleam,
351 2816 540 2898 praesertim
563 2815 590 2878 si
611 2816 647 2878 in
670 2836 707 2879 eo
727 2835 844 2899 genere
863 2814 1005 2878 studium
1022 2835 1134 2880 meum

140 2924 242 2971 anon
269 2903 489 2987 aspernabere.
534 2902 607 2988 Ego
634 2907 667 2966 te
698 2903 815 2967 afuisse
842 2902 965 2966 tamdiu
994 2902 1133 2968 anobis

175 2995 208 3055 et
230 2991 327 3074 dolui,
350 2991 436 3075 quod
459 2992 547 3055 carui
569 2993 677 3056 fructu
694 2991 941 3056 iucundissimae
961 2993 1132 3055 consuetu-

175 3080 272 3162 dinis,
296 3083 329 3143 et
349 3079 466 3163 laetor,
494 3081 579 3163 quod
607 3080 723 3146 absens
753 3079 862 3143 omnia
889 3100 962 3142 eum
991 3079 1134 3145 maxima

175 3169 333 3252 <lignitate
362 3189 395 3231 es
424 3171 614 3233 consecutus
642 3168 789 3252 quodque
816 3167 852 3229 in
884 3166 1033 3231 omnibus
1064 3169 1134 3234 tuis

174 3255 269 3320 rebus
297 3256 375 3320 meis
408 3257 527 3341 optatis
554 3256 687 3320 fortuna
713 3254 888 3338 respondit.
937 3253 1040 3320 Breve
1073 3260 1135 3343 est,

244 3447 295 3518 np.
317 3455 381 3519 1,1.
417 3449 515 3517 myra.
533 3430 642 3503 mine
660 3447 735 3516 (wi.
771 3461 842 3502 nom.
857 3447 925 3516 aar
944 3445 1009 3500 nn.
