2370 3878
138 155 179 220 38
419 156 456 208 M.
477 154 600 209 TULLII
619 154 809 210 CICERONIS

137 301 223 386 quod
245 301 331 383 abes,
354 301 513 384 gratulor,
540 300 591 364 vel
618 301 694 384 quia
721 323 788 366 non
815 302 904 367 vides
932 324 983 388 ee,
1013 326 1098 388 quae

136 413 210 475 nos,
237 390 288 455 vel
312 388 397 472 quod
420 388 544 453 excelso
568 393 601 452 et
622 390 740 453 illustri
762 392 834 455 loco
862 392 925 456 sita
953 395 1003 456 est
1024 394 1098 458 laus

135 483 193 542 tua
210 479 245 542 in
264 477 475 562 plurimorum
494 480 527 541 et
545 478 705 543 sociorum
723 482 756 542 et
774 479 1098 566 civiumconspectu‚

136 589 218 650 quae
242 566 283 630 ad
310 588 383 630 nos·
398 588 457 630 nec
481 565 617 631 obscuro
645 588 705 631 nec
732 568 821 633 vario
850 589 1010 654 sermone,
1039 572 1097 636 sed

100 676 116 723 2
137 660 170 720 et
192 655 368 719 clarissima
387 658 420 719 et
438 677 503 719 una
522 655 666 719 omnium
684 677 762 720 voce
781 657 949 741 perfertur.
972 656 1097 724 -Unum

135 744 215 809 illud
237 744 355 828 nescio,
378 744 563 828 gratulerne
585 744 646 807 tibi
669 766 712 807 an
730 745 871 829 timeam,
894 747 980 830 quod
999 748 1095 812 mira-

134 833 208 897 bilis
232 837 282 897 est
305 833 500 916 exspectatio
519 832 641 896 reditus
659 833 717 916 tui,
739 855 808 898 non
826 856 889 917 quo
910 857 1030 920 verear,
1053 859 1095 902 ne

134 925 192 985 tua
219 922 321 986 virtus
350 921 496 1005 opinioni
521 921 690 985 hominum
717 944 785 986 non
807 924 1014 1009 respondeat,
1037 926 1095 989 sed

134 1010 324 1095 mehercule,
343 1031 393 1094 ne,
414 1032 513 1094 quum
531 1010 666 1093 veneria,
685 1033 752 1074 non
770 1010 891 1075 habeas
909 1013 983 1097 iam,
1006 1015 1094 1096 quod

135 1120 240 1164 cures:
266 1099 314 1164 ita
342 1103 418 1164 sunt
441 1099 550 1164 omnia
573 1099 740 1163 debilitata
767 1120 804 1164 aa
829 1101 895 1164 iarn
917 1123 1018 1185 prope
1042 1125 1094 1166 ex·

135 1188 261 1253 stincta.
307 1186 370 1252 Sed
397 1189 478 1252 haec
503 1189 575 1272 ipsa
597 1188 706 1252 nescio
729 1191 856 1252 rectene
885 1190 950 1253 sint
977 1191 1094 1256 litteris

135 1277 319 1357 commissa,
343 1297 440 1359 qnare
464 1279 571 1357 cetera
593 1297 768 1360 cognosces
791 1299 831 1340 ex
853 1277 933 1341 aliis
973 1279 1022 1342 'Iu
1045 1283 1094 1344 ta·

134 1386 222 1447 men,
249 1364 316 1428 sive
343 1363 443 1427 habes
468 1364 610 1448 aliquam
637 1386 727 1449 spem
751 1366 789 1428 de
811 1388 846 1429 re
873 1366 1003 1449 publica
1026 1364 1092 1432 sive

135 1453 294 1536 desperas,
318 1473 461 1536 capara,
483 1453 648 1536 meditare,
671 1453 788 1538 cogita,
812 1475 900 1537 quae·
912 1477 980 1519 esse
1000 1456 1035 1520 in
1054 1478 1092 1522 eo

135 1542 196 1606 civi
219 1562 257 1605 ac
280 1541 349 1606 viro
373 1541 499 1624 debent,
523 1541 579 1625 qui
602 1541 644 1605 sit
665 1542 914 1627 rempublicam
938 1543 1093 1610 afflictam

135 1633 168 1693 et
186 1651 373 1713 oppressam
390 1630 515 1694 miseris
529 1631 728 1714 temporibus
750 1653 787 1695 ac
800 1632 934 1716 perditis
948 1633 1093 1698 moribus

38 1780 41 1787 .
133 1718 169 1782 in
192 1722 333 1783 veterem
356 1719 547 1803 dignitatem
570 1723 604 1783 et
625 1719 808 1817 libertatem
830 1721 1061 1786 vindicaturus.

583 1912 640 1979 VI.

412 2026 468 2082 Sor.
488 2025 684 2081 Romanam
705 2044 727 2081 e.
748 2034 806 2082 701.

354 2149 392 2204 M.
413 2149 541 2205 CICERO
561 2150 587 2204 S.
607 2150 640 2204 D.
661 2150 689 2203 C.
710 2149 879 2207 CURIONI.

101 2271 115 2318 1
200 2248 355 2314 Nondum
378 2253 448 2313 erat
470 2251 616 2314 auditum
637 2252 671 2312 te
694 2249 735 2312 ad
757 2247 887 2311 ltaliam
909 2245 1094 2334 adventare,

135 2361 234 2422 quum
262 2336 331 2402 Sex.
358 2336 508 2420 Villium,
535 2337 667 2401 Milonis
690 2335 754 2399 mei
786 2335 991 2420 familiarem,
1019 2357 1094 2403 curn

134 2428 185 2490 his
209 2427 250 2492 ad
272 2430 305 2490 te
327 2426 443 2489 litteris
466 2425 553 2509 misi,
576 2425 632 2489 sed
655 2427 774 2507 tamen,
797 2446 895 2508 quum
919 2427 1092 2509 appropin-

136 2537 233 2599 quare
255 2517 331 2580 tuus
355 2515 511 2579 adventus
542 2517 711 2598 putaretur
738 2515 771 2576 et
799 2516 831 2576 te
858 2514 924 2577 iam
951 2535 990 2577 ex
1012 2515 1093 2579 Asia

134 2604 272 2669 Romam
289 2625 400 2670 versus
421 2603 602 2687 profectum
620 2623 688 2667 esse
707 2605 878 2685 constaret,
900 2601 1092 2687 magnitudo

134 2694 182 2756 rei
204 2693 289 2776 fecit,
311 2696 348 2757 ut
370 2713 438 2756 non
459 2712 654 2774 vereremur,
681 2713 722 2756 ne
745 2691 841 2754 nimis
864 2691 927 2754 cito
951 2691 1093 2755 mittere·

135 2803 220 2864 mue,
243 2804 342 2864 quum
364 2782 423 2845 has
447 2780 706 2864 quamprimum
733 2780 773 2843 ad
795 2783 828 2843 te
851 2779 985 2864 perferri
1007 2778 1093 2843 litte-

92 2915 104 2947 ,
135 2891 188 2933 ras
212 2889 331 2953 magno
355 2891 450 2952 opere
473 2869 636 2934 vellemus.
681 2868 763 2954 Ego,
787 2869 814 2932 si
836 2889 909 2932 mea
930 2868 966 2931 in
987 2869 1021 2930 te
1044 2889 1093 2932 es-

137 2961 209 3021 sent
232 2957 339 3021 officia
362 2958 475 3041 solum,
499 2954 594 3022 Curio
614 2995 656 3004 -
676 2960 779 3039 tanta,
802 2959 924 3039 quanta
945 2955 1049 3040 magis
1074 2979 1094 3020 a

136 3050 168 3111 te
191 3047 261 3130 ipso
284 3046 463 3129 praedicari
486 3068 582 3130 quam
605 3069 625 3111 a
647 3068 698 3110 me
721 3044 893 3129 ponderari
917 3045 1022 3108 solent
1040 3080 1094 3126 -,

135 3134 346 3199 verecundius
369 3157 389 3198 a
411 3138 457 3219 te,
480 3135 507 3199 si
531 3156 612 3218 quae
635 3154 755 3219 magna
777 3154 829 3196 res
851 3132 931 3195 mihi
953 3131 1095 3214 petenda

137 3227 230 3307 esset,
253 3222 488 3307 contenderem,
510 3244 608 3308 grave
631 3226 681 3287 est
703 3222 790 3286 enim
811 3220 936 3285 homini
958 3219 1094 3303 pudenti

206 3431 259 3500 up.
280 3437 344 3499 6,1.
382 3432 466 3488 Corio
485 3461 519 3472 -
537 3437 618 3486 tanto
698 3431 785 3485 solent
801 3461 850 3498 -,
866 3446 920 3486 ver.
940 3429 1015 3497 (W.).
1053 3427 1097 3494 0,

131 3506 216 3556 tacta
231 3542 275 3557 ...
294 3503 388 3573 solent,
407 3503 575 3576 orrgvulgo.
