2370 3878
412 181 449 235 M.
469 179 593 237 TULLII
610 178 801 235 CICERONIS

543 464 665 573 {VIR

213 595 269 653 Sor.
288 596 443 651 Laodiceae
462 597 576 650 ineunte
594 611 689 651 mense
708 595 783 649 Maio
802 611 826 649 a.
846 613 872 650 u.
892 612 915 651 1.
935 601 996 653 704.

181 740 218 794 Μ.
242 736 370 794 CICERO
394 736 466 791 IMP.
491 736 518 791 S.
541 737 575 791 D.
601 736 632 802 Q.
654 735 809 790 THERMO
828 735 1031 792 PROPRAET.

94 855 325 922 1011111111
350 875 458 918 meum
485 873 563 938 erga
588 853 781 918 Rhodonem
813 857 981 939 ceteraque
1013 876 1086 920 mea

129 945 244 1028 studia,
267 965 347 1028 quae
370 942 431 1007 tibi
454 964 491 1007 11
513 943 578 1007 tuis
601 942 793 1026 praestiti
736 965 757 1027 1,
721 941 847 1025 ttibi,
869 941 995 1007 homini
1013 964 1084 1028 gra

128 1034 267 1135 11111111,
299 1035 393 1117 grata
425 1053 493 1096 esse
525 1031 732 1096 vehementer
768 993 906 1115 gaudeo,
942 1030 1085 1115 mihique

128 1123 245 1188 11111
236 1144 272 1186 11
299 1121 366 1185 dies
397 1120 512 1185 maiori
543 1141 637 1184 curae
665 1141 734 1184 esse
764 1118 956 1204 dignitatem
985 1123 1086 1205 tuam,

129 1233 210 1295 quae
234 1210 362 1293 quidem
385 1231 405 1272 a
426 1210 490 1272 te
481 1230 552 1291 rpso
575 1208 762 1293 integntate
784 1208 1086 1275 111111111111111

129 1300 175 1362 sic
202 1296 397 1380 amplificata
424 1300 486 1378 111,
519 1300 557 1359 ut
583 1296 665 1361 nihil
697 1295 771 1359 addi
799 1317 894 1379 posse
923 1295 1086 1380 uideatur3

93 1387 185 1452 need
216 1385 296 1451 mihi
327 1384 431 1468 magis
463 1384 630 1468 magisque
663 1383 805 1467 quotidie
837 1384 876 1448 de
902 1385 1085 1451 rationibus

128 1475 193 1539 tuis
226 1472 383 1557 cogitanti
409 1473 516 1555 placet
541 1471 621 1537 illud
648 1492 756 1536 meum
783 1472 968 1555 consilium,
998 1473 1086 1556 quod

128 1563 222 1627 initio
240 1560 387 1626 Aristoni
405 1563 528 1644 nostro,
547 1563 584 1623 ut
603 1560 643 1624 ad
661 1582 712 1624 me
730 1560 828 1644 venit,
851 1561 989 1645 ostendi,
1011 1581 1086 1646 gra·

128 1672 184 1715 ves
207 1654 239 1714 11
259 1653 482 1734 suscepturum
499 1648 693 1731 inimicitias,
716 1648 744 1712 si
762 1648 948 1713 adolescens
966 1653 1086 1732 potens

44 1754 49 1763 '
129 1743 162 1803 11
184 1738 301 1803 nobilis
329 1760 349 1801 a
375 1741 408 1801 11
434 1737 615 1822 ignominia
642 1736 774 1800 affectus
802 1740 894 1800 esset.
938 1736 985 1801 nt
1011 1737 1085 1803 her-

129 1829 198 1892 cule
222 1827 290 1892 sine
313 1826 410 1891 dubio
434 1825 496 1890 erit
521 1825 713 1910 ignominia;
741 1824 843 1888 habes
870 1825 957 1888 enim
983 1827 1086 1891 nemi·

128 1938 203 1981 nem
221 1916 355 1981 honoris
374 1911 484 2001 gradu'
494 1914 700 1998 superiorem,
722 1913 775 1977 ille
795 1916 912 1997 autem,
933 1917 971 1979 ut
989 1914 1085 1983 omit

128 2008 196 2069 tarn
231 2004 449 2088 nobilitatem,
483 2003 546 2068 hoc
577 2003 648 2086 ipso
685 2001 785 2066 vincit
822 2002 909 2066 viros
943 2002 1085 2085 optimos

127 2092 339 2175 hominesque
360 2092 658 2175 innocentissimos,
679 2091 807 2175 legatos
829 2092 918 2172 tuos,
940 2090 1027 2173 quod
1050 2094 1085 2155 et

130 2182 280 2263 quaestor
303 2182 353 2243 est
375 2182 408 2242 11
431 2183 582 2263 quaestor
603 2183 688 2242 tuus.
733 2177 858 2242 Nocere
880 2177 941 2241 tibi
963 2178 1085 2243 iratum

128 2268 290 2332 neminem
317 2287 413 2350 posse
440 2266 613 2351 perspicio,
644 2265 700 2330 sed
731 2269 841 2331 tamen
867 2268 933 2329 tres
964 2265 1085 2332 fratres

129 2377 255 2421 summo
285 2356 357 2419 loco
389 2357 498 2438 natos,
529 2356 711 2438 promptos,
746 2375 814 2418 non
845 2353 1018 2419 indisertus
1049 2357 1085 2419 te

128 2444 204 2508 nolo
234 2442 353 2507 habere
384 2443 500 2526 iratos,
530 2443 599 2506 iure
630 2442 833 2525 praesertim:
871 2463 952 2525 quos
988 2441 1084 2508 video

94 2543 109 2591 3
129 2531 278 2615 deinceps
301 2531 449 2597 tribunos
476 2531 519 2615 pl.
541 2552 599 2614 per
620 2530 796 2594 triennium
825 2530 909 2613 fore3
935 2533 1085 2613 tempora

128 2623 236 2685 autem
267 2619 487 2703 reipublicae
515 2619 623 2702 qualia
648 2618 759 2682 futura
786 2618 864 2702 sint,
895 2618 968 2702 quis
999 2618 1084 2685 ecit?

127 2708 207 2774 mihi
230 2707 359 2792 quidem
379 2707 567 2773 turbulenta
588 2705 738 2771 videntur
759 2706 838 2771 fore.
878 2703 943 2770 Cur
966 2726 1027 2790 ego
1049 2709 1084 2771 te

127 2795 224 2861 velim
254 2796 394 2861 incidere
425 2796 461 2858 in
491 2798 629 2860 terrores
660 2794 864 2878 tribunicios,
892 2794 1083 2878 praesertim

128 2905 227 2966 quum
250 2884 319 2947 sine
342 2883 540 2986 cuiusquam·
552 2883 801 2968 reprehensione
825 2883 1016 2984 quaestoriis
1038 2883 1084 2947 le-

128 2971 213 3057 gatie
232 2975 436 3055 quaestorem
453 2973 559 3064 possis
574 2971 755 3038 anteferre?
779 2971 834 3055 qui
853 2971 881 3037 si
898 2990 930 3037 11
947 2970 1084 3055 dignum

127 3059 303 3125 maioribus
335 3060 402 3124 suis
429 3055 625 3145 praebuerit,
656 3064 694 3125 ut
720 3080 815 3144 spero
843 3061 876 3123 11
902 3062 993 3142 opto,
1024 3061 1083 3125 tua

126 3149 198 3213 laus
230 3169 269 3212 ex
301 3149 408 3233 aliqua
438 3152 530 3232 parte
561 3148 672 3231 fuerit,
709 3149 760 3213 sin
791 3146 869 3231 quid
905 3145 1083 3229 offenderit,

128 3237 190 3301 sibi
212 3240 330 3339 totum,
352 3237 434 3300 nihil
456 3237 517 3301 tibi
540 3198 717 3302 offendeiit.
762 3235 851 3312 Quae
873 3235 953 3300 mihi
976 3234 1082 3298 venie-

127 3325 239 3388 bant
229 3347 265 3389 1n
286 3329 441 3410 mentem,
469 3346 550 3409 quae
578 3325 619 3388 ad
645 3328 678 3388 te
705 3324 866 3407 pertinere
894 3323 1083 3406 arbitrabar,

128 3412 245 3496 quod
236 3434 271 3476 1n
288 3375 441 3478 Ciliciam
454 3412 690 3498 proficiscebar,
713 3411 893 3477 existimavi
915 3431 967 3475 me
990 3408 1083 3474 adte

128 3503 275 3582 oportere
299 3502 450 3567 scribere:
477 3505 515 3566 tu
542 3500 628 3586 quod
651 3500 768 3587 egeris,
796 3499 830 3565 id
852 3499 949 3564 velim
972 3498 1005 3562 di
1027 3518 1083 3582 ap·
