<?xml version="1.0" encoding="UTF-8"?>
<!DOCTYPE html PUBLIC "-//W3C//DTD XHTML 1.0 Transitional//EN"
    "http://www.w3.org/TR/xhtml1/DTD/xhtml1-transitional.dtd">
<html xmlns="http://www.w3.org/1999/xhtml" xml:lang="en" lang="en">
 <head>
  <title>
</title>
<meta http-equiv="Content-Type" content="text/html;charset=utf-8" />
  <meta name='ocr-system' content='tesseract 3.04.00' />
  <meta name='ocr-capabilities' content='ocr_page ocr_carea ocr_par ocr_line ocrx_word'/>
</head>
<body>
  <div class='ocr_page' id='page_1' title='image "./epistolae00cicegoog_0585.png"; bbox 0 0 2370 3878; ppageno 0'>
   <div class='ocr_carea' id='block_1_1' title="bbox 157 153 832 221">
    <p class='ocr_par' dir='ltr' id='par_1_1' title="bbox 157 153 832 221">
     <span class='ocr_line' id='line_1_1' title="bbox 157 153 832 221; baseline -0.018 0"><span class='ocrx_word' id='word_1_1' title='bbox 157 154 222 221; x_wconf 77' lang='grc'>576</span> <span class='ocrx_word' id='word_1_2' title='bbox 442 154 479 209; x_wconf 85' lang='grc' dir='ltr'>Μ.</span> <span class='ocrx_word' id='word_1_3' title='bbox 500 154 622 209; x_wconf 79' lang='lat' dir='ltr'>TULLII</span> <span class='ocrx_word' id='word_1_4' title='bbox 642 153 832 210; x_wconf 82' lang='lat' dir='ltr'>CICERONIS</span> 
     </span>
    </p>
   </div>
   <div class='ocr_carea' id='block_1_2' title="bbox 131 299 1127 3102">
    <p class='ocr_par' dir='ltr' id='par_1_2' title="bbox 156 299 1127 562">
     <span class='ocr_line' id='line_1_2' title="bbox 158 299 1127 383; baseline 0.002 -17"><span class='ocrx_word' id='word_1_5' title='bbox 158 302 323 383; x_wconf 71' lang='lat' dir='ltr'>accidisse:</span> <span class='ocrx_word' id='word_1_6' title='bbox 355 299 530 364; x_wconf 84' lang='lat' dir='ltr'>exhaustus</span> <span class='ocrx_word' id='word_1_7' title='bbox 560 302 610 364; x_wconf 88' lang='lat' dir='ltr'>est</span> <span class='ocrx_word' id='word_1_8' title='bbox 642 301 728 364; x_wconf 90' lang='lat' dir='ltr'>enim</span> <span class='ocrx_word' id='word_1_9' title='bbox 756 322 859 364; x_wconf 90' lang='lat' dir='ltr'>sermo</span> <span class='ocrx_word' id='word_1_10' title='bbox 888 301 1067 368; x_wconf 90' lang='lat' dir='ltr'>hominum</span> <span class='ocrx_word' id='word_1_11' title='bbox 1096 308 1127 368; x_wconf 92' lang='lat' dir='ltr'>et</span> 
     </span>
     <span class='ocr_line' id='line_1_3' title="bbox 156 382 1125 471; baseline 0.001 -16"><span class='ocrx_word' id='word_1_12' title='bbox 156 392 278 456; x_wconf 91' lang='lat' dir='ltr'>multae</span> <span class='ocrx_word' id='word_1_13' title='bbox 302 388 436 453; x_wconf 88' lang='lat' dir='ltr'>emissae</span> <span class='ocrx_word' id='word_1_14' title='bbox 459 388 523 451; x_wconf 89' lang='lat' dir='ltr'>iam</span> <span class='ocrx_word' id='word_1_15' title='bbox 548 389 704 453; x_wconf 92' lang='lat' dir='ltr'>eiusmodi</span> <span class='ocrx_word' id='word_1_16' title='bbox 727 410 831 471; x_wconf 74' lang='lat' dir='ltr'>voceS,</span> <span class='ocrx_word' id='word_1_17' title='bbox 854 382 935 453; x_wconf 74' lang='grc' dir='ltr'>ἀλλ”</span> <span class='ocrx_word' id='word_1_18' title='bbox 956 393 1030 455; x_wconf 84' lang='grc' dir='ltr'><em>αἰεί</em></span> <span class='ocrx_word' id='word_1_19' title='bbox 1049 416 1125 456; x_wconf 78' lang='grc' dir='ltr'><strong><em>τινα</em></strong></span> 
     </span>
     <span class='ocr_line' id='line_1_4' title="bbox 157 475 1125 562; baseline 0.003 -20"><span class='ocrx_word' id='word_1_20' title='bbox 157 479 251 562; x_wconf 78' lang='grc' dir='ltr'><strong><em>φῶτα</em></strong></span> <span class='ocrx_word' id='word_1_21' title='bbox 275 475 392 560; x_wconf 79' lang='grc' dir='ltr'><em>μέγαν·</em></span> <span class='ocrx_word' id='word_1_22' title='bbox 426 497 507 559; x_wconf 89' lang='lat' dir='ltr'>quae</span> <span class='ocrx_word' id='word_1_23' title='bbox 530 480 562 540; x_wconf 88' lang='lat' dir='ltr'>te</span> <span class='ocrx_word' id='word_1_24' title='bbox 586 477 719 541; x_wconf 85' lang='lat' dir='ltr'>absente</span> <span class='ocrx_word' id='word_1_25' title='bbox 742 477 890 541; x_wconf 86' lang='lat' dir='ltr'>confecta</span> <span class='ocrx_word' id='word_1_26' title='bbox 914 499 985 543; x_wconf 87' lang='lat' dir='ltr'>esse</span> <span class='ocrx_word' id='word_1_27' title='bbox 1011 480 1125 545; x_wconf 91' lang='lat' dir='ltr'>laetor.</span> 
     </span>
    </p>

    <p class='ocr_par' dir='ltr' id='par_1_3' title="bbox 131 565 1124 1619">
     <span class='ocr_line' id='line_1_5' title="bbox 131 565 1124 649; baseline 0.01 -25"><span class='ocrx_word' id='word_1_28' title='bbox 131 566 251 642; x_wconf 73' lang='lat' dir='ltr'>:Quod</span> <span class='ocrx_word' id='word_1_29' title='bbox 279 571 386 630; x_wconf 86' lang='lat' dir='ltr'>autem</span> <span class='ocrx_word' id='word_1_30' title='bbox 413 565 531 631; x_wconf 88' lang='lat' dir='ltr'>idcireo</span> <span class='ocrx_word' id='word_1_31' title='bbox 565 570 639 629; x_wconf 89' lang='lat' dir='ltr'>ate</span> <span class='ocrx_word' id='word_1_32' title='bbox 672 566 788 629; x_wconf 90' lang='lat' dir='ltr'>missus</span> <span class='ocrx_word' id='word_1_33' title='bbox 816 572 878 649; x_wconf 87' lang='lat' dir='ltr'>est,</span> <span class='ocrx_word' id='word_1_34' title='bbox 910 567 994 631; x_wconf 91' lang='lat' dir='ltr'>mihi</span> <span class='ocrx_word' id='word_1_35' title='bbox 1024 572 1061 634; x_wconf 90' lang='lat' dir='ltr'>ut</span> <span class='ocrx_word' id='word_1_36' title='bbox 1090 591 1124 634; x_wconf 90' lang='lat' dir='ltr'>se</span> 
     </span>
     <span class='ocr_line' id='line_1_6' title="bbox 157 653 1122 739; baseline 0.003 -20"><span class='ocrx_word' id='word_1_37' title='bbox 157 657 325 739; x_wconf 83' lang='lat' dir='ltr'>purgaret,</span> <span class='ocrx_word' id='word_1_38' title='bbox 361 653 394 717; x_wconf 91' lang='lat' dir='ltr'>id</span> <span class='ocrx_word' id='word_1_39' title='bbox 426 675 555 717; x_wconf 87' lang='lat' dir='ltr'>neeesse</span> <span class='ocrx_word' id='word_1_40' title='bbox 588 653 718 717; x_wconf 89' lang='lat' dir='ltr'>minime</span> <span class='ocrx_word' id='word_1_41' title='bbox 750 654 825 736; x_wconf 82' lang='lat' dir='ltr'>fuit3</span> <span class='ocrx_word' id='word_1_42' title='bbox 857 654 1001 737; x_wconf 90' lang='lat' dir='ltr'>primum</span> <span class='ocrx_word' id='word_1_43' title='bbox 1036 658 1122 721; x_wconf 90' lang='lat' dir='ltr'>enim</span> 
     </span>
     <span class='ocr_line' id='line_1_7' title="bbox 157 741 1122 829; baseline 0.004 -23"><span class='ocrx_word' id='word_1_44' title='bbox 157 764 334 825; x_wconf 85' lang='lat' dir='ltr'>numquam</span> <span class='ocrx_word' id='word_1_45' title='bbox 356 743 410 806; x_wconf 92' lang='lat' dir='ltr'>ille</span> <span class='ocrx_word' id='word_1_46' title='bbox 433 741 513 805; x_wconf 91' lang='lat' dir='ltr'>mihi</span> <span class='ocrx_word' id='word_1_47' title='bbox 535 741 598 805; x_wconf 86' lang='lat' dir='ltr'>fuit</span> <span class='ocrx_word' id='word_1_48' title='bbox 621 746 797 825; x_wconf 81' lang='lat' dir='ltr'>suspectus,</span> <span class='ocrx_word' id='word_1_49' title='bbox 820 763 925 825; x_wconf 89' lang='lat' dir='ltr'>neque</span> <span class='ocrx_word' id='word_1_50' title='bbox 942 764 1016 829; x_wconf 85' lang='lat' dir='ltr'>ego,</span> <span class='ocrx_word' id='word_1_51' title='bbox 1040 767 1122 828; x_wconf 90' lang='lat' dir='ltr'>quae</span> 
     </span>
     <span class='ocr_line' id='line_1_8' title="bbox 158 830 1122 917; baseline 0.004 -23"><span class='ocrx_word' id='word_1_52' title='bbox 158 832 198 894; x_wconf 90' lang='lat' dir='ltr'>ad</span> <span class='ocrx_word' id='word_1_53' title='bbox 221 835 253 895; x_wconf 85' lang='lat' dir='ltr'>te</span> <span class='ocrx_word' id='word_1_54' title='bbox 277 831 316 894; x_wconf 92' lang='lat' dir='ltr'>de</span> <span class='ocrx_word' id='word_1_55' title='bbox 335 831 391 895; x_wconf 93' lang='lat' dir='ltr'>illo</span> <span class='ocrx_word' id='word_1_56' title='bbox 411 830 533 914; x_wconf 85' lang='lat' dir='ltr'>scripsi,</span> <span class='ocrx_word' id='word_1_57' title='bbox 557 830 669 913; x_wconf 84' lang='lat' dir='ltr'>scripsi</span> <span class='ocrx_word' id='word_1_58' title='bbox 692 830 909 914; x_wconf 90' lang='lat' dir='ltr'>meoiudicio,</span> <span class='ocrx_word' id='word_1_59' title='bbox 934 832 1002 916; x_wconf 89' lang='lat' dir='ltr'>sed,</span> <span class='ocrx_word' id='word_1_60' title='bbox 1021 855 1122 917; x_wconf 93' lang='lat' dir='ltr'>quum</span> 
     </span>
     <span class='ocr_line' id='line_1_9' title="bbox 157 919 1122 1005; baseline 0.004 -23"><span class='ocrx_word' id='word_1_61' title='bbox 157 920 240 984; x_wconf 92' lang='lat' dir='ltr'>ratio</span> <span class='ocrx_word' id='word_1_62' title='bbox 265 921 414 1003; x_wconf 85' lang='lat' dir='ltr'>salusque</span> <span class='ocrx_word' id='word_1_63' title='bbox 437 919 580 984; x_wconf 90' lang='lat' dir='ltr'>omnium</span> <span class='ocrx_word' id='word_1_64' title='bbox 600 922 756 1001; x_wconf 90' lang='lat' dir='ltr'>nostrum,</span> <span class='ocrx_word' id='word_1_65' title='bbox 780 919 834 1000; x_wconf 93' lang='lat' dir='ltr'>qui</span> <span class='ocrx_word' id='word_1_66' title='bbox 858 920 991 984; x_wconf 89' lang='lat' dir='ltr'>adrem</span> <span class='ocrx_word' id='word_1_67' title='bbox 1015 922 1122 1005; x_wconf 92' lang='lat' dir='ltr'>publi-</span> 
     </span>
     <span class='ocr_line' id='line_1_10' title="bbox 158 1006 1122 1090; baseline 0.003 -19"><span class='ocrx_word' id='word_1_68' title='bbox 158 1030 228 1072; x_wconf 86' lang='lat' dir='ltr'>cam</span> <span class='ocrx_word' id='word_1_69' title='bbox 247 1009 435 1089; x_wconf 81' lang='lat' dir='ltr'>accedimus,</span> <span class='ocrx_word' id='word_1_70' title='bbox 459 1029 524 1071; x_wconf 90' lang='lat' dir='ltr'>non</span> <span class='ocrx_word' id='word_1_71' title='bbox 545 1007 678 1070; x_wconf 85' lang='lat' dir='ltr'>veritate</span> <span class='ocrx_word' id='word_1_72' title='bbox 698 1007 812 1090; x_wconf 84' lang='lat' dir='ltr'>solum,</span> <span class='ocrx_word' id='word_1_73' title='bbox 834 1006 1009 1072; x_wconf 88' lang='lat' dir='ltr'>sedetiam</span> <span class='ocrx_word' id='word_1_74' title='bbox 1033 1010 1122 1074; x_wconf 88' lang='lat' dir='ltr'>fama</span> 
     </span>
     <span class='ocr_line' id='line_1_11' title="bbox 157 1095 1121 1179; baseline 0.003 -20"><span class='ocrx_word' id='word_1_75' title='bbox 157 1097 323 1179; x_wconf 76' lang='lat' dir='ltr'>niteretur,</span> <span class='ocrx_word' id='word_1_76' title='bbox 346 1116 509 1160; x_wconf 85' lang='lat' dir='ltr'>sermones</span> <span class='ocrx_word' id='word_1_77' title='bbox 533 1095 572 1158; x_wconf 87' lang='lat' dir='ltr'>ad</span> <span class='ocrx_word' id='word_1_78' title='bbox 592 1098 624 1159; x_wconf 92' lang='lat' dir='ltr'>te</span> <span class='ocrx_word' id='word_1_79' title='bbox 644 1095 780 1159; x_wconf 91' lang='lat' dir='ltr'>aliorum</span> <span class='ocrx_word' id='word_1_80' title='bbox 799 1115 933 1178; x_wconf 86' lang='lat' dir='ltr'>semper,</span> <span class='ocrx_word' id='word_1_81' title='bbox 956 1118 1026 1161; x_wconf 91' lang='lat' dir='ltr'>non</span> <span class='ocrx_word' id='word_1_82' title='bbox 1048 1120 1121 1162; x_wconf 88' lang='lat' dir='ltr'>mea</span> 
     </span>
     <span class='ocr_line' id='line_1_12' title="bbox 157 1183 1120 1269; baseline 0.002 -21"><span class='ocrx_word' id='word_1_83' title='bbox 157 1185 274 1250; x_wconf 88' lang='lat' dir='ltr'>iudicia</span> <span class='ocrx_word' id='word_1_84' title='bbox 297 1184 483 1269; x_wconf 85' lang='lat' dir='ltr'>perscripsi:</span> <span class='ocrx_word' id='word_1_85' title='bbox 508 1183 562 1266; x_wconf 94' lang='lat' dir='ltr'>qui</span> <span class='ocrx_word' id='word_1_86' title='bbox 586 1183 713 1265; x_wconf 89' lang='lat' dir='ltr'>quidem</span> <span class='ocrx_word' id='word_1_87' title='bbox 737 1205 833 1266; x_wconf 89' lang='lat' dir='ltr'>quam</span> <span class='ocrx_word' id='word_1_88' title='bbox 860 1183 1048 1267; x_wconf 84' lang='lat' dir='ltr'>frequentes</span> <span class='ocrx_word' id='word_1_89' title='bbox 1073 1208 1120 1250; x_wconf 92' lang='lat' dir='ltr'>es-</span> 
     </span>
     <span class='ocr_line' id='line_1_13' title="bbox 158 1269 1120 1357; baseline 0.002 -20"><span class='ocrx_word' id='word_1_90' title='bbox 158 1279 231 1338; x_wconf 90' lang='lat' dir='ltr'>sent</span> <span class='ocrx_word' id='word_1_91' title='bbox 254 1280 286 1339; x_wconf 93' lang='lat' dir='ltr'>et</span> <span class='ocrx_word' id='word_1_92' title='bbox 309 1295 405 1357; x_wconf 90' lang='lat' dir='ltr'>quam</span> <span class='ocrx_word' id='word_1_93' title='bbox 429 1293 557 1357; x_wconf 77' lang='lat' dir='ltr'>graveS,</span> <span class='ocrx_word' id='word_1_94' title='bbox 580 1271 719 1335; x_wconf 84' lang='lat' dir='ltr'>adventu</span> <span class='ocrx_word' id='word_1_95' title='bbox 744 1286 802 1336; x_wconf 86' lang='lat' dir='ltr'>su&#39;o</span> <span class='ocrx_word' id='word_1_96' title='bbox 827 1269 948 1337; x_wconf 78' lang='lat' dir='ltr'>Statius</span> <span class='ocrx_word' id='word_1_97' title='bbox 971 1273 1044 1357; x_wconf 88' lang='lat' dir='ltr'>ipse</span> <span class='ocrx_word' id='word_1_98' title='bbox 1068 1295 1120 1339; x_wconf 92' lang='lat' dir='ltr'>co·</span> 
     </span>
     <span class='ocr_line' id='line_1_14' title="bbox 158 1359 1120 1446; baseline 0 -20"><span class='ocrx_word' id='word_1_99' title='bbox 158 1364 284 1446; x_wconf 73' lang='lat' dir='ltr'>gnovit,</span> <span class='ocrx_word' id='word_1_100' title='bbox 303 1362 422 1425; x_wconf 89' lang='lat' dir='ltr'>etenim</span> <span class='ocrx_word' id='word_1_101' title='bbox 437 1360 611 1424; x_wconf 86' lang='lat' dir='ltr'>intervenit</span> <span class='ocrx_word' id='word_1_102' title='bbox 624 1359 852 1424; x_wconf 87' lang='lat' dir='ltr'>nonnullorum</span> <span class='ocrx_word' id='word_1_103' title='bbox 868 1361 1018 1445; x_wconf 88' lang='lat' dir='ltr'>querelis,</span> <span class='ocrx_word' id='word_1_104' title='bbox 1037 1384 1120 1445; x_wconf 89' lang='lat' dir='ltr'>quae</span> 
     </span>
     <span class='ocr_line' id='line_1_15' title="bbox 159 1448 1121 1534; baseline 0.002 -21"><span class='ocrx_word' id='word_1_105' title='bbox 159 1450 244 1533; x_wconf 87' lang='lat' dir='ltr'>apud</span> <span class='ocrx_word' id='word_1_106' title='bbox 267 1471 317 1513; x_wconf 90' lang='lat' dir='ltr'>me</span> <span class='ocrx_word' id='word_1_107' title='bbox 341 1450 380 1513; x_wconf 91' lang='lat' dir='ltr'>de</span> <span class='ocrx_word' id='word_1_108' title='bbox 402 1449 458 1512; x_wconf 91' lang='lat' dir='ltr'>illo</span> <span class='ocrx_word' id='word_1_109' title='bbox 482 1450 552 1531; x_wconf 90' lang='lat' dir='ltr'>ipso</span> <span class='ocrx_word' id='word_1_110' title='bbox 576 1448 788 1529; x_wconf 89' lang='lat' dir='ltr'>habebantur,</span> <span class='ocrx_word' id='word_1_111' title='bbox 812 1452 844 1511; x_wconf 89' lang='lat' dir='ltr'>et</span> <span class='ocrx_word' id='word_1_112' title='bbox 867 1448 986 1512; x_wconf 90' lang='lat' dir='ltr'>sentire</span> <span class='ocrx_word' id='word_1_113' title='bbox 1011 1451 1121 1534; x_wconf 84' lang='lat' dir='ltr'>p‘otuit</span> 
     </span>
     <span class='ocr_line' id='line_1_16' title="bbox 159 1536 1120 1619; baseline 0.003 -19"><span class='ocrx_word' id='word_1_114' title='bbox 159 1558 322 1601; x_wconf 86' lang='lat' dir='ltr'>sermones</span> <span class='ocrx_word' id='word_1_115' title='bbox 355 1537 539 1619; x_wconf 89' lang='lat' dir='ltr'>iniquorum</span> <span class='ocrx_word' id='word_1_116' title='bbox 571 1537 606 1599; x_wconf 91' lang='lat' dir='ltr'>in</span> <span class='ocrx_word' id='word_1_117' title='bbox 638 1558 731 1600; x_wconf 89' lang='lat' dir='ltr'>suum</span> <span class='ocrx_word' id='word_1_118' title='bbox 762 1536 966 1619; x_wconf 89' lang='lat' dir='ltr'>potissimum</span> <span class='ocrx_word' id='word_1_119' title='bbox 997 1560 1120 1603; x_wconf 87' lang='lat' dir='ltr'>nomen</span> 
     </span>
    </p>

    <p class='ocr_par' dir='ltr' id='par_1_4' title="bbox 131 1623 1119 3102">
     <span class='ocr_line' id='line_1_17' title="bbox 131 1623 1119 1708; baseline 0.001 -19"><span class='ocrx_word' id='word_1_120' title='bbox 131 1646 333 1708; x_wconf 78' lang='lat' dir='ltr'>:erumpere</span> <span class='ocrx_word' id='word_1_121' title='bbox 380 1623 471 1699; x_wconf 84' lang='lat' dir='ltr'>Quod</span> <span class='ocrx_word' id='word_1_122' title='bbox 499 1628 607 1688; x_wconf 88' lang='lat' dir='ltr'>autem</span> <span class='ocrx_word' id='word_1_123' title='bbox 635 1646 685 1687; x_wconf 91' lang='lat' dir='ltr'>me</span> <span class='ocrx_word' id='word_1_124' title='bbox 713 1625 850 1688; x_wconf 82' lang='lat' dir='ltr'>maxime</span> <span class='ocrx_word' id='word_1_125' title='bbox 878 1645 1008 1690; x_wconf 91' lang='lat' dir='ltr'>movere</span> <span class='ocrx_word' id='word_1_126' title='bbox 1038 1627 1119 1691; x_wconf 88' lang='lat' dir='ltr'>sole·</span> 
     </span>
     <span class='ocr_line' id='line_1_18' title="bbox 158 1712 1119 1799; baseline 0.003 -22"><span class='ocrx_word' id='word_1_127' title='bbox 158 1714 224 1798; x_wconf 85' lang='lat' dir='ltr'>bat,</span> <span class='ocrx_word' id='word_1_128' title='bbox 242 1735 341 1797; x_wconf 92' lang='lat' dir='ltr'>quum</span> <span class='ocrx_word' id='word_1_129' title='bbox 360 1712 528 1777; x_wconf 87' lang='lat' dir='ltr'>audiebam</span> <span class='ocrx_word' id='word_1_130' title='bbox 542 1713 633 1776; x_wconf 93' lang='lat' dir='ltr'>illum</span> <span class='ocrx_word' id='word_1_131' title='bbox 648 1713 720 1795; x_wconf 91' lang='lat' dir='ltr'>plus</span> <span class='ocrx_word' id='word_1_132' title='bbox 740 1712 825 1796; x_wconf 89' lang='lat' dir='ltr'>apud</span> <span class='ocrx_word' id='word_1_133' title='bbox 843 1715 875 1776; x_wconf 87' lang='lat' dir='ltr'>te</span> <span class='ocrx_word' id='word_1_134' title='bbox 895 1734 1001 1796; x_wconf 88' lang='lat' dir='ltr'>posse,</span> <span class='ocrx_word' id='word_1_135' title='bbox 1021 1737 1119 1799; x_wconf 91' lang='lat' dir='ltr'>quam</span> 
     </span>
     <span class='ocr_line' id='line_1_19' title="bbox 158 1799 1118 1887; baseline 0.001 -21"><span class='ocrx_word' id='word_1_136' title='bbox 158 1803 301 1887; x_wconf 85' lang='lat' dir='ltr'>gravitas</span> <span class='ocrx_word' id='word_1_137' title='bbox 334 1803 426 1867; x_wconf 88' lang='lat' dir='ltr'>istius</span> <span class='ocrx_word' id='word_1_138' title='bbox 455 1800 582 1882; x_wconf 87' lang='lat' dir='ltr'>aetatis,</span> <span class='ocrx_word' id='word_1_139' title='bbox 615 1801 754 1884; x_wconf 89' lang='lat' dir='ltr'>imperii,</span> <span class='ocrx_word' id='word_1_140' title='bbox 783 1799 973 1883; x_wconf 82' lang='lat' dir='ltr'>prudentiae</span> <span class='ocrx_word' id='word_1_141' title='bbox 1006 1807 1118 1885; x_wconf 90' lang='lat' dir='ltr'>postu-</span> 
     </span>
     <span class='ocr_line' id='line_1_20' title="bbox 157 1889 1118 1976; baseline 0 -21"><span class='ocrx_word' id='word_1_142' title='bbox 157 1891 241 1955; x_wconf 85' lang='lat' dir='ltr'>laret</span> <span class='ocrx_word' id='word_1_143' title='bbox 263 1929 306 1937; x_wconf 91' lang='lat'>—</span> <span class='ocrx_word' id='word_1_144' title='bbox 330 1913 427 1976; x_wconf 90' lang='lat' dir='ltr'>quam</span> <span class='ocrx_word' id='word_1_145' title='bbox 456 1891 574 1953; x_wconf 89' lang='lat' dir='ltr'>multos</span> <span class='ocrx_word' id='word_1_146' title='bbox 603 1889 689 1952; x_wconf 91' lang='lat' dir='ltr'>enim</span> <span class='ocrx_word' id='word_1_147' title='bbox 721 1909 845 1953; x_wconf 90' lang='lat' dir='ltr'>meeum</span> <span class='ocrx_word' id='word_1_148' title='bbox 875 1890 979 1974; x_wconf 84' lang='lat' dir='ltr'>egisse</span> <span class='ocrx_word' id='word_1_149' title='bbox 1012 1894 1118 1974; x_wconf 88' lang='lat' dir='ltr'>putas,</span> 
     </span>
     <span class='ocr_line' id='line_1_21' title="bbox 157 1976 1119 2060; baseline 0 -16"><span class='ocrx_word' id='word_1_150' title='bbox 157 1983 195 2044; x_wconf 93' lang='lat' dir='ltr'>ut</span> <span class='ocrx_word' id='word_1_151' title='bbox 228 2002 261 2043; x_wconf 90' lang='lat' dir='ltr'>se</span> <span class='ocrx_word' id='word_1_152' title='bbox 293 1978 397 2043; x_wconf 80' lang='lat' dir='ltr'>Statio</span> <span class='ocrx_word' id='word_1_153' title='bbox 430 1976 709 2042; x_wconf 74' lang='lat' dir='ltr'>commendarem?</span> <span class='ocrx_word' id='word_1_154' title='bbox 746 1999 842 2060; x_wconf 88' lang='lat' dir='ltr'>quam</span> <span class='ocrx_word' id='word_1_155' title='bbox 874 1978 976 2041; x_wconf 89' lang='lat' dir='ltr'>multa</span> <span class='ocrx_word' id='word_1_156' title='bbox 1009 1983 1119 2044; x_wconf 87' lang='lat' dir='ltr'>autem</span> 
     </span>
     <span class='ocr_line' id='line_1_22' title="bbox 157 2061 1117 2152; baseline 0 -22"><span class='ocrx_word' id='word_1_157' title='bbox 157 2069 264 2152; x_wconf 89' lang='lat' dir='ltr'>ipsum</span> <span class='ocrx_word' id='word_1_158' title='bbox 293 2061 449 2150; x_wconf 78' lang='grc' dir='ltr'><em>ἀσφαλῶς</em></span> <span class='ocrx_word' id='word_1_159' title='bbox 481 2087 605 2130; x_wconf 90' lang='lat' dir='ltr'>mecum</span> <span class='ocrx_word' id='word_1_160' title='bbox 636 2066 671 2129; x_wconf 89' lang='lat' dir='ltr'>in</span> <span class='ocrx_word' id='word_1_161' title='bbox 704 2086 849 2129; x_wconf 89' lang='lat' dir='ltr'>sermone</span> <span class='ocrx_word' id='word_1_162' title='bbox 881 2066 928 2129; x_wconf 89' lang='lat' dir='ltr'>ita</span> <span class='ocrx_word' id='word_1_163' title='bbox 955 2067 1117 2150; x_wconf 87' lang='lat' dir='ltr'>posuisse:</span> 
     </span>
     <span class='ocr_line' id='line_1_23' title="bbox 157 2153 1117 2239; baseline 0.001 -19"><span class='ocrx_word' id='word_1_164' title='bbox 157 2156 209 2239; x_wconf 87' lang='lat' dir='ltr'>„id</span> <span class='ocrx_word' id='word_1_165' title='bbox 231 2155 311 2219; x_wconf 90' lang='lat' dir='ltr'>mihi</span> <span class='ocrx_word' id='word_1_166' title='bbox 334 2177 402 2220; x_wconf 88' lang='lat' dir='ltr'>non</span> <span class='ocrx_word' id='word_1_167' title='bbox 424 2154 557 2239; x_wconf 71' lang='lat' dir='ltr'>placuit,</span> <span class='ocrx_word' id='word_1_168' title='bbox 581 2154 701 2237; x_wconf 90' lang='lat' dir='ltr'>monui,</span> <span class='ocrx_word' id='word_1_169' title='bbox 724 2154 819 2236; x_wconf 88' lang='lat' dir='ltr'>suasi,</span> <span class='ocrx_word' id='word_1_170' title='bbox 842 2153 1025 2218; x_wconf 75' lang='lat' dir='ltr'>deterrui‘?</span> <span class='ocrx_word' id='word_1_171' title='bbox 1049 2156 1117 2239; x_wconf 87' lang='lat' dir='ltr'>qui-</span> 
     </span>
     <span class='ocr_line' id='line_1_24' title="bbox 157 2242 1117 2326; baseline 0.002 -20"><span class='ocrx_word' id='word_1_172' title='bbox 157 2245 219 2308; x_wconf 90' lang='lat' dir='ltr'>bus</span> <span class='ocrx_word' id='word_1_173' title='bbox 238 2245 272 2306; x_wconf 90' lang='lat' dir='ltr'>in</span> <span class='ocrx_word' id='word_1_174' title='bbox 290 2245 385 2307; x_wconf 89' lang='lat' dir='ltr'>rebus</span> <span class='ocrx_word' id='word_1_175' title='bbox 405 2243 531 2306; x_wconf 89' lang='lat' dir='ltr'>etiamsi</span> <span class='ocrx_word' id='word_1_176' title='bbox 549 2242 687 2306; x_wconf 87' lang='lat' dir='ltr'>fidelitas</span> <span class='ocrx_word' id='word_1_177' title='bbox 707 2263 832 2306; x_wconf 91' lang='lat' dir='ltr'>summa</span> <span class='ocrx_word' id='word_1_178' title='bbox 846 2246 903 2324; x_wconf 87' lang='lat' dir='ltr'>cst,</span> <span class='ocrx_word' id='word_1_179' title='bbox 922 2242 1008 2324; x_wconf 90' lang='lat' dir='ltr'>quod</span> <span class='ocrx_word' id='word_1_180' title='bbox 1026 2265 1117 2326; x_wconf 91' lang='lat' dir='ltr'>pror·</span> 
     </span>
     <span class='ocr_line' id='line_1_25' title="bbox 159 2330 1117 2415; baseline 0.002 -22"><span class='ocrx_word' id='word_1_181' title='bbox 159 2353 213 2394; x_wconf 88' lang='lat' dir='ltr'>sus</span> <span class='ocrx_word' id='word_1_182' title='bbox 237 2331 345 2414; x_wconf 87' lang='lat' dir='ltr'>credo,</span> <span class='ocrx_word' id='word_1_183' title='bbox 368 2333 521 2414; x_wconf 89' lang='lat' dir='ltr'>quoniam</span> <span class='ocrx_word' id='word_1_184' title='bbox 552 2335 589 2395; x_wconf 91' lang='lat' dir='ltr'>tu</span> <span class='ocrx_word' id='word_1_185' title='bbox 620 2332 667 2394; x_wconf 90' lang='lat' dir='ltr'>ita</span> <span class='ocrx_word' id='word_1_186' title='bbox 693 2330 829 2413; x_wconf 86' lang='lat' dir='ltr'>iudicas,</span> <span class='ocrx_word' id='word_1_187' title='bbox 856 2334 966 2394; x_wconf 89' lang='lat' dir='ltr'>tamen</span> <span class='ocrx_word' id='word_1_188' title='bbox 993 2332 1117 2415; x_wconf 88' lang='lat' dir='ltr'>speeies</span> 
     </span>
     <span class='ocr_line' id='line_1_26' title="bbox 158 2417 1118 2503; baseline 0.002 -21"><span class='ocrx_word' id='word_1_189' title='bbox 158 2420 229 2502; x_wconf 88' lang='lat' dir='ltr'>ipsa</span> <span class='ocrx_word' id='word_1_190' title='bbox 257 2423 325 2482; x_wconf 90' lang='lat' dir='ltr'>tam</span> <span class='ocrx_word' id='word_1_191' title='bbox 352 2420 486 2502; x_wconf 82' lang='lat' dir='ltr'>gratiosi</span> <span class='ocrx_word' id='word_1_192' title='bbox 513 2419 620 2483; x_wconf 90' lang='lat' dir='ltr'>liberti</span> <span class='ocrx_word' id='word_1_193' title='bbox 648 2422 705 2482; x_wconf 89' lang='lat' dir='ltr'>aut</span> <span class='ocrx_word' id='word_1_194' title='bbox 731 2419 814 2482; x_wconf 87' lang='lat' dir='ltr'>servi</span> <span class='ocrx_word' id='word_1_195' title='bbox 844 2417 1038 2503; x_wconf 83' lang='lat' dir='ltr'>dignitatem</span> <span class='ocrx_word' id='word_1_196' title='bbox 1059 2419 1118 2484; x_wconf 89' lang='lat' dir='ltr'>ha-</span> 
     </span>
     <span class='ocr_line' id='line_1_27' title="bbox 157 2504 1116 2589; baseline 0.001 -18"><span class='ocrx_word' id='word_1_197' title='bbox 157 2507 234 2573; x_wconf 90' lang='lat' dir='ltr'>bere</span> <span class='ocrx_word' id='word_1_198' title='bbox 262 2507 384 2571; x_wconf 89' lang='lat' dir='ltr'>nullam</span> <span class='ocrx_word' id='word_1_199' title='bbox 412 2510 520 2589; x_wconf 89' lang='lat' dir='ltr'>potest</span> <span class='ocrx_word' id='word_1_200' title='bbox 543 2544 593 2570; x_wconf 81' lang='lat'>—.</span> <span class='ocrx_word' id='word_1_201' title='bbox 630 2504 738 2589; x_wconf 82' lang='lat' dir='ltr'>Atque</span> <span class='ocrx_word' id='word_1_202' title='bbox 765 2506 827 2570; x_wconf 90' lang='lat' dir='ltr'>hoe</span> <span class='ocrx_word' id='word_1_203' title='bbox 855 2507 900 2571; x_wconf 88' lang='lat' dir='ltr'>sie</span> <span class='ocrx_word' id='word_1_204' title='bbox 929 2506 1116 2572; x_wconf 85' lang='lat' dir='ltr'>habeto-</span> 
     </span>
     <span class='ocr_line' id='line_1_28' title="bbox 158 2594 1117 2661; baseline -0.001 -2"><span class='ocrx_word' id='word_1_205' title='bbox 158 2596 240 2661; x_wconf 90' lang='lat' dir='ltr'>nihil</span> <span class='ocrx_word' id='word_1_206' title='bbox 273 2597 358 2660; x_wconf 90' lang='lat' dir='ltr'>enim</span> <span class='ocrx_word' id='word_1_207' title='bbox 391 2616 450 2658; x_wconf 91' lang='lat' dir='ltr'>nec</span> <span class='ocrx_word' id='word_1_208' title='bbox 481 2597 600 2658; x_wconf 89' lang='lat' dir='ltr'>temere</span> <span class='ocrx_word' id='word_1_209' title='bbox 628 2594 731 2658; x_wconf 88' lang='lat' dir='ltr'>dicere</span> <span class='ocrx_word' id='word_1_210' title='bbox 758 2615 818 2658; x_wconf 89' lang='lat' dir='ltr'>nec</span> <span class='ocrx_word' id='word_1_211' title='bbox 846 2597 952 2659; x_wconf 89' lang='lat' dir='ltr'>astute</span> <span class='ocrx_word' id='word_1_212' title='bbox 983 2595 1117 2660; x_wconf 87' lang='lat' dir='ltr'>reticere</span> 
     </span>
     <span class='ocr_line' id='line_1_29' title="bbox 158 2682 1118 2769; baseline 0 -22"><span class='ocrx_word' id='word_1_213' title='bbox 158 2685 259 2753; x_wconf 91' lang='lat' dir='ltr'>debeo</span> <span class='ocrx_word' id='word_1_214' title='bbox 284 2721 339 2766; x_wconf 87' lang='lat'>-,</span> <span class='ocrx_word' id='word_1_215' title='bbox 366 2682 534 2747; x_wconf 90' lang='lat' dir='ltr'>materiam</span> <span class='ocrx_word' id='word_1_216' title='bbox 562 2703 689 2746; x_wconf 90' lang='lat' dir='ltr'>omnem</span> <span class='ocrx_word' id='word_1_217' title='bbox 714 2704 895 2747; x_wconf 89' lang='lat' dir='ltr'>sermonem</span> <span class='ocrx_word' id='word_1_218' title='bbox 918 2703 1038 2766; x_wconf 87' lang='lat' dir='ltr'>eorum,</span> <span class='ocrx_word' id='word_1_219' title='bbox 1062 2684 1118 2769; x_wconf 90' lang='lat' dir='ltr'>qui</span> 
     </span>
     <span class='ocr_line' id='line_1_30' title="bbox 159 2768 1117 2853; baseline -0.002 -17"><span class='ocrx_word' id='word_1_220' title='bbox 159 2773 197 2835; x_wconf 91' lang='lat' dir='ltr'>de</span> <span class='ocrx_word' id='word_1_221' title='bbox 220 2777 253 2836; x_wconf 91' lang='lat' dir='ltr'>te</span> <span class='ocrx_word' id='word_1_222' title='bbox 275 2772 441 2835; x_wconf 87' lang='lat' dir='ltr'>detrahere</span> <span class='ocrx_word' id='word_1_223' title='bbox 459 2771 587 2853; x_wconf 84' lang='lat' dir='ltr'>vellent,</span> <span class='ocrx_word' id='word_1_224' title='bbox 610 2768 749 2834; x_wconf 79' lang='lat' dir='ltr'>Statium</span> <span class='ocrx_word' id='word_1_225' title='bbox 769 2771 906 2837; x_wconf 88' lang='lat' dir='ltr'>dedisse:</span> <span class='ocrx_word' id='word_1_226' title='bbox 930 2775 1026 2835; x_wconf 92' lang='lat' dir='ltr'>antea</span> <span class='ocrx_word' id='word_1_227' title='bbox 1045 2774 1117 2835; x_wconf 91' lang='lat' dir='ltr'>tan-</span> 
     </span>
     <span class='ocr_line' id='line_1_31' title="bbox 158 2859 1118 2943; baseline 0.001 -20"><span class='ocrx_word' id='word_1_228' title='bbox 158 2863 229 2923; x_wconf 89' lang='lat' dir='ltr'>tum</span> <span class='ocrx_word' id='word_1_229' title='bbox 260 2859 398 2943; x_wconf 82' lang='lat' dir='ltr'>intelligi</span> <span class='ocrx_word' id='word_1_230' title='bbox 429 2859 573 2942; x_wconf 89' lang='lat' dir='ltr'>potuisse</span> <span class='ocrx_word' id='word_1_231' title='bbox 605 2859 705 2923; x_wconf 87' lang='lat' dir='ltr'>iratos</span> <span class='ocrx_word' id='word_1_232' title='bbox 741 2863 816 2923; x_wconf 85' lang='lat' dir='ltr'>tuae</span> <span class='ocrx_word' id='word_1_233' title='bbox 851 2859 1013 2926; x_wconf 82' lang='lat' dir='ltr'>severitati</span> <span class='ocrx_word' id='word_1_234' title='bbox 1047 2881 1118 2924; x_wconf 88' lang='lat' dir='ltr'>esse</span> 
     </span>
     <span class='ocr_line' id='line_1_32' title="bbox 158 2946 1119 3031; baseline -0.001 -20"><span class='ocrx_word' id='word_1_235' title='bbox 158 2948 343 3029; x_wconf 91' lang='lat' dir='ltr'>nonnullos,</span> <span class='ocrx_word' id='word_1_236' title='bbox 365 2946 427 3011; x_wconf 91' lang='lat' dir='ltr'>hoc</span> <span class='ocrx_word' id='word_1_237' title='bbox 450 2947 647 3011; x_wconf 89' lang='lat' dir='ltr'>manumisso</span> <span class='ocrx_word' id='word_1_238' title='bbox 671 2947 771 3030; x_wconf 74' lang='lat' dir='ltr'>iratiS,</span> <span class='ocrx_word' id='word_1_239' title='bbox 794 2947 880 3029; x_wconf 89' lang='lat' dir='ltr'>quod</span> <span class='ocrx_word' id='word_1_240' title='bbox 900 2948 1119 3031; x_wconf 83' lang='lat' dir='ltr'>loquerentur,</span> 
     </span>
     <span class='ocr_line' id='line_1_33' title="bbox 159 3035 398 3102; baseline -0.008 -2"><span class='ocrx_word' id='word_1_241' title='bbox 159 3058 226 3102; x_wconf 88' lang='lat' dir='ltr'>non</span> <span class='ocrx_word' id='word_1_242' title='bbox 250 3035 398 3100; x_wconf 88' lang='lat' dir='ltr'>defuisse.</span> 
     </span>
    </p>
   </div>
   <div class='ocr_carea' id='block_1_3' title="bbox 155 3208 1120 3560">
    <p class='ocr_par' dir='ltr' id='par_1_5' title="bbox 229 3208 1119 3279">
     <span class='ocr_line' id='line_1_34' title="bbox 229 3208 1119 3279; baseline 0 -16"><span class='ocrx_word' id='word_1_243' title='bbox 229 3211 281 3279; x_wconf 89' lang='lat' dir='ltr'>Ep.</span> <span class='ocrx_word' id='word_1_244' title='bbox 297 3216 322 3276; x_wconf 79' lang='lat'>2,</span> <span class='ocrx_word' id='word_1_245' title='bbox 337 3215 361 3263; x_wconf 86' lang='lat'>3.</span> <span class='ocrx_word' id='word_1_246' title='bbox 385 3210 491 3273; x_wconf 79' lang='lat' dir='ltr'>aetatis,</span> <span class='ocrx_word' id='word_1_247' title='bbox 509 3210 628 3276; x_wconf 77' lang='lat' dir='ltr'>imperii,</span> <span class='ocrx_word' id='word_1_248' title='bbox 642 3209 809 3279; x_wconf 79' lang='lat' dir='ltr'>prudentiae</span> <span class='ocrx_word' id='word_1_249' title='bbox 823 3210 871 3277; x_wconf 85' lang='lat' dir='ltr'>(M,</span> <span class='ocrx_word' id='word_1_250' title='bbox 887 3214 901 3263; x_wconf 91' lang='lat'>1</span> <span class='ocrx_word' id='word_1_251' title='bbox 916 3208 1013 3276; x_wconf 78' lang='lat' dir='ltr'>Oxon,</span> <span class='ocrx_word' id='word_1_252' title='bbox 1023 3208 1065 3276; x_wconf 82' lang='lat' dir='ltr'>R,</span> <span class='ocrx_word' id='word_1_253' title='bbox 1076 3209 1119 3278; x_wconf 89' lang='lat'><em>1.).</em></span> 
     </span>
    </p>

    <p class='ocr_par' dir='ltr' id='par_1_6' title="bbox 160 3273 1120 3348">
     <span class='ocr_line' id='line_1_35' title="bbox 160 3273 1120 3348; baseline 0 -13"><span class='ocrx_word' id='word_1_254' title='bbox 160 3299 199 3346; x_wconf 82' lang='lat' dir='ltr'>a,</span> <span class='ocrx_word' id='word_1_255' title='bbox 226 3281 337 3348; x_wconf 75' lang='lat' dir='ltr'>imperii</span> <span class='ocrx_word' id='word_1_256' title='bbox 358 3279 511 3348; x_wconf 78' lang='lat' dir='ltr'>prudentio</span> <span class='ocrx_word' id='word_1_257' title='bbox 539 3278 598 3344; x_wconf 77' lang='lat' dir='ltr'>Or,</span> <span class='ocrx_word' id='word_1_258' title='bbox 618 3279 648 3332; x_wconf 91' lang='grc' dir='ltr'>Β.</span> <span class='ocrx_word' id='word_1_259' title='bbox 676 3308 708 3319; x_wconf 89' lang='lat'><em>-</em></span> <span class='ocrx_word' id='word_1_260' title='bbox 736 3273 848 3347; x_wconf 73' lang='grc' dir='ltr'><em>ἀφελῶς</em></span> <span class='ocrx_word' id='word_1_261' title='bbox 874 3280 986 3347; x_wconf 82' lang='lat' dir='ltr'>(lens.)?</span> <span class='ocrx_word' id='word_1_262' title='bbox 1013 3308 1049 3319; x_wconf 88' lang='lat'>—</span> <span class='ocrx_word' id='word_1_263' title='bbox 1077 3281 1120 3335; x_wconf 80' lang='lat' dir='ltr'>ita</span> 
     </span>
    </p>

    <p class='ocr_par' dir='ltr' id='par_1_7' title="bbox 155 3348 1120 3419">
     <span class='ocr_line' id='line_1_36' title="bbox 155 3348 1120 3419; baseline -0.001 -13"><span class='ocrx_word' id='word_1_264' title='bbox 155 3352 280 3419; x_wconf 79' lang='lat' dir='ltr'>posuisse</span> <span class='ocrx_word' id='word_1_265' title='bbox 299 3350 374 3418; x_wconf 86' lang='lat' dir='ltr'>(W.).</span> <span class='ocrx_word' id='word_1_266' title='bbox 419 3350 462 3404; x_wconf 78' lang='lat' dir='ltr'>ite</span> <span class='ocrx_word' id='word_1_267' title='bbox 475 3349 623 3419; x_wconf 80' lang='lat' dir='ltr'>protulisse</span> <span class='ocrx_word' id='word_1_268' title='bbox 643 3350 691 3404; x_wconf 92' lang='lat' dir='ltr'>IB.</span> <span class='ocrx_word' id='word_1_269' title='bbox 736 3351 778 3406; x_wconf 77' lang='lat' dir='ltr'>ite</span> <span class='ocrx_word' id='word_1_270' title='bbox 791 3350 914 3419; x_wconf 78' lang='lat' dir='ltr'>potuisse</span> <span class='ocrx_word' id='word_1_271' title='bbox 930 3348 999 3415; x_wconf 74' lang='lat' dir='ltr'>MR=</span> <span class='ocrx_word' id='word_1_272' title='bbox 1018 3379 1052 3390; x_wconf 91' lang='lat'><em>-</em></span> <span class='ocrx_word' id='word_1_273' title='bbox 1068 3367 1120 3418; x_wconf 79' lang='lat' dir='ltr'>po·</span> 
     </span>
    </p>

    <p class='ocr_par' dir='ltr' id='par_1_8' title="bbox 156 3419 1120 3560">
     <span class='ocr_line' id='line_1_37' title="bbox 156 3419 1120 3548; baseline -0.001 -72"><span class='ocrx_word' id='word_1_274' title='bbox 156 3426 209 3548; x_wconf 55' lang='lat' dir='ltr'>idm</span> <span class='ocrx_word' id='word_1_275' title='bbox 222 3421 379 3546; x_wconf 77' lang='lat' dir='ltr'>-.BAtqee</span> <span class='ocrx_word' id='word_1_276' title='bbox 392 3419 468 3490; x_wconf 84' lang='lat' dir='ltr'><strong>(W.).</strong></span> <span class='ocrx_word' id='word_1_277' title='bbox 495 3436 526 3490; x_wconf 83' lang='lat' dir='ltr'>p.</span> <span class='ocrx_word' id='word_1_278' title='bbox 551 3420 641 3488; x_wconf 74' lang='lat' dir='ltr'>Atque</span> <span class='ocrx_word' id='word_1_279' title='bbox 654 3421 747 3490; x_wconf 82' lang='lat' dir='ltr'>vulgo.</span> <span class='ocrx_word' id='word_1_280' title='bbox 767 3449 801 3462; x_wconf 91' lang='lat'>-</span> <span class='ocrx_word' id='word_1_281' title='bbox 819 3421 936 3476; x_wconf 81' lang='lat' dir='ltr'>dedisse:</span> <span class='ocrx_word' id='word_1_282' title='bbox 949 3425 1032 3477; x_wconf 75' lang='lat' dir='ltr'>oeteo</span> <span class='ocrx_word' id='word_1_283' title='bbox 1042 3421 1120 3490; x_wconf 73' lang='lat' dir='ltr'>(W).</span> 
     </span>
     <span class='ocr_line' id='line_1_38' title="bbox 177 3509 296 3560; baseline -0.017 -12"><span class='ocrx_word' id='word_1_284' title='bbox 177 3511 203 3560; x_wconf 89' lang='lat'>.,·</span> <span class='ocrx_word' id='word_1_285' title='bbox 220 3509 245 3548; x_wconf 75' lang='lat' dir='ltr'>a,</span> <span class='ocrx_word' id='word_1_286' title='bbox 291 3533 296 3546; x_wconf 86' lang='lat'><strong>.</strong></span> 
     </span>
    </p>
   </div>
   <div class='ocr_carea' id='block_1_4' title="bbox 0 0 1190 3878">
    <p class='ocr_par' dir='ltr' id='par_1_9' title="bbox 0 0 1190 3878">
     <span class='ocr_line' id='line_1_39' title="bbox 0 0 1190 3878; baseline 0 0"><span class='ocrx_word' id='word_1_287' title='bbox 0 0 1190 3878; x_wconf 95' lang='lat' dir='ltr'> </span> 
     </span>
    </p>
   </div>
  </div>
 </body>
</html>
