2370 3878
388 185 649 242 EPISTOLARUM
667 187 712 242 llI.
731 192 757 242 8.
1012 186 1053 250 77

91 334 206 399 fuisse.
250 330 321 397 Hos
344 352 405 417 ego
429 351 606 415 sermones,
633 330 719 415 quod
747 331 896 397 etmulti
924 336 1055 397 suntet

94 426 188 488 tuam
211 420 489 504 existimationem,
511 423 549 484 ut
571 439 632 505 ego
655 419 769 503 sentio,
791 441 860 486 non
879 419 1056 503 offendunt,

94 508 244 575 lacessivi
266 530 453 592 numquam,
476 507 618 572 sednon
636 507 729 572 valde
747 508 894 592 repressi.
931 506 964 574 Si
984 510 1054 593 quis

95 602 155 682 est,
179 597 234 681 qui
256 597 419 661 neminem
441 596 608 662 bonafide
627 596 661 660 in
680 595 818 680 gratiam
840 599 934 681 putet
951 598 1054 662 redire

96 707 202 771 posse,
225 706 292 750 non
315 688 461 750 nostram
483 684 511 749 is
533 683 701 768 perfidiam
719 685 875 770 coarguit,
898 686 954 749 sed
972 686 1055 750 indi·

96 778 151 839 cat
173 795 278 858 suam,
307 773 464 857 simulque
492 794 560 837 non
587 772 626 837 de
653 794 704 837 me
726 773 754 837 is
777 773 868 857 peius
896 774 1055 858 quamde

95 866 130 929 te
153 861 328 944 existimat3
351 862 403 925 sin
425 864 534 925 autem
557 882 652 944 quem
674 882 747 925 mea
764 861 914 926 instituta
931 863 966 926 in
983 885 1055 947 pro-

96 951 208 1014 vincia
226 971 295 1014 non
318 949 481 1013 delectant
502 953 536 1013 et
558 949 697 1032 quadam
725 949 985 1015 dissimilitudine
1007 952 1055 1015 in·

95 1038 287 1103 stitutorum
309 1058 454 1102 meorum
474 1059 511 1101 ao
530 1040 659 1102 tuorum
677 1037 761 1101 laedi
780 1059 814 1101 se
831 1041 934 1122 putat,
957 1060 1056 1121 quum

94 1129 232 1209 uterque
256 1128 404 1190 nostrum
425 1128 511 1190 recte
535 1124 659 1207 fecerit,
687 1125 742 1189 sed
769 1146 838 1190 non
864 1126 949 1189 idem
970 1131 1055 1191 uter·

94 1235 160 1298 que
179 1217 307 1278 secutus
326 1214 376 1296 sit,
398 1213 486 1277 hunc
504 1233 564 1298 ego
588 1213 727 1277 amicum
744 1212 862 1277 habere
881 1236 949 1279 non
969 1235 1054 1280 cure.

95 1302 288 1366 Liberalitas
320 1305 391 1383 tua,
423 1305 459 1365 ut
485 1300 626 1366 hominis
654 1301 859 1385 nobilissimi,
891 1303 988 1367 latius
1020 1304 1091 1371 ins

99 1389 268 1473 provincia
288 1390 407 1473 patuit:
429 1392 542 1454 nostra
565 1389 592 1453 si
616 1390 784 1474 angustior
801 1395 846 1455 est
868 1427 910 1437 -
933 1391 994 1455 etsi
1017 1391 1056 1456 de

96 1481 158 1540 tua
171 1476 295 1560 prolixa
311 1477 517 1560 beneficaque
536 1481 654 1542 natura
671 1478 796 1542 limavit
815 1478 936 1562 aliquid
949 1484 1055 1563 puste-

97 1565 166 1630 rior
180 1585 284 1630 annus
298 1570 430 1651 propter
449 1566 611 1650 quandam
623 1566 790 1630 tristitiam
807 1569 989 1650 temporum
1004 1604 1056 1649 -,

98 1674 167 1718 non
190 1650 309 1717 debent
331 1653 441 1718 mirari
462 1654 623 1738 homines,
652 1677 750 1739 quum
778 1658 812 1718 et
833 1659 951 1720 natura
974 1677 1055 1721 sem·

98 1762 156 1825 per
184 1741 225 1805 ad
247 1742 449 1826 largiendum
476 1764 515 1807 ex
542 1743 647 1807 alieno
674 1743 791 1807 fuerim
817 1744 996 1809 restrictior
1023 1749 1056 1808 et

97 1829 312 1913 temporibus,
339 1831 454 1913 quibus
483 1831 538 1895 alii
560 1834 745 1915 moventur,
768 1831 881 1895 iisdem
905 1852 964 1916 ego
988 1855 1055 1897 mo·

98 1939 189 2001 vear,
220 1922 271 1982 me
302 1938 372 1982 esse
400 1919 550 1983 acerbum
578 1919 654 2001 sibi,
686 1922 723 1982 ut
751 1918 811 1982 sim
838 1918 939 1982 duleis
966 1920 1055 1983 mihi.

97 2005 148 2070 De
171 2006 267 2071 rebus
290 2006 422 2070 urbanis
446 2006 531 2088 quod
553 2028 604 2070 me
628 2006 796 2070 certiorem
818 2005 933 2090 fecisti,
957 2029 1056 2090 quum
1075 2026 1090 2073 9

97 2115 159 2178 per
181 2115 214 2158 se
237 2093 318 2158 mihi
341 2096 470 2179 gratum
492 2094 563 2176 fuit,
585 2096 656 2159 tum
679 2094 764 2176 quod
784 2094 973 2179 significasti
995 2097 1056 2161 tibi

97 2182 209 2247 omnia
236 2204 308 2247 mea
334 2182 488 2247 mandata
515 2203 609 2247 curae
636 2181 718 2265 fore;
750 2183 785 2246 iu
812 2183 927 2266 quibus
954 2206 1056 2249 unum

97 2270 179 2334 illud
201 2272 235 2335 te
257 2270 427 2355 praecipue
450 2292 530 2356 rogo
553 2275 591 2334 ut
613 2291 717 2354 cures,
743 2292 785 2336 ne
814 2271 890 2354 quid
912 2271 991 2336 mihi
1015 2273 1056 2337 ad

98 2357 162 2422 hoc
184 2359 308 2443 negotii
331 2363 388 2422 aut
415 2359 521 2424 oneris
544 2359 676 2423 accedat
698 2363 756 2424 aut
777 2359 945 2445 temporis,
971 2359 1055 2425 Hor-

99 2446 312 2531 tensiumque,
334 2450 482 2512 nostrum
501 2448 658 2533 collegam
676 2449 710 2512 et
727 2447 929 2532 familiarem,
951 2470 1055 2534 roges,

99 2537 145 2618 ut,
168 2534 196 2599 si
218 2557 371 2618 umquam
393 2557 465 2600 mea
488 2557 585 2601 causa
608 2535 782 2619 quidquam
801 2539 858 2600 aut
876 2536 977 2599 sensit
999 2541 1056 2601 aut

98 2621 190 2705 fecit,
217 2623 257 2687 de
283 2623 345 2688 hac
372 2645 498 2708 quoque
521 2624 682 2689 sententia
704 2624 792 2689 bima
819 2623 964 2707 decedat,
992 2645 1055 2707 qua

99 2710 180 2774 mihi
203 2711 285 2776 nihil
307 2715 416 2796 potest
438 2734 507 2777 esse
530 2712 699 2776 inimicius.
743 2711 793 2777 De
815 2711 935 2776 nostris
958 2712 1054 2776 rebus
1070 2729 1103 2779 10

100 2798 186 2880 quod
214 2799 294 2864 scire
321 2800 383 2884 vis,
411 2800 512 2867 Tarso
539 2799 644 2865 Nonis
671 2800 862 2865 Octobribus
892 2801 937 2862 ad
957 2799 1054 2864 Ama·

99 2907 179 2950 num
201 2908 312 2952 versus
339 2887 477 2972 profecti
504 2909 627 2970 sumus3
653 2887 733 2953 haec
760 2887 873 2972 scripsi
900 2889 1054 2972 postridie

100 2973 169 3036 eius
197 2974 272 3059 diei,
299 2997 398 3059 quum
426 2978 531 3040 castra
562 2975 715 3040 haberem
746 2976 782 3041 in
813 2997 892 3064 agro
923 2976 1054 3061 Mopsu-

100 3059 233 3126 hestiae.
282 3060 416 3148 Siquid
443 3084 553 3149 egero,
576 3063 713 3128 scribam
736 3063 778 3128 ad
799 3067 846 3148 te,
872 3085 975 3147 neque
999 3065 1054 3129 do·

102 3167 191 3210 mum
203 3169 355 3232 umquam
368 3151 410 3216 ad
423 3172 475 3217 me
492 3151 617 3216 litteras
631 3151 768 3237 mittam,
786 3152 865 3237 quin
879 3151 1054 3236 adiungam

171 3355 223 3444 Ep.
243 3380 268 3442 8,
283 3381 307 3431 8.
356 3392 477 3446 movear,
499 3394 540 3435 mc
634 3380 709 3435 mibi.
746 3378 790 3435 De
808 3378 883 3445 (W.).
933 3393 1052 3434 movear:

98 3459 139 3499 me
219 3446 294 3501 mibi.
326 3444 371 3503 De
387 3448 419 3505 B.
460 3449 523 3520 (ita,
542 3452 576 3504 ut
592 3465 633 3504 mc
647 3491 653 3503 .
665 3491 688 3504 ..
703 3448 771 3504 mibi
789 3449 827 3503 sit
845 3464 941 3504 versus
959 3449 1051 3504 nescio

100 3513 166 3584 qui.)
206 3522 246 3572 10.
276 3517 314 3573 ad
331 3517 472 3576 Ammona
489 3520 565 3592 (W.).
603 3520 746 3577 Amanum
760 3519 862 3591 uulgo.
