2370 3878
156 165 221 229 240
436 163 474 218 Μ.
493 162 616 218 TULLII
636 162 826 220 CICERONIS

157 311 362 395 gistratum
392 305 573 390 inissent,
605 330 651 372 ex.
679 308 759 372 Kal.
791 308 911 392 Mart,
945 331 1039 393 quae
1073 311 1112 374 in

158 420 224 462 suo
248 396 481 480 magistratu
508 396 662 460 futurae
691 401 834 480 essent,
862 398 904 462 de
936 399 1113 462 consula·

157 486 264 549 ribus
287 484 495 568 provinciis
519 484 565 548 ad
588 489 762 549 senatum
786 485 990 569 referrent,
1017 509 1113 551 neve

159 573 248 657 quid
274 573 381 656 prius
410 594 452 636 ex
478 573 559 636 Kal.
583 572 690 637 Mart.
719 574 763 637 ad
792 577 965 638 senatum
992 576 1112 639 refer-

157 664 256 746 rent,
284 682 378 726 neve
407 661 497 744 quid
525 661 761 725 coniunctim
789 662 831 725 de
859 684 902 726 ea
924 684 963 726 re
993 664 1113 727 refer-

158 753 264 813 retur
282 771 302 813 a
320 749 559 832 consulibus,
582 750 717 833 utique
736 750 817 814 eius
835 752 890 814 rei
914 771 1028 814 causa
1046 774 1114 834 per

159 838 239 902 dies
267 838 483 902 comitiales
512 841 686 902 senatum
716 839 904 902 haberent
937 843 1112 904 senatus-

159 947 229 1008 que
252 947 353 991 cons.
375 926 563 1010 facerent,
586 930 635 1010 et,
659 947 772 1009 quum
795 926 837 989 de
861 948 903 990 ea
926 948 964 990 re
988 927 1034 991 ad
1058 950 1113 991 se-

158 1017 288 1079 natum
320 1014 532 1079 referretur
563 1037 583 1078 a
615 1015 853 1098 consulibus,
890 1016 953 1098 qui
985 1037 1115 1080 eorum

158 1103 199 1167 in
222 1116 306 1164 ccc.
329 1102 520 1168 iudicibus
540 1106 682 1185 essent,
704 1104 798 1181 tses
817 1103 1004 1167 adducere
1027 1105 1114 1168 lice-

158 1195 230 1273 ret3
262 1192 293 1255 si
321 1191 412 1275 quid
440 1191 483 1255 de
506 1213 548 1256 ea
570 1213 609 1255 re
637 1191 682 1255 ad
709 1192 890 1275 populum
917 1192 1114 1275 plebemve

158 1280 239 1344 lato
268 1301 361 1363 opus
394 1282 508 1363 esset,
539 1280 596 1343 uti
624 1277 697 1343 Ser.
726 1277 919 1362 Sulpicius
949 1279 992 1343 M.
1015 1279 1114 1344 Mar·

159 1367 279 1431 cellus
310 1388 416 1450 coss,
451 1370 652 1449 praetores
684 1367 907 1451 tribunique
939 1369 999 1451 pl,
1032 1369 1113 1451 qui-

159 1454 228 1519 bus
252 1475 380 1519 eorum
402 1455 610 1539 videretur,
638 1454 678 1518 ad
705 1457 890 1538 populum
916 1457 1113 1540 plebemve

159 1542 320 1624 ferrent,
348 1543 446 1626 quod
473 1543 500 1605 ii
524 1563 600 1607 non
621 1543 820 1626 tulissent,
847 1545 917 1628 uti,
945 1545 1113 1627 quicum·

44 1696 47 1701 ,
80 1640 83 1645 “
160 1652 230 1713 quc
258 1630 437 1715 deinceps
466 1634 607 1714 essent,
638 1631 682 1694 ad
709 1633 890 1715 populum
917 1632 1113 1716 plebemve

159 1718 439 1784 immm.ln

125 1828 142 1878 6
226 1807 281 1871 Pr.
300 1807 380 1872 Kal.
399 1805 584 1872 Octobres
606 1808 646 1870 in
669 1807 760 1871 aede
783 1806 980 1892 Apollinis
1004 1807 1113 1872 s'crib.

162 1895 361 1961 affuerunt
383 1895 418 1960 L.
441 1896 633 1961 Domitius
653 1893 714 1960 On.
737 1895 759 1960 f.
782 1895 868 1960 Fab.
889 1895 1114 1962 Ahenobar-

32 2002 37 2011 ·
161 1984 229 2049 bus
254 1985 289 2060 Q.
309 1984 494 2050 Caecilius
517 1983 552 2060 Q.
570 1984 593 2048 f.
615 1984 702 2049 Fan
725 1983 906 2050 Metellus
926 1985 1016 2049 Pius
1036 1984 1114 2049 Sci·

161 2073 241 2156 pio,
268 2073 304 2136 L.
327 2073 471 2137 Villius
499 2073 534 2136 L.
557 2073 579 2136 f.
601 2072 700 2137 Pom.
728 2073 904 2156 Annalis,
933 2072 1114 2157 &Septi-

161 2161 257 2223 mius
281 2160 317 2223 T.
335 2160 358 2224 f.
382 2160 554 2244 Quirina,
577 2159 609 2225 0.
628 2161 801 2226 Lucillus
819 2160 851 2225 0.
872 2161 896 2240 f.
915 2160 1003 2241 Pup.
1021 2161 1115 2223 Hir-

162 2267 238 2325 rus,
262 2245 296 2311 O.
316 2245 543 2313 Scribonius
562 2246 596 2311 O.
614 2248 637 2311 f.
659 2248 747 2332 Pop.
770 2246 897 2330 Curio,
920 2247 955 2310 L.
978 2246 1114 2309 Ateius

163 2334 198 2398 L.
221 2335 243 2397 f.
270 2333 337 2398 An.
361 2333 511 2419 Capito,
538 2335 582 2399 M.
609 2334 755 2420 Eppius
782 2335 826 2398 M.
852 2335 874 2397 f.
898 2333 1114 2398 Terentina.

163 2421 269 2496 Quod
291 2421 335 2486 M.
358 2422 563 2487 Marcellus
587 2444 659 2487 cos.
678 2446 706 2487 v.
724 2423 747 2487 f.
770 2423 813 2486 de
836 2421 1062 2505 provinciis,
1086 2423 1115 2486 d.

164 2532 189 2575 e.
213 2533 237 2575 r.
260 2511 280 2574 i.
307 2532 345 2594 c.,
378 2514 552 2575 senatum
584 2512 804 2575 existimare
835 2510 1022 2573 neminem
1055 2531 1115 2575 eo·

163 2621 257 2684 rum,
298 2599 361 2683 qui
401 2601 634 2683 potestatem
669 2598 815 2662 habent
849 2598 1117 2663 intercedendi

163 2687 410 2772 impediendi,
450 2708 591 2752 moram
627 2685 769 2751 afferre
811 2691 1002 2771 oportere,
1043 2709 1116 2770 quo

164 2775 286 2840 minus
310 2776 353 2840 de
375 2798 400 2840 r.
423 2799 453 2858 p.
476 2799 506 2858 p.
529 2797 554 2840 r.
577 2797 607 2859 q.
630 2774 675 2838 ad
699 2778 872 2839 senatum
899 2775 1038 2840 referri
1061 2797 1116 2839 se-

164 2864 323 2947 natique
360 2865 576 2929 consultum
607 2863 697 2927 fieri
732 2864 867 2948 possit:
905 2865 968 2948 qui
999 2865 1116 2947 impe-

165 2952 281 3016 dierit
307 2953 563 3036 prohibuerit,
591 2974 674 3016 eum
701 2955 877 3017 senatum
896 2952 1117 3016 existimare

165 3044 300 3106 contra
331 3062 408 3105 rem
437 3041 631 3124 publicam
661 3040 814 3124 fecisse3
847 3041 878 3105 si
915 3041 998 3124 quis
1029 3040 1118 3104 huic

234 3215 286 3285 Ep.
307 3222 331 3283 8,
347 3222 371 3270 5.
407 3217 439 3269 in
453 3215 527 3270 000.
546 3216 605 3270 tud.
623 3219 716 3280 essent,
734 3219 812 3280 †ses.
829 3215 961 3270 adducere
976 3214 1050 3281 (W.).
1088 3216 1119 3268 iu

167 3286 300 3341 CCCLX.
311 3287 369 3341 iud.
380 3303 409 3354 e,
421 3287 483 3342 add.
496 3285 561 3352 (W.)
577 3287 627 3338 aut
639 3287 671 3338 in
681 3285 755 3339 000.
765 3287 823 3338 iud.
834 3301 863 3351 a,
874 3301 916 3339 eos
930 3286 993 3339 odel.
1004 3285 1078 3337 Man.
1087 3285 1117 3336 B.

165 3359 209 3410 An
222 3358 255 3409 in
269 3356 343 3412 000.
353 3358 411 3412 iud.
421 3372 479 3422 e.‚e.
489 3356 510 3423 f.
520 3351 579 3422 ali
590 3369 613 3408 e.
624 3351 682 3408 sine
695 3352 793 3409 tende
803 3354 862 3422 sua)
870 3356 932 3410 add.
948 3353 1118 3422 (Hirschfeld

158 3427 190 3478 r'n
202 3427 331 3495 Hermes,
348 3433 371 3495 5,
390 3429 469 3496 296)?
489 3456 522 3466 -
559 3426 613 3480 nod
626 3424 650 3478 a
662 3433 720 3478 non
730 3426 799 3493 (M).
836 3427 900 3494 asi
917 3423 1118 3491 tinonCr.,B.

148 3499 172 3546 6.
191 3496 299 3552 Ateius
314 3500 391 3571 (W).
421 3499 533 3557 Atreius
582 3497 613 3554 B.
633 3527 666 3537 -
688 3495 835 3551 Terentiae
848 3496 915 3565 (Ma.
946 3495 1075 3549 Teretina
1088 3494 1122 3576 Β.Ι
