2370 3878
37 112 40 119 Ι
161 155 226 219 410
253 190 259 201 ·
412 156 414 161 ’
443 155 480 209 Μ.
500 156 624 230 TULLII
642 155 833 211 CICERONIS

160 322 271 365 eorum
294 300 439 365 oratione
460 300 604 363 intellexi
627 301 805 384 gratiarum
829 302 956 366 actione
977 323 1033 366 eos
1052 325 1120 368 ma-

160 389 210 473 gis
233 409 326 473 egere
350 409 446 471 quam
469 389 758 471 commendatione,
780 393 874 454 tanta
892 390 979 453 enim
1001 391 1119 455 libera-

159 478 251 541 litate
280 497 313 539 se
345 479 402 540 tua
428 497 504 540 usos
535 477 778 561 praedicabant,
810 481 847 541 ut
873 478 913 541 iis
941 479 1014 561 plus
1043 484 1118 544 ate

159 565 316 629 tributum
334 564 556 649 intelligerem,
575 586 673 647 quam
691 585 751 649 ego
771 569 803 629 te
817 565 968 629 auderem
986 587 1117 652 rogare,

125 653 283 716 aaudebo
313 656 437 736 tamen,
469 653 535 717 scio
559 653 658 736 enim,
681 657 837 736 quantum
864 654 1016 738 ponderis
1044 676 1118 720 mea

160 740 395 805 commendatio
420 740 462 804 sit
482 739 642 805 habitura.
680 739 784 816 Quare
808 764 828 805 a
849 745 882 806 te
905 745 990 826 peto,
1014 747 1052 806 ut
1074 745 1117 807 ad

159 850 230 892 eam
256 828 496 909 liberalitatem,
528 850 591 911 qua
619 829 687 893 sine
714 830 793 893 meis
823 830 938 894 litteris
966 852 1044 895 usus
1073 853 1117 914 ee,

159 939 256 999 quam
278 917 435 981 maximus
457 917 508 981 his
531 917 646 981 litteris
676 918 821 982 cumulus
845 918 988 1001 accedat,
1017 925 1118 1002 caput

159 1008 266 1070 autem
295 1009 344 1070 est
371 1007 460 1069 meae
488 1005 789 1089 commendationiS,
816 1028 857 1070 ne
884 1006 1009 1090 patiare
1033 1005 1115 1072 Ero·

158 1097 224 1157 tem
242 1093 385 1177 Turium,
403 1092 439 1169 Q.
455 1093 544 1157 Turii
562 1094 721 1176 libertum,
739 1097 777 1157 ut
795 1094 899 1158 adhuc
917 1094 1003 1178 fecit,
1024 1094 1114 1159 here·

32 1190 36 1195 '
157 1182 291 1246 ditatem
305 1180 480 1246 Turianam
495 1185 637 1246 avertere
651 1182 827 1265 ceterisque
847 1181 995 1247 omnibus
1017 1183 1114 1248 rebus

157 1270 277 1334 habeas
300 1291 355 1334 eos
387 1292 407 1333 a
434 1291 484 1334 me
512 1270 849 1335 commendatissimas.
895 1269 1052 1354 Magnam
1076 1293 1115 1336 ex

158 1379 269 1423 eorum
292 1357 461 1440 splendore
484 1361 517 1422 et
539 1358 744 1423 observantia
767 1359 872 1442 capies
896 1359 1114 1443 voluptatem:

158 1445 243 1529 quod
257 1448 294 1509 ut
307 1446 394 1529 velis,
412 1449 445 1510 te
463 1446 668 1510 vehementer
687 1447 784 1510 etiam
803 1450 899 1530 atque
922 1447 1008 1511 enim
1021 1469 1115 1533 rogo.

561 1639 699 1705 XXVII.

202 1750 264 1807 Ser*
278 1767 373 1807 mense
391 1753 497 1807 incerto
516 1753 591 1822 (post
608 1752 682 1805 XIII.
701 1751 763 1805 Kal.
782 1752 851 1820 Ian.)
871 1767 895 1804 a.
914 1768 942 1805 u.
961 1767 985 1806 c.
1006 1707 1066 1806 710‘.

376 1874 524 1930 CICERO
544 1873 788 1930 CORNIFICIO
807 1872 890 1928 SAL.

105 2033 109 2039 .
223 1975 292 2042 Sex.
315 1976 462 2041 Aufidius
486 1980 518 2040 et
541 1975 759 2057 observantia,
783 1996 847 2057 qua
869 1995 920 2038 me
944 1975 1037 2058 colit,
1061 1996 1113 2039 ac·

155 2065 240 2130 cedit
263 2065 303 2129 ad
325 2066 487 2149 proximos
510 2067 543 2128 et
565 2063 734 2148 splendore
762 2063 861 2145 equiti
883 2062 1032 2127 Romano
1056 2085 1113 2128 ne·

154 2154 235 2217 mini
258 2153 354 2236 cedit,
383 2156 432 2217 est
454 2156 562 2217 autem
590 2153 637 2216 ita
658 2151 844 2235 temperatis
872 2151 1111 2234 moderatisque

155 2241 307 2325 moribus,
335 2244 373 2305 ut
395 2263 520 2305 summa
543 2241 695 2305 severitas
718 2260 843 2303 summa
866 2260 938 2302 cum
961 2239 1110 2302 humani·

154 2332 222 2392 tate
253 2329 419 2413 iungatur:
456 2329 545 2393 cuius
577 2329 637 2393 tibi
673 2327 817 2412 negotia,
853 2348 934 2409 quae
967 2330 1044 2391 sunt
1076 2328 1111 2390 in

155 2415 275 2501 Africa,
297 2417 344 2481 ita
367 2417 564 2501 commendo,
586 2422 623 2481 ut
641 2416 761 2481 maiore
781 2414 886 2479 studio
906 2415 1050 2499 magisve
1072 2436 1111 2478 ex

155 2505 263 2570 animo
287 2506 509 2570 commendare
536 2527 604 2568 non
631 2505 761 2588 possim.
810 2502 1002 2587 Pergratum
1030 2501 1110 2566 mihi

153 2593 276 2678 feceris,
299 2594 327 2657 si
341 2594 464 2658 dederis
478 2614 617 2676 operam,
635 2596 672 2655 ut
689 2592 717 2654 is
736 2592 897 2675 intelligat
915 2611 1003 2654 meas
1023 2590 1109 2672 apud

154 2685 186 2746 te
209 2683 333 2747 litterae
356 2681 530 2745 maximum
553 2680 678 2764 pondus
698 2678 861 2743 habuisse:
884 2678 946 2742 hoo
964 2682 997 2742 te
1015 2677 1109 2743 vehe-

154 2774 287 2854 menter,
310 2771 354 2834 mi
377 2767 537 2852 Cornifici,
559 2768 648 2853 rogo.

554 2961 708 3028 XXVIH.

154 3075 211 3131 Sor.
230 3075 337 3131 Romae
355 3090 449 3130 mense
467 3075 559 3145 Aprili
578 3077 653 3143 (ante
672 3072 745 3128 XVI.
760 3071 792 3126 K.
807 3071 908 3139 Maias)
927 3087 952 3126 a.
966 3087 993 3125 u.
1009 3087 1032 3125 o.
1049 3077 1109 3124 711.

373 3197 520 3254 CICERO
540 3195 784 3253 CORNIFICIO
803 3195 886 3261 SAL.

120 3313 132 3360 1
219 3299 388 3364 Assentior
405 3299 466 3362 tibi
484 3319 548 3381 eos,
571 3319 651 3381 quos
674 3296 786 3360 scribis
805 3294 958 3378 Lilybaeo
982 3293 1109 3375 minari,

152 3388 225 3452 istic
248 3409 368 3472 poenas
392 3387 468 3452 dare
491 3385 652 3467 debuisse,
675 3383 730 3447 sed
753 3382 904 3464 metuisti,
927 3385 964 3446 ut
987 3382 1044 3464 ais,
1067 3402 1109 3445 ne

138 3476 242 3540 nrmrb
262 3477 350 3543 liber
373 3476 411 3544 in
435 3473 619 3544 ulciscendo
646 3471 805 3554 viderere,
830 3469 973 3534 metuisti
1001 3470 1110 3553 igitur,
