2370 3878
135 155 199 219 124
414 156 451 210 Μ.
472 156 595 212 TULLII
613 156 802 213 CICERONIS

131 301 274 386 ignose0,
297 299 353 364 sed
376 321 534 365 summam
556 300 654 365 etiam
672 301 800 365 laudem
818 301 926 366 tribuo
940 337 983 348 -
997 325 1090 368 meus

132 389 218 453 enim
248 410 299 452 me
331 410 458 473 sensus,
489 392 612 472 quanta
642 388 691 454 vis
721 389 859 453 fraterni
890 390 933 454 sit
961 393 1091 475 amoris,

132 476 284 541 admonet
306 500 362 559 —3
390 480 463 541 ate
490 480 581 561 peto,
608 480 645 541 ut
671 480 708 541 tu
735 497 861 560 quoque
890 498 1029 561 aequum
1056 483 1090 543 te

131 564 269 628 iudicem
292 565 395 629 dolori
422 585 494 629 meo
521 565 689 649 praebeas:
717 565 745 628 si
768 565 896 648 acerbe,
922 566 951 630 si
978 567 1090 631 erude-

130 652 213 735 liter,
236 653 263 716 si
286 653 355 717 sine
378 674 474 717 causa
498 673 568 716 sum
591 675 611 717 a
632 652 697 717 tuis
721 656 943 737 oppugnatus,
963 657 1002 717 ut
1025 657 1088 718 sta-

131 742 203 803 tuas
226 740 305 804 mihi
328 761 396 804 non
418 739 514 805 modo
535 762 602 805 non
621 740 807 824 cedendum,
829 741 885 805 sed
908 741 1007 805 etiam
1029 746 1088 807 tuo

131 830 227 910 atque
250 828 406 892 exercitus
428 829 477 892 tui
499 829 618 893 auxilio
641 829 677 892 in
696 828 852 894 eiusmodi
875 850 972 893 causa
995 832 1088 893 uten-

131 915 208 979 dum
229 916 342 999 fuisse3
365 937 425 1001 ego
448 920 481 980 te
499 917 579 980 mihi
598 938 722 1000 semper
741 917 878 980 amioum
897 937 967 980 esse
989 918 1088 1001 volui,

130 1024 181 1067 me
203 1008 241 1068 ut
262 1005 322 1070 tibi
350 1005 578 1070 amicissimum
605 1026 673 1069 esse
700 1005 907 1088 intelligeres,
927 1005 1087 1070 laboravi:

130 1113 245 1158 maneo
268 1094 303 1157 in
325 1094 491 1158 voluntate
515 1096 556 1176 et,
579 1092 684 1176 quoad
706 1093 794 1157 voles
816 1096 867 1175 tu,
889 1093 1086 1175 permanebo

130 1180 287 1264 cItiusque
314 1203 422 1246 amore
449 1181 498 1245 tui
523 1181 658 1244 fratrem
683 1183 776 1244 tuum
803 1180 907 1245 odisse
931 1180 1086 1263 desinam,

131 1290 227 1350 quam
250 1269 336 1332 illius
364 1269 437 1332 odio
461 1268 636 1351 quidquam
663 1268 702 1331 de
724 1272 837 1332 nostra
858 1268 1085 1334 benevolentia

130 1355 306 1419 detraham.

573 1582 632 1648 III.

367 1701 424 1757 Sor.
443 1702 473 1756 in
490 1702 629 1772 Hispania
647 1719 671 1757 a.
690 1721 716 1757 u.
737 1719 759 1757 c.
779 1708 838 1758 698.

248 1843 279 1910 Q.
297 1843 491 1899 METELLUS
509 1843 627 1900 NEPOS
647 1843 674 1898 S.
693 1843 726 1897 Ι).
745 1843 781 1896 M.
802 1837 982 1899 CICERONI.

94 1964 105 2012 1
193 1951 343 2018 Hominis
357 1953 625 2039 importunissimi
643 1952 864 2037 contumeliae,
882 1952 998 2036 quibus
1016 1972 1080 2017 ore-

127 2040 193 2104 bris
221 2043 429 2108 concionibus
456 2065 507 2107 me
536 2045 662 2125 onerat,
690 2040 754 2104 tuis
782 2061 860 2124 erga
886 2061 938 2104 me
966 2040 1080 2105 offieiIs

127 2127 292 2192 leniuntur
315 2134 360 2213 et,
386 2135 423 2194 ut
446 2134 522 2195 sunt
543 2130 630 2193 leves
653 2129 693 2193 ab
717 2128 872 2193 eiusmodi
893 2128 1080 2212 homine,a

127 2237 178 2279 me
201 2215 429 2300 despiciuntur,
450 2217 649 2299 libenterque
672 2219 869 2280 commutata
886 2236 1025 2299 persona
1047 2219 1080 2280 te

91 2318 107 2366 2
126 2304 206 2367 mihi
228 2303 339 2368 fratris
360 2306 431 2369 loco
456 2325 525 2368 esse
547 2303 638 2368 duco.
682 2303 731 2367 De
754 2305 809 2368 illo
832 2324 873 2368 ne
896 2304 1079 2369 meminisse

127 2392 254 2475 quidem
277 2392 360 2475 volo,
381 2392 510 2456 tametsi
533 2391 583 2455 bis
606 2413 679 2455 eum
701 2392 838 2456 invitum
861 2392 993 2457 servavi.
1029 2390 1079 2456 De

126 2479 205 2543 meis
236 2480 346 2564 rebus,
376 2501 417 2544 ne
449 2480 540 2544 vobis
572 2480 776 2545 multitudine
803 2481 984 2544 litterarum
1011 2500 1079 2545 mo·

125 2568 237 2633 lestior
260 2589 374 2651 essem,
401 2567 442 2633 ad
465 2567 605 2632 Lollium
626 2568 810 2652 perscripsi,
837 2567 875 2631 de
897 2567 1078 2632 rationibus

125 2657 309 2740 provinciae
338 2657 413 2740 quid
440 2657 554 2721 vellem
580 2657 663 2741 fieri,
692 2661 729 2721 ut
755 2657 782 2720 is
809 2677 867 2721 vos
895 2655 1024 2739 doceret
1046 2657 1080 2719 et

127 2745 422 2810 commonefaceret.
468 2742 502 2808 si
524 2745 654 2829 poteris,
676 2744 772 2809 velim
794 2744 966 2828 pristinam
987 2746 1080 2808 tuam

127 2852 204 2917 erga
226 2853 277 2896 me
300 2835 501 2900 voluntatem
523 2853 701 2897 conserves.

195 3059 246 3128 Ep.
266 3066 290 3127 2,
307 3065 347 3114 10.
384 3061 476 3114 tribuo
493 3089 528 3099 -
546 3075 619 3113 arceas
699 3059 823 3114 adcrescet
842 3077 891 3124 -;
913 3075 932 3113 a
953 3061 979 3113 te
1001 3055 1078 3126 (W.).

125 3134 174 3196 tr.;
193 3146 266 3186 meus
347 3131 477 3186 admonet.
515 3129 543 3185 A
561 3135 586 3184 te
604 3129 697 3202 vulgo.
