2370 3878
136 184 174 238 M.
194 183 318 238 TULLII
337 181 527 238 CICERONIS
545 180 804 237 EPISTOLARUM
822 181 856 237 X.
878 188 900 237 1.
921 188 944 235 2.
982 181 1045 245 29?

92 328 197 394 heres:
224 348 305 410 quae
334 327 361 391 si
383 327 423 391 ad
445 330 538 392 tuum
565 330 693 412 tempus
717 325 915 410 perducitur,
943 325 1048 389 facilis

93 415 283 499 gubernatio
303 419 364 498 est,
386 418 424 478 ut
441 415 634 499 perducatur
653 418 770 498 autem,
792 434 929 498 magnae
949 435 1049 496 quum

93 503 278 587 diligentiae
302 507 360 587 est,
381 506 452 568 tum
475 505 573 567 etiam
594 503 754 567 fortunae.
796 500 858 566 Sed
881 505 915 566 et
935 505 968 566 te
992 502 1083 569 ali-a

93 594 214 674 quanto
238 595 327 675 ante,
349 595 387 655 ut
409 613 516 676 spero,
538 591 728 655 habebimus
752 594 796 674 et,
823 594 1048 675 praeterquam

93 679 179 762 quod
206 680 253 744 rei
284 679 430 764 publicae
459 680 625 744 consulere
649 679 814 761 debemus,
845 679 942 743 etiam
973 683 1048 742 tuae

94 768 246 853 dignitati
268 768 315 832 ita
336 768 495 851 favemus,
522 771 560 831 ut
588 788 682 832 omne
709 771 857 831 nostrum
880 767 1049 831 consilium

94 856 248 940 studium,
271 856 414 920 officium
442 877 586 939 operam,
613 855 757 919 laborem
785 855 985 939 diligentiam
1008 854 1049 918 ad

94 945 338 1029 amplitudinem
360 947 451 1008 tuam
474 944 690 1008 conferamus:
712 943 759 1007 ita
781 942 932 1006 facillime
953 947 985 1006 et
1002 943 1049 1007 rei

93 1033 250 1117 publicae,
273 1054 354 1115 quae
378 1032 457 1095 mihi
481 1032 646 1097 carissima
669 1035 733 1115 est,
756 1034 789 1094 et
812 1030 970 1094 amicitiae
992 1052 1048 1094 no-

95 1124 193 1205 strae,
226 1142 322 1204 quam
346 1120 547 1184 sanctissime
570 1119 664 1184 nobis
687 1119 855 1184 colendam
877 1120 970 1202 puto,
999 1140 1049 1182 me

95 1209 243 1293 intelligo
272 1208 521 1284 satisfacturum.
566 1207 723 1272 Furnium
749 1209 898 1272 nostrum
923 1207 1008 1271 tanti
1032 1228 1085 1278 ar

95 1302 127 1360 te
150 1297 229 1380 fieri,
252 1299 409 1379 quantum
435 1297 536 1380 ipsius
563 1296 748 1360 humanitas
771 1299 804 1359 et
826 1295 966 1379 dignitas
994 1316 1050 1377 po·

97 1384 210 1467 stulat,
242 1405 302 1447 nec
329 1385 428 1449 miror
455 1389 487 1448 et
514 1385 638 1470 gaudeo
661 1388 756 1467 teque
779 1383 841 1448 hoc
869 1381 1050 1447 existimare

96 1473 185 1556 volo,
208 1472 361 1556 quidquid
388 1474 423 1537 in
446 1495 519 1537 eum
545 1473 655 1537 iudicii
682 1473 841 1555 officiique
869 1471 1051 1554 contuleris,

96 1561 129 1624 id
151 1562 198 1624 ita
220 1583 272 1625 me
295 1562 447 1646 accipere,
469 1562 563 1626 utin
585 1583 636 1626 me
659 1561 765 1645 ipsum
786 1566 819 1625 te
842 1565 953 1644 putem
976 1582 1050 1625 con-

96 1650 230 1714 tulisses
917 1668 925 1693 ¹

551 1807 594 1873 II.

173 1909 231 1964 Ser.
251 1910 357 1965 Itomae
375 1913 440 1979 post
457 1911 491 1964 V.
510 1911 577 1964 Idus
595 1910 761 1964 Decembres
780 1925 805 1962 a.
823 1925 850 1962 u.
870 1925 892 1962 c.
913 1915 972 1963 llo.

381 2023 509 2079 CICERO
528 2021 673 2078 PLANCO
693 2023 768 2077 SAL.

164 2121 275 2187 Meum
306 2123 448 2187 studium
480 2123 598 2189 honori
633 2127 690 2187 tuo
722 2144 793 2208 pro,
818 2121 1086 2192 necessitudine1

97 2214 212 2278 nostra
234 2233 302 2276 non
336 2211 502 2295 defuisset,
534 2211 561 2276 si
593 2215 649 2275 aut
670 2215 742 2276 tuto
765 2211 801 2274 in
827 2214 974 2275 senatum
997 2216 1053 2275 aut

97 2300 233 2366 honeste
265 2300 374 2364 venire
405 2300 596 2384 potuissem,
633 2299 688 2364 sed
719 2321 779 2364 nee
811 2299 879 2363 sine
911 2299 1052 2383 periculo

99 2389 268 2471 quisquam
290 2388 389 2453 libere
413 2388 452 2452 de
474 2409 509 2453 re
531 2388 660 2472 publica
689 2388 831 2452 sentiens
854 2388 974 2452 versari
997 2411 1052 2471 po-

98 2479 163 2541 test
189 2477 225 2540 in
253 2499 378 2541 summa
407 2477 601 2561 impunitate
629 2477 809 2562 gladiorum
836 2498 896 2540 nec
923 2480 1053 2540 nostrae

99 2564 268 2648 dignitatis
290 2565 417 2629 videtur
439 2587 508 2630 esse
526 2565 572 2630 ibi
591 2565 785 2630 sententiam
808 2564 846 2628 de
868 2585 903 2627 re
925 2564 1054 2647 publica

99 2652 212 2736 dicere,
234 2653 290 2716 ubi
313 2675 363 2718 me
387 2657 420 2718 et
442 2655 556 2719 melius
580 2659 612 2718 et
633 2654 767 2739 propius
786 2652 920 2717 audiant
938 2651 1054 2716 armati

99 2761 196 2823 quam
219 2745 392 2806 senatores.
428 2741 631 2827 Quapropter
652 2743 688 2806 in
711 2741 846 2827 privatis
868 2740 964 2805 rebus
982 2742 1088 2810 nul-2

90 2828 166 2897 lum
192 2849 296 2912 neque
325 2829 467 2894 officium
493 2830 600 2913 neque
625 2830 767 2894 studiur'n
794 2850 901 2894 meum
932 2828 1053 2894 deside-

98 2915 199 2999 rabis,
226 2938 266 2979 ne
289 2917 324 2980 in
346 2918 483 3000 publicis
506 2917 647 3000 quidem,
675 2917 702 2981 si
725 2916 801 3000 quid
829 2917 902 3002 erit,
932 2917 1052 3001 inquo

98 3025 149 3067 me
178 3003 332 3068 interesse
359 3026 489 3069 necesse
516 3006 571 3087 sit,
598 3026 750 3088 umquam
778 3005 885 3089 deero,
912 3026 953 3069 ne
982 3027 1054 3068 cum

98 3091 240 3175 periculo
264 3091 393 3175 quidem
416 3114 502 3175 meo,
529 3093 680 3178 dignitati
702 3096 790 3176 tuae,
816 3093 852 3156 in
879 3093 918 3157 iis
946 3096 1054 3156 autem

98 3180 207 3264 rebus,
240 3202 321 3263 quae
353 3180 455 3244 nihilo
488 3180 608 3263 minus,
639 3184 676 3244 ut
703 3202 763 3266 ego
792 3181 908 3263 absim,
940 3179 1054 3244 confici

98 3270 265 3352 poterunt,
291 3271 366 3352 peto
395 3290 415 3331 a
441 3271 473 3332 te
501 3271 537 3332 ut
566 3290 617 3332 me
644 3269 803 3334 rationem
829 3268 947 3332 habere
975 3266 1054 3331 uelis

98 3357 131 3418 et
154 3356 268 3420 salutis
291 3360 324 3420 et
346 3355 513 3441 dignitatis
536 3377 635 3420 meae.
958 3373 962 3383 ’

169 3509 221 3577 Ep.
242 3516 266 3574 r,
280 3515 305 3560 3.
342 3508 472 3575 debemus,
491 3509 574 3565 ruam
592 3512 673 3580 (W).
710 3513 751 3582 d,
766 3517 866 3569 tumen
878 3511 937 3580 u,
951 3509 1059 3577 ningo.
