2370 3878
124 171 189 236 506
406 170 443 225 Μ.
463 170 586 226 TULLII
604 169 797 226 CICERONIS

125 317 304 401 equitatum
331 335 407 380 rane
435 314 586 380 idoneum
619 319 651 379 ct
682 317 879 400 populorum
915 319 1086 386 liberorum

124 425 300 490 regumque
329 404 488 468 sociorum
516 404 634 468 auxilia
660 405 846 468 voluntaria
870 409 1085 492 compararis·
1117 426 1122 495 p

126 515 201 558 sem.
246 491 397 574 Interim,
419 514 518 575 quum
542 492 680 556 exercitu
703 493 842 558 lustrato
866 493 935 558 iter
958 497 995 559 in
1019 494 1085 560 Cili-
1118 508 1123 579 ξ

125 581 207 644 ciam
239 580 344 644 facere
373 581 558 663 coepissem,
581 597 623 637 ιιι.
647 579 686 644 Κ.
716 578 803 664 Sept.
836 582 944 666 legati
972 606 994 647 a
1017 605 1084 670 rege
1118 586 1123 667 1

126 667 344 753 Commageno
369 669 409 732 ad
432 689 483 731 me
506 668 596 732 missi
618 669 884 752 pertumultuose,
910 692 1022 755 neque
1043 677 1083 736 ta·
1120 678 1123 743 ἑ

125 778 200 820 men
222 778 289 821 non
312 777 395 840 vere,
417 755 555 820 Parthos
577 757 613 819 in
632 753 757 840 Syriam
774 758 934 823 transisse
958 761 1083 824 nuntia·

89 866 107 914 4
126 848 253 910 verunt:
277 867 339 928 quo
355 844 464 908 audito
479 844 684 908 vehementer
703 867 773 908 sum
788 849 973 912 commotus
989 870 1082 931 quum

125 933 164 997 de
188 932 292 1017 Syria,
320 937 390 997 tum
418 932 456 996 de
479 953 550 996 mea
577 933 757 1015 provincia,
783 933 823 996 de
845 934 975 1017 reliqua
1000 937 1081 1000 deni·

126 1043 187 1105 que
210 1022 297 1086 Asia.
351 1020 464 1105 Itaque
492 1021 666 1085 exercitum
697 1021 778 1084 mihi
810 1020 998 1087 ducendum
1029 1045 1080 1107 per

126 1108 347 1194 Cappadociae
379 1109 543 1194 regionem
575 1130 659 1191 earn,
691 1129 771 1191 quae
804 1107 953 1174 Ciliciam
987 1113 1079 1176 attin-

126 1202 228 1283 geret,
250 1198 375 1282 putavi3
401 1219 490 1280 nam,
518 1198 545 1261 si
568 1218 618 1260 me
641 1199 676 1260 in
699 1195 843 1261 Ciliciam
871 1197 1078 1280 demisissem,

126 1285 270 1352 Ciliciam
293 1286 421 1370 quidem
442 1286 547 1368 ipsam
573 1288 706 1369 propter
732 1286 850 1349 montis
874 1285 999 1350 Amani
1028 1309 1078 1351 na-

125 1379 232 1438 turam
253 1374 348 1438 facile
370 1374 545 1438 tenuissem
559 1408 601 1419 -—
616 1372 679 1437 duo
703 1378 779 1437 sunt
801 1373 888 1437 enim
916 1375 1026 1438 aditus
1048 1375 1079 1438 in

126 1460 270 1526 Ciliciam
302 1483 341 1525 ex
368 1459 473 1545 Syria,
501 1483 637 1544 quorum
663 1465 796 1544 uterque
824 1461 934 1544 parvis
963 1463 1077 1546 praesi-

125 1550 186 1613 diis
218 1553 350 1632 propter
381 1550 546 1632 augustias
577 1549 747 1613 intercludi
782 1553 903 1633 potest,
939 1571 1001 1614 nec
1034 1554 1079 1615 est

126 1637 300 1721 quidquam
323 1634 435 1700 Cilicia
466 1640 579 1700 contra
602 1635 728 1721 Syriam
758 1637 913 1701 munitius
936 1673 995 1722 -—,
1026 1638 1078 1703 sed

125 1747 176 1791 me
195 1723 399 1809 Cappadocia
420 1725 580 1809 movebat,
602 1747 683 1808 quae
705 1727 796 1809 patet
819 1747 838 1789 a
858 1723 953 1808 Syria
975 1747 1078 1811 reges·

126 1836 186 1898 quc
213 1814 312 1879 habet
337 1814 505 1897 finitimos,
538 1814 592 1897 qui
619 1814 745 1877 etiarnsi
771 1816 847 1877 sunt
874 1814 960 1877 clam
987 1815 1078 1878 amici

125 1904 228 1987 nobis,
246 1907 357 1968 tamen
375 1907 484 1987 aperte
498 1901 627 1966 Parthis
641 1902 762 1966 inimici
780 1923 849 1965 esse
867 1923 936 1966 non
951 1903 1077 1967 audent.

125 1991 239 2076 Itaque
262 1993 297 2056 in
320 1990 523 2075 Cappadocia
546 1993 688 2054 extrema
714 2010 782 2054 non
803 1991 901 2074 longe
928 2011 949 2053 a
973 1990 1078 2055 Tauro

126 2080 211 2162 apud
234 2079 387 2163 oppidum
410 2077 558 2162 Cybistra
585 2081 690 2142 castra
711 2077 787 2161 feci,
813 2081 849 2141 ut
878 2081 911 2141 et
933 2075 1078 2142 Ciliciam

126 2169 233 2230 tuerer
264 2171 297 2230 et
328 2165 564 2251 Cappadociam
597 2170 833 2230 tenensunova
867 2165 1079 2231 finitimorum

92 2255 260 2325 sconsilia
290 2255 486 2339 impedirem.
546 2254 674 2318 Interea
705 2254 740 2317 in
770 2253 833 2318 hoc
863 2256 957 2318 tanto
990 2257 1079 2318 motu

126 2345 280 2424 tantaque
304 2344 540 2426 exspectatione
562 2342 694 2407 maximi
718 2341 794 2405 belli
820 2361 877 2405 rex
897 2341 1080 2424 Deiotarus,

127 2430 178 2495 cui
209 2451 277 2494 non
308 2430 377 2493 sine
409 2452 506 2495 causa
532 2431 705 2514 plurimum
732 2451 857 2512 semper
889 2433 922 2493 et
947 2450 1021 2495 meo
1048 2434 1080 2493 et

126 2522 183 2583 tuo
207 2521 240 2582 et
262 2521 392 2582 senatus
410 2518 527 2581 iudicio
545 2519 703 2581 tributum
721 2520 779 2600 est,
800 2518 849 2581 vir
867 2538 967 2600 quum
984 2517 1080 2582 bene·

127 2606 269 2672 volentia
292 2608 325 2669 et
346 2605 408 2669 fide
431 2625 509 2688 erga
531 2605 686 2688 populum
708 2605 892 2671 Romanum
914 2605 1081 2690 singulari,

126 2698 196 2759 tum
228 2693 406 2777 praestanti
436 2692 658 2777 magnitudine
690 2697 722 2756 ct
754 2693 853 2757 animi
884 2695 917 2757 et
946 2693 1081 2776 consilii,

126 2784 252 2866 legatos
284 2782 325 2844 ad
352 2802 403 2844 me
432 2781 520 2845 misit
546 2802 579 2845 se
607 2802 680 2844 cum
707 2781 856 2846 omnibus
883 2781 950 2844 suis
980 2781 1081 2865 copiis

126 2871 163 2933 in
184 2889 256 2933 mea
279 2872 384 2933 castra
402 2890 471 2934 csse
489 2873 673 2952 venturum,
696 2869 785 2933 ouius
803 2889 864 2954 ago
884 2868 991 2933 studio
1013 2868 1081 2934 offi-

127 2957 240 3040 cioque
263 2960 442 3023 commotus
470 2958 522 3042 egi
549 2958 578 3021 ci
600 2979 657 3040 per
683 2957 807 3021 fitteras
834 2956 956 3042 gratim
985 2957 1082 3040 idque

92 3049 165 3115 eut
191 3046 368 3110 maturaret
393 3046 541 3110 hortatus
569 3067 648 3110 sum.
694 3043 799 3120 Quum
822 3047 930 3109 autem
956 3044 1000 3109 ad
1023 3043 1082 3128 Cy-

128 3135 229 3198 bistra
259 3136 392 3217 propter
417 3135 577 3199 rationem
608 3132 684 3197 belli
716 3133 855 3215 quinque
883 3133 951 3197 dies
979 3152 1083 3198 assam

127 3225 285 3306 moratus,
320 3242 429 3306 regem
466 3220 731 3303 Ariobarzanem,
768 3221 857 3285 cuius
894 3221 1032 3285 salutem
1064 3242 1083 3284 a

128 3313 242 3374 senatu
273 3314 307 3373 te
335 3312 464 3373 auctore
494 3308 750 3373 commendatam
780 3308 954 3391 habebam,
991 3329 1083 3392 prae·

128 3399 273 3463 sentibus
286 3397 411 3462 insidiis
429 3397 677 3480 necopinantem
694 3397 837 3480 liberavi,
854 3417 958 3480 neque
978 3397 1083 3461 solum

128 3486 156 3550 ei
179 3485 275 3551 saluti
298 3485 359 3573 fui,
387 3484 443 3551 sed
465 3484 564 3550 etiam
585 3484 711 3568 curari,
736 3488 774 3548 ut
795 3506 870 3549 cum
891 3483 1083 3551 auctoritate
