2370 3878
134 160 198 223 406
416 157 453 212 M.
474 156 597 210 TULLII
614 154 803 210 CICERONIS
840 156 843 161 '

134 306 240 387 doleo,
270 302 355 386 quod
378 301 500 365 nullam
527 304 652 385 partem
679 323 738 384 per
765 304 903 364 aetatem
931 323 1033 366 sanae
1062 307 1093 367 et

134 394 240 457 salvae
263 391 309 454 rei
332 389 478 474 publicae
497 393 627 473 gustare
645 389 788 472 potuisti.
824 388 932 472 Atque
952 392 1091 455 antehac

135 481 262 564 quidem
286 499 412 561 sperare
437 479 550 541 saltem
572 477 701 559 licebat,
728 499 815 541 nuno
845 478 1001 542 etiamid
1026 501 1091 543 ere·

133 573 226 652 ptum
249 571 310 649 est3
338 587 418 648 quae
447 566 533 629 enim
557 570 605 629 est
633 587 719 648 spes,
747 588 844 649 quum
871 566 906 630 in
934 568 1090 632 concione

134 657 236 720 dicere
252 677 347 718 ausus
362 654 404 717 sit
417 653 580 718 Antonius
595 651 791 717 Cannutium
813 655 898 738 apud
913 677 967 719 eos
983 657 1089 720 locum

134 744 194 807 sibi
218 764 377 827 quaerere,
401 743 516 825 quibus
539 763 572 805 se
597 743 685 806 salvo
704 744 793 806 loeus
811 742 846 806 in
868 743 1001 808 oivisate
1021 767 1089 808 esse

97 844 115 894 4
134 854 201 896 non
214 831 344 915 posset?
376 830 535 914 Equidem
549 829 674 893 ethaeo
688 833 720 893 et
735 831 851 914 omnia,
866 853 947 914 quae
961 833 1087 897 homini

134 920 276 984 accidere
299 923 444 1004 possunt,
468 919 512 982 sic
535 918 613 1000 fere,
635 921 672 981 ut
690 919 913 1003 philosophiae
935 942 1088 1006 magnam

133 1007 270 1073 habeam
284 1009 431 1093 gratiam,
450 1028 530 1090 quae
549 1028 599 1070 me
618 1028 685 1070 non
699 1007 794 1071 modo
813 1008 853 1071 ab
874 1009 1088 1073 sollicitudine

134 1098 276 1180 abducit,
304 1097 358 1160 sed
382 1096 479 1160 etiam
502 1099 614 1159 eontra
638 1116 748 1158 omnes
771 1095 920 1160 fortunae
948 1098 1087 1182 impetus

133 1194 250 1270 armat,
272 1186 394 1268 tibique
421 1184 506 1248 idem
529 1205 643 1248 censeo
670 1182 857 1247 faciundum
880 1206 953 1269 nec,
981 1208 1001 1249 a
1025 1209 1087 1270 quo

133 1275 228 1358 culpa
251 1273 343 1355 absit,
367 1272 540 1355 quidquam
562 1272 597 1335 in
620 1272 711 1335 malis
734 1273 978 1337 numerandum.
1026 1273 1087 1338 Sed

131 1361 211 1425 haec
234 1365 270 1424 tu
293 1360 415 1423 melius
460 1359 643 1424 Tratorium
666 1363 812 1424 nostrum
836 1384 934 1444 quum
962 1384 1087 1446 semper

131 1449 327 1531 probassem,
344 1451 414 1510 tum
431 1448 574 1513 maxime.
587 1449 620 1520 in
638 1449 702 1512 tuis
722 1449 817 1512 rebus
837 1472 996 1514 summam
1019 1453 1086 1515 eius

131 1535 235 1619 fidem,
254 1535 455 1620 diligentiam
474 1535 739 1621 prudentiamque
759 1539 904 1622 cognovi.
941 1538 994 1602 Da
1013 1561 1086 1622 ope-

131 1646 210 1707 ram,
233 1627 269 1688 ut
291 1625 411 1689 valeas:
435 1625 496 1688 hoe
519 1622 598 1687 mihi
619 1626 741 1709 gratius
760 1626 865 1690 facere
883 1626 966 1690 nihil
984 1632 1086 1710 potes

545 1817 665 1882 XXIV.

212 1929 268 1986 Ser.
288 1930 393 1986 Romae
412 1930 525 1985 ineunte
543 1947 637 1984 mense
657 1932 786 1985 Ianuario
808 1949 831 1984 a.
851 1949 877 1984 u.
896 1947 921 1986 c.
940 1938 1000 1985 711.

349 2053 496 2108 CICERO
516 2052 760 2115 CORNIFICIO
779 2053 861 2108 SAL.

96 2165 111 2214 1
197 2153 269 2238 Ego
287 2154 412 2217 nullum
430 2154 537 2216 locum
554 2153 832 2235 praetermitto-
847 2175 906 2218 nee
927 2155 1013 2218 enim
1032 2156 1086 2219 de-

131 2242 248 2305 beo-
263 2263 331 2306 non
353 2239 448 2305 modo
472 2240 624 2314 laudandi
647 2242 704 2325 tui,
727 2242 782 2305 sed
800 2263 841 2306 ne
861 2242 998 2307 ornandi
1017 2245 1086 2326 qui·

131 2331 216 2412 dein,
239 2330 294 2394 sed
317 2351 388 2392 mea
412 2328 517 2393 studia
540 2350 617 2414 erga
635 2333 667 2394 te
686 2333 719 2393 et
736 2330 842 2394 officia
863 2332 948 2395 malo
967 2331 1027 2394 tibi
1048 2353 1087 2395 ex

129 2422 259 2482 tuorum
282 2418 397 2483 litteris
421 2439 517 2501 quarn
540 2439 579 2482 ex
597 2418 675 2481 meis
695 2439 763 2482 csse
783 2423 868 2482 nota.
906 2419 951 2482 Te
974 2423 1087 2483 tamen

129 2507 255 2590 hortor,
283 2509 319 2570 ut
346 2506 435 2571 omni
464 2528 540 2571 cura
562 2507 597 2570 in
620 2527 687 2570 rem
714 2503 876 2591 pubiicam
903 2507 1085 2572 incumbas:

128 2595 192 2659 hoc
215 2598 263 2661 est
287 2595 399 2680 animi,
426 2595 488 2660 hoc
516 2599 565 2660 est
586 2595 709 2680 ingenii
731 2596 792 2679 tui,
820 2595 883 2660 hoc
910 2596 978 2661 eius
1007 2599 1086 2681 spei,
1122 2610 1124 2618 '

128 2706 226 2766 quam
252 2683 371 2748 habere
399 2684 508 2768 debes,
536 2684 779 2768 amplificandae
810 2684 977 2768 dignitatis
1000 2689 1086 2750 tuae.

91 2783 110 2832 2
131 2770 192 2835 Sed
211 2772 272 2836 hac
291 2773 329 2837 de
348 2794 382 2837 re
401 2773 480 2837 alias
500 2773 540 2837 ad
558 2777 591 2837 te
609 2772 767 2856 pluribus3
791 2795 889 2856 quum
904 2773 990 2837 enim
1004 2774 1085 2839 haec

129 2860 322 2943 scribebam,
348 2861 383 2925 in
411 2862 647 2946 exspectatione
675 2865 768 2925 erant
791 2861 912 2926 omnia:
938 2862 1086 2927 nonduin

129 2948 229 3032 legati
245 2948 417 3032 redierant,
436 2971 516 3034 quos
537 2953 667 3015 senatus
686 2972 753 3016 non
776 2950 816 3013 ad
839 2971 951 3033 pacem
974 2949 1086 3034 depre-

125 3034 274 3120 candam,
297 3037 353 3102 sed
375 3038 416 3102 ad
439 3038 694 3104 denuntiandum
716 3039 836 3103 bellum
859 3040 999 3122 miserat,
1021 3040 1086 3103 nisi

128 3125 309 3209 legatorum
328 3127 443 3192 nuntio
462 3128 630 3210 paruisset.
666 3126 739 3212 Ego
758 3130 876 3209 tamen,
895 3131 931 3191 ut
944 3128 1086 3212 primum

127 3213 253 3279 occasio
277 3212 354 3279 data
377 3219 439 3300 est,
466 3236 537 3280 meo
560 3215 697 3299 pristino
721 3236 808 3280 more
831 3235 899 3279 rem
921 3216 1085 3299 publicam

198 3422 249 3493 Ep.
269 3429 312 3493 24,
327 3430 351 3477 a.
389 3429 435 3488 est,
453 3437 553 3494 areop.
572 3438 607 3479 m.
625 3439 681 3480 rem
694 3439 725 3493 p.
740 3424 850 3490 defendi
869 3424 936 3493 (n).
973 3429 1087 3479 estnec

180 3495 351 3562 defendetde
367 3495 443 3566 Ern,
463 3493 494 3553 B.
