2370 3878
119 190 184 254 596
400 191 437 245 m
456 189 579 244 TULLII
596 187 788 244 CICERONIS

118 338 251 400 vocatus
279 335 314 398 in
341 334 475 416 curiam,
500 333 672 416 Pompeius
699 333 843 415 domum,
875 354 982 418 neque
1015 355 1078 419 ego

118 427 228 487 tamen
250 422 286 485 in
308 426 465 503 senatum,
486 443 527 485 ne
551 426 608 485 aut
630 422 668 485 de
691 423 792 485 tantis
815 422 911 486 rebus
933 427 1077 486 tacerem

120 514 177 575 aut
198 511 234 573 in
254 509 408 592 Pompeio
432 509 632 573 defendendo
656 545 697 556 —
721 531 797 573 nam
824 511 852 574 is
882 511 1079 594 carpebatur

120 620 139 663 a
161 597 293 680 Bibulo,
319 595 472 680 Curione,
498 596 656 679 Favonio,
688 596 821 662 Servilio
848 598 916 662 filio
942 636 985 645 —
1010 601 1078 662 ani-

119 707 189 751 mos
212 687 371 750 bonorum
390 687 532 750 virorum
551 686 756 768 offenderem,
779 708 830 749 res
852 687 888 749 in
906 692 1077 770 posterum

118 774 199 839 diem
216 773 316 838 dilata
339 777 402 855 est,
424 772 555 838 Clodius
572 775 608 837 in
627 773 804 850 Quirinalia
821 774 965 857 prodixit
983 776 1077 841 diem.

119 861 159 925 A.
182 863 212 926 d.
234 881 290 927 vn.
318 862 365 926 Id.
391 861 484 926 Febr.
512 866 643 926 senatus
671 862 711 926 ad
738 861 900 945 Apollinis
930 863 1008 946 fuit,
1043 870 1077 928 ut

118 949 290 1034 Pompeius
313 951 449 1014 adesset:
473 954 545 1014 acta
567 971 618 1013 res
641 955 690 1014 est
710 951 851 1034 graviter
873 950 1077 1035 aPompeio;

94 1060 159 1104 reo
182 1039 233 1103 die
256 1039 339 1103 nihil
360 1039 538 1122 perfectum
560 1041 617 1101 est.
662 1037 701 1101 A.
729 1039 758 1102 d.
781 1056 824 1102 η.
846 1037 893 1102 Id.
916 1037 1014 1103 Febr.
1037 1042 1077 1104 ad

124 1126 282 1211 Apollinis
310 1131 441 1190 senatus
468 1126 650 1191 consultum
672 1126 795 1189 factum
818 1131 878 1208 est,
909 1149 961 1211 ea,
994 1151 1076 1211 quae

120 1217 208 1281 facta
230 1218 337 1279 essent
359 1237 387 1278 a.
408 1215 438 1278 d.
459 1233 529 1279 vm.
551 1213 598 1277 Id.
620 1213 722 1296 Febr,
745 1218 857 1277 contra
879 1236 949 1279 rem
970 1217 1078 1299 publi-

121 1326 191 1369 cam
219 1325 288 1367 esse
315 1302 411 1367 facta.
459 1302 509 1368 Eo
541 1302 592 1366 die
621 1300 701 1366 Cato
733 1302 939 1366 vehementer
964 1308 1017 1368 est
1044 1306 1078 1368 in

120 1392 308 1475 Pompeium
330 1393 475 1455 invectus
499 1394 627 1454 etcum
650 1391 795 1455 oratione
813 1395 971 1475 perpetua
995 1397 1078 1456 tam-

121 1502 217 1564 quam
240 1501 329 1543 reum
353 1479 522 1560 accusavit,
545 1479 583 1542 de
606 1500 657 1542 me
677 1478 780 1543 multa
801 1500 852 1542 me
874 1480 979 1543 invito
1005 1503 1078 1545 cum

120 1588 192 1631 mea
206 1588 331 1631 summa
344 1566 438 1630 laude
457 1567 545 1647 dixit,
563 1588 662 1650 quum
679 1567 766 1630 illius
784 1568 819 1630 in
837 1588 888 1630 me
907 1569 1079 1651 perfidiam

120 1656 314 1738 increparet:
338 1654 465 1718 auditus
488 1658 538 1717 est
564 1674 683 1738 magno
711 1656 839 1719 silentio
866 1657 1079 1722 malevorum.

120 1743 302 1827 Respondit
324 1743 353 1807 ei
375 1743 580 1806 vehementer
601 1740 772 1826 Pompeius
786 1741 1003 1827 Crassumque
1028 1747 1080 1810 de-

121 1833 250 1915 scripsit
281 1832 421 1914 dixitque
454 1834 563 1914 aperte
595 1852 629 1894 se
661 1831 866 1896 munitiorem
897 1832 940 1895 ad
972 1839 1080 1899 custo·

121 1921 270 1984 dieudam
293 1920 393 1983 vitam
416 1941 507 1983 suam
529 1919 607 2002 fore,
637 1941 733 2002 quam
756 1919 929 1984 Africanus
950 1920 1082 2005 fuisset,

95 2027 218 2093 equom
241 2007 275 2073 C.
298 2006 403 2072 Carbo
425 2007 648 2071 interemisset.
693 2007 806 2091 ltaque
835 2028 975 2092 magnae
1000 2012 1081 2074 mihi

121 2119 172 2161 res
195 2098 260 2161 iam
278 2096 398 2160 moveri
415 2095 619 2177 videbantur,
640 2117 716 2159 nam
733 2094 906 2179 Pompeius
928 2097 1013 2162 haec
1033 2100 1082 2162 in-

121 2186 239 2270 telligit
253 2185 482 2267 nobiscumque
501 2184 724 2266 communicat,
742 2184 875 2248 insidias
893 2185 982 2249 vitae
1003 2209 1082 2252 suae

69 2334 74 2343 ,
121 2274 201 2357 fieri,
223 2271 258 2336 C.
278 2271 433 2336 Catonem
457 2295 476 2335 a
499 2270 615 2336 Crasso
639 2273 822 2354 sustentari,
845 2270 958 2337 Clodio
984 2297 1081 2358 pecu-

121 2361 210 2424 niam
234 2360 441 2443 suppeditari,
463 2363 634 2444 utrumque
658 2364 691 2422 et
713 2360 753 2423 ab
776 2381 814 2424 eo
838 2363 871 2423 et
893 2382 913 2423 a
927 2358 1083 2447 Curione,

121 2447 238 2512 Bibulo
272 2449 447 2530 ceterisque
484 2449 549 2512 suis
583 2449 852 2513 obtrectatoribus
884 2449 1084 2535 confirmari,

121 2538 326 2601 vehementer
348 2557 417 2599 esse
440 2536 686 2619 providendum,
713 2558 754 2600 ne
778 2536 981 2619 opprimatur
1005 2561 1083 2604 con·

121 2626 264 2690 cionario
287 2625 342 2688 illo
366 2623 486 2707 populo
510 2646 530 2687 a
552 2644 585 2686 se
608 2646 708 2707 prope
732 2625 880 2706 alienato,
905 2626 1083 2691 nobilitate

120 2715 260 2797 inimica,
282 2734 350 2776 non
373 2733 474 2794 aequo
498 2715 622 2796 senatu,
639 2713 805 2776 iuventute
823 2712 981 2795 improba.
1015 2715 1083 2781 Ita·

122 2823 182 2884 que
207 2823 240 2865 se
263 2804 437 2884 comparat,
459 2800 605 2865 homines
629 2821 667 2864 ex
688 2800 774 2884 agris
793 2800 938 2882 arcessit3
963 2824 1084 2885 operas

122 2893 230 2953 autem
254 2910 328 2954 suas
343 2887 473 2952 Clodius
497 2889 674 2972 confirmat,
697 2910 810 2952 manus
834 2889 874 2951 ad
899 2887 1084 2963 Quirinalia

121 2981 262 3062 paratur.
320 2976 360 3040 ln
397 2998 434 3041 eo
471 2975 573 3039 multo
612 2996 722 3041 sumus
759 2977 938 3061 superiores
976 2979 1083 3061 ipsius

191 3169 246 3239 Ep·
266 3175 295 3236 3,
316 3173 340 3222 a.
377 3168 568 3235 inposterum
595 3169 665 3224 diem
691 3170 781 3224 dilato
808 3168 883 3238 (W).
927 3169 1011 3238 lap.
1034 3173 1082 3226 dil

121 3239 204 3291 MRI.
208 3239 327 3307 ,.vulgo
368 3243 393 3290 3.
419 3236 454 3290 Α
478 3238 504 3291 ὥ.
533 3238 606 3291 VII
631 3239 678 3294 Ιῶ.
702 3240 805 3307 (Manu)
846 3240 928 3293 A..d
958 3240 1013 3294 VI.
1036 3244 1081 3297 Id

121 3280 1123 3381 M2.1'.,.vulgon...o1111oM1()RVlladmn)

122 3351 966 3448 111.1’a.M2‚Land.,aAmuross.V.Ia.Tunsta11.,.-B
983 3380 1123 3438 VIII

115 3417 951 3521 lamro).V1.Iitna1.‚B.-aceusavrt,ce(wt
986 3456 1123 3508 α..·ὥθΙ

106 3521 433 3597 B.—dicit,.quum.
447 3521 551 3578 lucra
566 3520 769 3590 uodttustllt
794 3491 837 3585 ds,
849 3535 941 3574 curu
951 3522 1123 3587 .c'.u..B¹
1121 3502 1123 3553 Ι

177 3746 224 3821 Ι
