2370 3878
96 176 147 233 DE
160 174 360 234 PE'l'lTIONE
374 173 525 253 CONSUL.
540 171 589 228 AD
603 174 640 230 M.
655 172 832 229 FRATREM
841 179 903 229 24-
912 182 955 230 31.
987 175 1054 241 653

51 322 154 441 'qui
175 321 311 405 incipiat
332 318 496 386 Antonius
517 318 666 384 homines
689 319 864 405 adiungere
886 323 982 404 atque
1005 321 1053 384 in·

64 446 75 511 ᾗ
96 410 200 475 vitare
222 409 263 474 ad
282 408 466 491 amicitiam,
483 429 564 491 quos
583 429 641 491 per
659 429 693 473 se
712 429 770 474 suo
792 408 922 473 nomine
946 409 1052 493 appel·

95 498 165 563 lare
186 518 254 562 non
276 496 401 581 possit?
423 496 504 560 mibi
526 494 656 579 quidem
678 495 761 560 nihil
778 497 909 561 stultius
927 496 1055 567 ridetur

51 556 73 601 Ε
95 606 194 671 quam
216 586 399 650 existimare
417 604 486 648 esso
504 605 578 648 eum
597 583 775 649 studiosum
791 585 850 668 tui,
873 605 967 668 quem
985 606 1053 650 non

51 646 194 740 'noris
243 672 405 737 Eximiam
435 671 596 755 quandam
628 672 765 756 gloriam
797 677 830 737 et
861 673 1052 757 dignitatem

51 736 134 827 *ac
160 783 269 826 rerum
297 764 461 845 gestarum
487 758 745 845 magnitudinem
771 781 840 824 esse
868 764 996 844 oportet
1017 763 1053 826 in

50 826 67 925 Ι,
95 870 149 932 eo,
178 870 273 932 quern
294 849 442 914 homines
471 847 576 932 ignoti
599 848 697 912 nullis
721 847 972 933 suffragantibus
994 849 1052 914 ho·

50 912 64 957 ¹¹
96 957 176 1002 nore
195 936 353 1020 afficiant3
375 939 413 1000 ut
431 935 558 1020 quidem
576 935 674 1001 homo
695 957 843 1020 nequam,
865 936 961 1019 iners,
984 937 1063 1002 sine

50 1004 62 1103 f
96 1024 220 1108 officio,
251 1025 320 1089 sine
351 1023 497 1109 ingenio,
529 1045 602 1088 curn
633 1023 781 1107 infamia,
811 1023 910 1089 nullis
942 1025 1052 1089 amicis

50 1096 57 1137 ¹
95 1112 261 1178 hominem
292 1112 504 1195 plurimorum
536 1111 642 1176 studio
670 1116 768 1196 atque
795 1112 939 1177 omnium
966 1113 1054 1177 bona-

50 1182 55 1225 ¹
95 1200 335 1265 existimatione
348 1201 510 1265 munitum
523 1203 719 1284 praecurrat,
737 1200 806 1264 sine
824 1221 945 1285 magna
959 1201 1054 1285 culpa

80 1289 315 1374 'negligentiae
342 1288 412 1353 fieri
438 1310 506 1353 non
534 1291 651 1371 potest.
697 1286 913 1364 Quamobrem
941 1278 1093 1384 omnesss

96 1376 259 1441 centurias
281 1377 392 1441 multis
420 1380 453 1440 et
474 1377 571 1440 variis
598 1376 748 1442 amicitiis
776 1398 853 1441 cura
879 1380 918 1441 ut
939 1377 1052 1442 confir·

96 1469 202 1529 matus
229 1465 359 1529 habeas.
408 1463 454 1529 Et
480 1465 633 1549 primum,
663 1465 696 1529 id
723 1463 810 1549 quod
840 1468 916 1529 ante
943 1466 1053 1530 oculos

96 1557 156 1636 est,
178 1555 344 1617 senatores
367 1553 553 1637 equitesque
571 1552 747 1637 Romanos,
769 1557 947 1618 ceterorum
971 1553 1053 1618 ordi·

96 1662 176 1705 num
189 1662 291 1706 navos
304 1641 452 1706 homines
471 1645 504 1705 et
521 1642 682 1726 gratiosos
701 1642 921 1725 complectere.
956 1640 1053 1706 Multi

94 1728 244 1794 homines
271 1730 388 1794 urbani
419 1730 583 1812 industrii,
613 1730 709 1793 multi
739 1729 883 1794 libertini
914 1729 950 1793 in
980 1729 1053 1794 foro

95 1817 232 1902 gratiosi
259 1818 397 1901 navique
424 1821 606 1882 versantur:
637 1838 717 1899 quos
744 1838 802 1900 per
824 1821 871 1899 te,
893 1838 974 1899 quos
996 1840 1054 1900 per

95 1925 283 1970 communes
310 1905 431 1969 amicos
457 1905 593 1989 poteris,
620 1926 746 1969 summa
770 1926 859 1987 cura,
886 1909 924 1968 ut
946 1906 1053 1988 cupidi

94 1993 145 2058 tui
168 1994 243 2076 sint,
266 1994 445 2058 elaborato:
469 1993 623 2076 appetito,
641 1992 791 2077 allegato,
814 2014 939 2058 summo
958 1993 1053 2058 bene·

94 2080 169 2146 ficio
196 2085 230 2146 te
257 2081 342 2145 affici
371 2080 541 2147 ostendito.
589 2079 715 2145 Deinde
742 2081 862 2146 habeto
894 2080 1054 2146 rationem
1067 2100 1094 2141 sc

95 2169 185 2234 urbis
207 2170 322 2235 totius:
345 2170 555 2254 collegiorum
578 2169 732 2251 omnium,
753 2189 922 2254 pagorum,
943 2169 1054 2234 vicini·

96 2261 218 2321 tatum:
245 2279 284 2322 ex
310 2258 350 2321 iis
374 2258 535 2342 principes
562 2257 603 2322 ad
631 2257 804 2322 amicitiam
831 2261 923 2321 tuam
950 2258 976 2322 si
999 2259 1053 2322 ad-

96 2346 250 2430 iunxeris,
271 2367 329 2429 per
348 2366 402 2410 eos
420 2347 578 2430 reliquam
595 2345 836 2411 multitudinem
853 2345 948 2411 facile
964 2349 1053 2410 tene·

95 2434 155 2497 bis.
209 2433 327 2498 Postea
358 2436 462 2499 totam
494 2433 624 2498 Italiam
654 2435 707 2498 fac
737 2437 776 2498 ut
808 2434 844 2498 in
876 2434 984 2500 animo
1016 2456 1054 2500 ac

96 2521 252 2587 memoria
273 2522 421 2586 tributim
440 2521 633 2606 descriptam
652 2522 979 2607 comprehensamque
997 2523 1054 2588 ha·

96 2609 182 2694 beas,
204 2631 246 2674 ne
269 2611 355 2694 quod
374 2611 594 2695 municipium,
618 2611 788 2694 coloniam,
809 2610 1054 2694 praefecturam,

94 2697 202 2762 locum
235 2699 372 2784 denique
404 2699 518 2766 Italiae
549 2720 592 2763 ne
624 2719 719 2781 quem
750 2719 819 2762 esse
851 2699 988 2782 patiare,
1019 2700 1054 2763 in

95 2807 160 2868 quo
183 2807 252 2850 non
273 2787 395 2851 habeas
418 2787 613 2850 firmamenti
637 2787 723 2869 quod
746 2786 826 2851 satis
850 2808 920 2850 esso
942 2787 1054 2871 possit,

95 2873 263 2956 perquiras
290 2877 324 2937 et
349 2875 525 2959 investiges
552 2875 700 2939 homines
728 2896 767 2939 ex
793 2874 883 2939 omni
912 2875 1054 2960 regione,
1067 2902 1092 2944 ar

95 2981 213 3045 eosque
237 2982 428 3047 cognoscas,
451 2965 599 3046 appetas,
622 2962 806 3048 confirmes,
828 2984 934 3047 cures,
960 2966 1054 3028 utin

95 3049 163 3114 suis
194 3049 415 3115 vicinitatibus
446 3051 507 3114 tibi
537 3053 653 3136 petant
684 3054 717 3116 et
746 3054 805 3117 tua
837 3072 934 3116 causa
962 3052 1054 3134 quasi

95 3138 259 3203 candidati
287 3138 361 3203 sint.
406 3136 528 3204 Volent
553 3142 587 3203 te
615 3140 767 3225 amicum,
798 3139 826 3204 si
854 3161 945 3204 suam
975 3163 995 3204 a
1021 3144 1054 3205 tc

95 3226 269 3291 amicitiam
297 3227 403 3310 expeti
430 3227 598 3293 videbunt:
630 3227 663 3291 id
690 3232 727 3293 ut
756 3228 956 3313 intelligant,
983 3250 1053 3293 ora·

94 3313 184 3378 tione
207 3336 259 3400 ea,
282 3336 364 3399 quae
387 3315 428 3379 ad
451 3337 523 3381 eam
544 3315 705 3381 rationem
726 3317 882 3403 pertinet,
903 3317 1054 3382 habenda

165 3511 190 3575 8,
205 3510 248 3561 81.
270 3507 420 3578 perquiras
433 3512 459 3564 et
472 3506 560 3579 (Eri).
595 3524 624 3578 p.
643 3508 726 3566 etium
738 3507 833 3579 vulgo.
