2370 3878
424 814 533 870 amaa
550 812 770 869 uuuscmus.

196 942 267 1009 AD
299 941 343 1007 Μ.
375 941 607 1008 BRUTUM
640 940 707 1007 ΕΤ
744 936 1001 1005 CETEROS.

586 1118 611 1182 Ι.

354 1238 411 1294 Sor.
430 1254 524 1294 mense
543 1237 635 1328 aprili
654 1253 677 1291 a.
697 1255 724 1291 u.
744 1253 766 1291 c.
788 1243 838 1292 710

234 1377 268 1434 D.
287 1378 430 1434 BRUTUS
449 1379 570 1435 BRUTO
591 1378 659 1434 SUO
678 1378 726 1433 ET
746 1377 868 1433 CASSIO
889 1376 964 1432 SAL.

191 1485 261 1565 Quo
292 1488 328 1553 in
359 1491 446 1552 statu
478 1489 590 1570 simus,
619 1487 816 1572 cognoscite:
851 1488 922 1552 heri
954 1488 1112 1572 vesperil

123 1578 209 1661 apud
236 1597 287 1640 me
316 1576 443 1640 Hirtius
470 1577 546 1658 fuit3
578 1597 642 1660 qua
664 1579 771 1640 mente
799 1580 884 1640 esset
905 1575 1079 1659 Antonius,

124 1665 365 1747 demonstravit,
387 1665 526 1748 pessima
548 1664 670 1729 scilicet
692 1668 725 1728 et
746 1664 980 1748 infidelissima3
1001 1687 1079 1729 nam

125 1775 158 1817 se
181 1775 285 1837 neque
307 1753 389 1816 mihi
411 1753 610 1836 provinciam
633 1753 709 1817 dare
732 1774 826 1836 posse
845 1753 952 1816 aiebat
974 1774 1078 1835 neque

125 1841 275 1904 arbitrari
305 1843 378 1904 tuto
414 1841 449 1903 in
480 1841 559 1904 urbe
591 1862 660 1905 esse
692 1862 885 1925 quemquam
915 1844 1078 1905 nostrum:

85 1965 98 1989 ·
126 1929 205 1992 adeo
225 1949 294 1992 esse
312 1928 452 1992 militum
469 1929 647 1994 concitatos
665 1930 790 1994 animos
808 1933 841 1993 et
858 1929 975 2013 plebis3
993 1928 1079 2012 quod

125 2019 296 2100 utrumque
324 2037 393 2081 esse
419 2017 538 2081 falsum
560 2020 639 2101 puto
669 2040 727 2083 vos
751 2017 1004 2082 animadvertere
1032 2020 1079 2081 at·

78 2179 90 2189 .
126 2127 187 2188 que
210 2105 290 2169 illud
318 2126 386 2170 esse
414 2127 538 2191 verum,
566 2106 652 2190 quod
674 2105 800 2171 Hirtius
829 2106 1079 2190 demonstrabat,

81 2197 83 2206 '
124 2194 237 2257 timere
269 2215 355 2278 curn,
386 2215 444 2278 ne,
476 2195 504 2258 si
535 2195 693 2259 mediocre
726 2195 879 2260 auxilium
912 2194 1079 2280 dignitatis

125 2285 254 2346 nostrae
268 2282 502 2366 habuissemus,
515 2283 623 2347 nullae
636 2287 745 2367 partes
759 2284 841 2362 †his
855 2285 889 2347 in
903 2305 936 2347 re
950 2283 1080 2367 publica

124 2370 390 2454 relinquerentur.
449 2369 555 2446 Quum
586 2371 621 2434 in
652 2371 704 2436 his
736 2372 895 2456 angustiis
927 2384 1114 2453 versarer‚2

124 2458 279 2541 placitum
303 2462 352 2523 est
373 2459 467 2543 mihi,
492 2463 530 2523 ut
555 2460 753 2542 postularem
780 2460 976 2544 legationem
1002 2460 1079 2522 libe-

123 2568 195 2610 ram
217 2545 298 2611 mihi
319 2547 513 2632 reliquisque
536 2549 670 2631 nostris,
698 2553 735 2613 ut
757 2549 865 2632 aliqua
888 2568 985 2612 causa
1007 2568 1079 2630 pro·

123 2635 287 2700 ficiscendi
314 2636 452 2700 honesta
480 2641 694 2721 quaereretur.
738 2635 810 2702 Hoc
838 2657 871 2700 se
893 2636 1080 2719 impetratu·

124 2745 197 2787 rum
214 2724 377 2809 pollicitus
396 2728 455 2808 est,
472 2745 531 2790 nee
549 2729 659 2789 tamen
679 2724 926 2808 impetraturum
941 2724 1080 2789 confido:

124 2815 218 2876 tanta
245 2816 295 2876 est
320 2812 489 2878 hominum
512 2813 687 2877 insolentia
716 2816 749 2876 et
771 2813 875 2877 nostri
897 2813 1081 2897 insectati03

125 2921 176 2983 ac,
203 2901 230 2964 si
258 2900 416 2984 dederint,
449 2901 535 2984 quod
562 2900 715 2984 petimus,
742 2903 852 2966 tamen
874 2902 983 2987 paullo
1006 2905 1081 2985 post

124 2987 270 3053 futurum
292 2993 371 3073 puto
394 2992 432 3053 ut
453 2989 563 3054 hostes
581 2989 758 3054 iudicemur
776 2994 833 3055 aut
851 3011 935 3074 aqua
957 2994 990 3054 et
1011 2990 1080 3073 igni

124 3077 219 3141 nobis
246 3076 466 3142 interdicatur.
516 3075 619 3162 „Quid
646 3099 723 3164 ergo
752 3076 832 3163 est“‚
862 3078 984 3162 inquis,
1014 3076 1115 3161 „tuia

195 3232 246 3303 Ep.
268 3241 336 3301 1,1.
373 3235 588 3304 †hisiarep.
609 3234 682 3304 (Ν).
720 3234 778 3289 allis
795 3236 828 3288 ia
845 3250 874 3287 re
888 3249 919 3302 p.
938 3232 1005 3300 (W.)
1032 3233 1082 3285 aut

123 3305 333 3373 epotaturus.
354 3305 421 3374 (W.)
440 3307 707 3373 autmisiarcp.
727 3305 794 3372 (W.)
818 3306 868 3358 aut
885 3303 939 3356 sius
957 3302 989 3356 ia
1006 3317 1035 3355 re
1050 3319 1080 3369 p.

122 3373 185 3498 gp.
202 3376 266 3498 Epis
276 3391 363 3500 guazso
371 3391 406 3500 pb
416 3376 488 3500 {dl}
519 3383 543 3430 2.
563 3376 665 3493 {socae
678 3377 888 3445 inpetraturum
907 3373 971 3443 tint.
1008 3371 1086 3426 Hucc
