2370 3878
348 177 608 234 EPISTULARUM
625 177 698 234 XIV.
719 185 796 234 5-7.
982 181 1046 245 489

542 425 601 493 VI.
963 482 966 487 .

119 540 178 596 Scr.
196 539 227 594 in
246 538 346 595 castris
364 538 490 610 Pompeii
508 538 605 595 Idibus
624 538 810 605 Quinctilibus
829 556 853 595 a.
873 558 900 596 u.
919 557 942 596 c.
962 546 1023 598 toa.
1069 564 1071 576 ·

348 662 529 719 TULLIUS
546 661 624 719 SUIS
644 661 670 721 S.
689 662 794 718 DICIT.

159 759 229 828 Nec
252 783 347 848 saepe
371 767 429 848 est,
451 764 502 829 cui
523 763 648 828 litteras
671 762 800 848 demus,
822 784 881 828 nec
903 784 971 828 rem
993 765 1051 829 ha-

93 850 207 920 bemus
230 851 344 936 ullam,
371 872 468 935 quam
491 852 628 917 scribere
650 851 794 917 uelimus.
839 850 891 916 Ex
912 853 976 917 tuis
999 853 1050 917 lit·

94 938 186 1023 teris,
208 959 288 1023 quas
311 940 455 1024 proxime
477 940 599 1025 accepi,
627 939 764 1025 cognovi
791 939 958 1023 praedium
980 941 1050 1005 nul-

95 1027 163 1092 lum
185 1027 294 1092 venire
312 1028 469 1112 potuisse3
492 1049 590 1112 quare
608 1027 744 1092 videatis
761 1027 867 1110 velim
890 1028 1050 1110 quomodo

96 1113 233 1179 satisfiat
265 1115 308 1199 ei,
344 1116 395 1180 cui
427 1115 515 1180 scitis
546 1137 597 1180 me
627 1114 779 1180 satisfieri
814 1115 904 1180 velle.
958 1114 1052 1191 Quod

95 1205 208 1269 nostra
229 1202 290 1267 tibi
314 1203 435 1288 gratias
458 1203 540 1287 agit,
566 1203 599 1267 id
627 1222 687 1288 ego
715 1223 784 1269 non
810 1203 909 1268 miror
931 1205 964 1267 te
987 1224 1050 1267 me-

95 1290 172 1372 reri,
203 1293 241 1355 ut
270 1310 316 1354 ea·
338 1290 399 1354 tibi
430 1291 544 1355 merito
574 1294 631 1355 tuo
664 1290 785 1375 gratias
813 1311 908 1376 agere
939 1291 1051 1374 possit.

96 1376 260 1461 Pollicem,
283 1378 310 1442 si
329 1378 433 1443 adhuc
451 1398 519 1443 non
538 1381 587 1442 est
604 1378 777 1463 profectus,
797 1401 893 1463 quam
912 1380 1051 1464 primum

96 1465 149 1531 fao
171 1465 330 1531 extrudas.
376 1463 470 1551 Cura,
491 1470 529 1531 ut
551 1466 667 1531 valeas.
711 1465 792 1533 ldib.
816 1464 941 1543 Quinct.

536 1658 610 1726 VII.

152 1768 209 1824 Ser.
228 1769 258 1823 in
276 1773 360 1840 portu
378 1770 510 1828 Caietano
533 1788 605 1827 nave
614 1786 780 1896 ⁷ppusceusa
800 1771 860 1826 Vll.
880 1770 920 1826 Id.
939 1772 998 1826 Iun.

479 1859 503 1896 a.
522 1860 550 1896 u.
570 1859 593 1897 c.
667 1883 673 1897 .

169 1961 325 2018 TULLIUS
344 1962 555 2019 TERENTIAE
576 1963 668 2019 SUAE
688 1961 763 2019 SAL.
782 1962 982 2019 PLURIMAM.

166 2060 286 2127 Omnes
309 2063 486 2129 molestias·
501 2067 533 2128 et
556 2063 800 2147 sollicitudines,
828 2063 943 2146 quibus
966 2066 999 2128 et
1020 2066 1053 2128 te
1073 2077 1087 2127 1

97 2149 311 2215 miserrimam
334 2150 432 2215 habui
455 2154 503 2236 et,
525 2151 558 2216 id
582 2151 667 2235 quod
690 2151 769 2216 mihi
792 2151 1053 2216 molestissimum

98 2240 161 2321 est,
185 2236 370 2322 Tulliolam,
397 2260 478 2323 quae
500 2238 595 2304 nobis
618 2243 731 2304 nostra
757 2239 824 2304 vita
852 2237 974 2306 dulcior
996 2245 1054 2325 est,

98 2325 233 2409 deposui
256 2329 289 2391 et
311 2326 400 2408 eieci,
427 2326 503 2410 quid
530 2347 645 2391 causae
669 2330 777 2391 autem
798 2326 909 2411 fuerit,
937 2329 1053 2412 postri-

99 2412 150 2476 die
172 2413 324 2498 intellexi,
346 2435 443 2497 quam
466 2435 486 2477 a
507 2414 599 2479 vobis
620 2414 763 2479 discessi:
786 2409 890 2498 χολὴν
909 2409 1054 2499 ἄκρατον

97 2503 198 2565 noctu
221 2501 312 2583 eieci3
339 2501 450 2566 statim
476 2502 523 2566 ita
552 2523 624 2567 sum
645 2504 783 2586 levatus,
805 2505 843 2567 ut
869 2503 948 2567 mihi
975 2504 1053 2568 deus

98 2588 215 2672 aliquis
237 2589 429 2654 medicinam
456 2589 570 2654 fecisse
597 2590 756 2675 videatur,
784 2590 835 2655 cui
862 2589 991 2673 quidem
1016 2593 1054 2654 tu

98 2675 168 2758 deo,
191 2677 459 2760 quemadmodum
487 2679 584 2762 soles,
612 2679 664 2764 pie
693 2683 725 2744 et
752 2681 838 2743 caste
867 2677 1054 2762 satisfacies,

97 2762 131 2826 id
159 2767 208 2828 est
233 2762 379 2848 Apollini
407 2768 440 2830 et
464 2765 668 2851 Aesculapio.
717 2764 842 2831 Navem
872 2786 965 2850 spero
992 2786 1087 2836 noea

96 2849 190 2914 valde
213 2849 333 2915 bonam
354 2850 487 2936 habere3
509 2855 545 2918 in
567 2874 638 2918 eam
657 2854 849 2938 simulatque
872 2853 1054 2938 conscendi,

96 2936 177 3001 haee
201 2937 322 3022 scripsi.
366 2938 492 3005 Deinde
513 2940 714 3006 'conscribam
741 2941 782 3006 ad
809 2945 938 3008 nostros
960 2942 1053 3007 fami·

96 3024 193 3089 liares
216 3025 334 3090 multas
357 3026 524 3112 epistolas,
551 3028 667 3112 quibus
689 3032 722 3093 te
744 3032 777 3094 et
800 3028 973 3095 Tulliolam
994 3050 1053 3093 no·

97 3115 198 3178 stram
222 3113 466 3200 diligentissime
489 3115 729 3181 commendabo.
771 3113 965 3183 cohortarer
986 3137 1053 3200 vos,

169 3286 220 3358 Ep.
245 3294 269 3343 6.
318 3287 498 3344 TVLLIVS
521 3287 770 3344 TERENTIAE
789 3287 847 3343 ET
869 3285 1055 3342 TVLLIAE

97 3354 192 3412 SVIS
215 3357 299 3427 (wil
335 3358 387 3430 Ep.
408 3365 471 3426 i,1.
499 3359 585 3415 babai
602 3365 641 3425 ct,
658 3360 690 3414 td
770 3364 821 3424 cot,
842 3357 915 3413 Tull.
934 3357 998 3427 (V.).
1029 3363 1054 3412 et

97 3443 150 3483 om.
169 3427 206 3484 Μ.
243 3428 278 3497 la,
296 3429 383 3484 id...
399 3434 445 3496 cat,
463 3433 488 3486 et
508 3428 539 3484 T.
559 3429 600 3485 cd.
619 3428 691 3496 Era,
709 3428 841 3498 Hittorp.‚
860 3427 890 3484 B.
910 3457 943 3469 -
962 3428 994 3484 id
1015 3433 1054 3485 cat

96 3496 133 3551 A.
152 3503 178 3555 cl
194 3498 272 3556 Aeac.
291 3497 338 3567 M,
357 3499 451 3570 vulgo.
489 3498 532 3570 [id
609 3498 701 3570 Aeac]
718 3499 803 3567 Mam,
820 3498 853 3555 B.
