2370 3878
174 162 214 225 18
456 164 493 217 M.
514 163 637 219 TULLII
657 163 847 222 CICERONIS

171 328 248 372 vero
270 307 471 393 ulciscendis,
495 329 575 391 quos
598 309 659 373 tibi
681 310 800 393 partim
818 310 967 377 inimicos
989 333 1061 378 esse
1083 302 1140 381 inss

170 395 291 480 telligis
313 399 446 480 propter
467 399 558 460 tuam
576 399 872 483 propugnationem
895 401 1009 465 salutis
1031 424 1135 489 meae,

171 483 290 569 partim
308 483 450 549 invidere
468 488 601 569 propter
618 485 705 549 illius
725 487 861 552 actionis
884 489 1133 572 amplitudinem

172 576 205 637 et
227 572 373 657 gloriam,
395 572 565 638 mirificum
583 595 634 638 me
652 574 713 638 tibi
733 576 883 641 comitem
901 576 1133 665 praebuissem,
1153 644 1156 651 ,

172 683 366 746 quamquam
383 661 438 726 ille
456 662 607 745 perennis
625 662 774 726 inimicus
794 664 970 729 amicorum
989 682 1134 752 suorum,

172 750 227 834 qui
253 749 318 813 tuis
347 750 495 815 maximis
524 750 687 814 beneficiis
716 754 849 816 ornatus
876 753 912 816 in
940 756 974 817 te
1000 755 1132 838 potissi·

170 859 259 902 mum
280 837 418 901 fractam
443 838 533 901 illam
561 841 594 902 et
616 838 815 904 debilitatam
842 840 908 905 vim
935 862 1027 905 suam
1055 864 1134 908 con·

170 926 255 1009 tulit,
272 929 418 990 nostram
435 926 538 990 vicem
556 927 644 990 ultus
662 929 711 991 est
728 927 797 1011 ipse
816 949 894 1013 sese,
917 951 955 993 ea
974 932 1023 994 est
1042 931 1132 996 enim

171 1017 320 1097 conatus,
344 1014 459 1098 quibus
482 1014 653 1099 patefactis
675 1016 798 1081 nullam
822 1016 883 1081 sibi
904 1017 940 1081 in
961 1022 1131 1101 posterum

170 1124 238 1168 non
260 1103 357 1168 modo
380 1103 557 1189 dignitatis,
581 1103 636 1168 sed
658 1125 700 1168 ne
722 1104 881 1169 libertatis
904 1106 1034 1188 quidem
1056 1129 1131 1191 par-

136 1196 236 1256 atem
258 1192 397 1274 reliquit,
434 1191 479 1254 Te
503 1194 620 1276 autem,
642 1192 704 1256 etsi
725 1194 855 1258 mallem
877 1193 912 1257 in
930 1194 1009 1258 meis
1032 1196 1131 1261 rebus

171 1281 337 1361 expertum
365 1300 462 1362 quam
489 1280 586 1342 etiam
609 1280 647 1343 in
673 1280 751 1364 tuis,
780 1284 891 1346 tamen
917 1282 952 1346 in
979 1284 1130 1348 molestia

172 1367 296 1450 gaudeo
316 1387 387 1429 eam
400 1366 496 1429 fidem
510 1386 667 1451 cognosse
685 1367 854 1433 hominum
867 1370 995 1435 nonita
1008 1391 1130 1457 magna

170 1454 328 1536 mercede,
356 1475 453 1537 quam
480 1474 540 1539 ego
568 1455 707 1520 maximo
736 1455 845 1522 dolore
873 1479 1061 1543 cognoram,
1089 1460 1128 1524 de

172 1565 236 1626 qua
257 1542 383 1606 ratione
405 1545 477 1606 tota
498 1543 563 1606 iam
586 1543 712 1606 videtur
738 1542 818 1606 mihi
845 1547 1026 1628 exponendi
1048 1551 1128 1612 tern-

171 1653 232 1714 pus
264 1630 346 1715 dari,
375 1632 413 1694 ut
439 1629 500 1694 tibi
531 1631 704 1694 rescribam
732 1631 773 1695 ad
800 1652 851 1716 ea,
882 1654 963 1716 quae
992 1637 1128 1719 quaeris.

136 1731 153 1778 4
172 1717 349 1783 Certiorem
366 1721 399 1782 te
417 1740 475 1802 per
492 1718 617 1782 litteras
636 1717 748 1782 scribis
766 1739 835 1783 esse
852 1719 976 1784 factum
989 1744 1129 1788 mecum

172 1805 308 1872 Caesare
332 1811 364 1872 et
386 1828 459 1871 cum
482 1805 589 1890 Appio
613 1827 681 1870 esse
703 1806 738 1870 in
759 1806 864 1892 gratia
885 1810 982 1890 teque
1004 1810 1037 1872 id
1059 1832 1129 1876 non

171 1896 403 1981 reprehendere
421 1894 568 1979 ascribis3
590 1893 760 1960 Vatinium
778 1897 886 1961 autem
905 1895 985 1959 scire
998 1899 1031 1959 te
1046 1898 1128 1962 velle

173 1986 315 2049 ostendis
339 1985 455 2069 quibus
481 1984 578 2049 rebus
601 1985 757 2050 adductus
780 1984 977 2050 defenderim
1004 1988 1038 2048 et
1059 1986 1128 2049 lau-

173 2072 284 2156 darim‚
307 2073 392 2156 quod
416 2074 475 2138 tibi
498 2076 535 2138 ut
556 2073 685 2157 planius
708 2095 876 2158 exponam,
899 2074 995 2139 altius
1017 2074 1127 2158 paullo

171 2161 331 2225 rationem
354 2161 562 2226 consiliorum
584 2183 729 2226 meorum
750 2166 895 2244 repetam
917 2182 1047 2224 neccsse
1070 2166 1127 2225 est.

173 2248 246 2334 Ego
268 2270 329 2332 mc,
351 2247 498 2333 Lentule,
520 2248 614 2312 initio
636 2270 744 2312 rerum
762 2253 858 2332 atque
877 2248 1040 2312 actionum
1056 2253 1127 2313 tua-

172 2338 245 2401 rum
267 2358 334 2402 non
358 2337 462 2401 solum
484 2336 577 2420 meis,
601 2336 656 2401 sed
679 2337 777 2400 etiam
798 2335 845 2400 rei
867 2335 1014 2419 publicae
1036 2338 1128 2400 resti·

172 2430 280 2490 tutum
302 2426 457 2510 putabam
479 2429 520 2509 et,
543 2425 696 2507 quoniam
712 2423 773 2489 tibi
790 2423 1009 2489 incredibilem
1030 2445 1128 2509 quen·

174 2515 249 2579 dam
281 2535 422 2579 amorem
459 2517 492 2578 et
523 2513 632 2577 omnia
662 2512 696 2576 in
727 2516 760 2576 te
795 2512 902 2595 ipsum
934 2534 1059 2576 summa
1090 2534 1128 2577 ac

175 2603 352 2689 singularia
375 2602 482 2666 studia
504 2601 661 2684 deberem,
682 2600 728 2664 rei
751 2599 911 2684 publicae,
935 2622 1015 2684 quae
1038 2606 1070 2664 te
1093 2602 1128 2664 in

174 2715 225 2758 me
252 2691 450 2756 restituendo
477 2690 616 2755 multum
642 2688 829 2772 adiuvisset,
861 2710 933 2752 eum
964 2690 1050 2751 certe
1077 2709 1128 2753 mc

176 2782 319 2844 animum
332 2780 446 2845 merito
460 2777 561 2862 ipsius
581 2777 695 2842 debere
713 2775 902 2860 arbitrabar,
920 2796 1014 2859 quem
1033 2779 1129 2840 antea

174 2869 399 2933 tantummodo
432 2866 594 2932 communi
625 2865 731 2930 officio
763 2865 893 2947 civium,
924 2884 991 2927 non
1021 2864 1128 2947 aliquo

177 2977 253 3040 erga
280 2978 331 3020 me
355 2956 511 3041 singulari
538 2954 692 3020 beneficio
720 2953 863 3018 debitum
890 2951 1130 3036 praestitissem.

175 3043 247 3111 Hac
269 3067 320 3108 me
343 3047 450 3109 mente
472 3044 573 3108 fuisse
596 3046 628 3107 et
651 3045 781 3107 senatus
809 3063 847 3105 ex
870 3061 921 3105 me
944 3044 976 3104 te
999 3042 1130 3104 consule

178 3130 308 3198 audivit'
322 3135 355 3198 et
376 3136 413 3197 tu
435 3133 470 3197 in
492 3131 612 3197 nostris
631 3129 831 3195 sermonibus
850 3129 1130 3194 collocutionibus-

73 3250 75 3254 ⁴
126 3242 159 3290 c
179 3244 239 3307 que
262 3222 325 3305 ipsi
346 3221 464 3285 vidisti.
513 3219 587 3285 Etsi
613 3219 678 3283 iam
705 3219 817 3302 primis
846 3217 1131 3301 temporibusillis

177 3311 287 3377 multis
314 3309 410 3375 rebus
441 3330 531 3374 meus
559 3306 780 3372 offendebatur
807 3307 946 3390 animus,
973 3327 1071 3390 quum
1099 3309 1132 3370 te

248 3482 300 3574 ip.
320 3509 346 3570 o,
359 3507 385 3557 4.
421 3500 515 3572 aaa
533 3516 597 3571 erpa
615 3500 682 3569 (us.
722 3500 808 3555 araur
825 3517 846 3554 ι.
866 3499 921 3561 or..
935 3496 966 3550 a.
