2370 3878
355 180 616 236 EPISTOLARUM
634 180 668 236 Χ.
688 188 712 236 c.
733 188 757 235 τ.
969 181 1038 246 303·

78 326 237 411 seiungas,
256 326 370 390 deinde
388 329 421 390 te
441 326 567 391 senatui
584 318 742 409 bonisque
761 325 910 391 omnibus
926 330 1032 391 aucto·

77 435 153 496 rem,
171 414 358 499 principem,
377 414 489 479 ducem
507 415 671 516 praebeas,
688 417 854 516 postremo
866 417 904 478 ut
920 436 1033 498 pacem

78 523 146 564 esse
173 502 292 568 iudices
319 525 387 568 nou
414 503 450 566 in
477 502 575 567 armis
583 503 730 654 ,positia
762 504 854 567 sed
845 524 879 566 1n
908 503 1032 568 abiecto
1054 526 1057 530 ·

78 611 239 654 armorum
272 595 304 654 et
336 592 499 655 servitutis
531 593 628 655 metu.
672 589 762 655 Haec
790 592 818 656 si
845 595 878 655 et
900 594 1033 676 ageset

78 678 209 761 senties,
236 682 306 743 tum
334 680 396 742 eris
428 700 496 744 non
522 679 618 744 modo
646 681 759 743 consul
787 683 820 744 et
847 680 1034 763 consularis,

78 767 133 831 sed
156 786 294 852 magnus
318 768 415 831 etiam
439 767 551 832 consul
579 770 612 831 et
634 768 826 850 consularis,
854 769 904 832 sin
931 768 1033 852 aliter,

26 914 32 920 ,
77 857 146 919 tum
174 856 209 919 in
236 855 307 919 istis
336 856 543 938 amplissimis
571 856 756 920 nominibus
782 855 943 929 honorum
966 878 1034 921 non

78 943 173 1007 modo
202 943 344 1028 dignitas
371 945 462 1007 nulla
492 944 565 1026 erit,
598 944 653 1007 sed
685 943 746 1007 erit
778 967 903 1008 summa
930 944 1032 1009 defor-

78 1031 182 1095 mitas.
227 1030 317 1096 Haec
344 1032 501 1116 impulsus
528 1031 754 1095 benevolentia
782 1032 895 1115 scripsi
924 1034 1033 1115 paullo

79 1120 228 1203 severius,
251 1142 333 1204 quae
356 1123 392 1184 tu
415 1120 450 1183 in
473 1119 666 1203 experiendo
689 1140 727 1184 ea
740 1120 875 1202 ratione,
898 1141 979 1203 quae
1002 1124 1034 1184 te

79 1208 178 1292 digna
202 1211 259 1292 est,
282 1230 358 1272 vera
380 1229 449 1272 esse
473 1229 657 1293 cognosces.
700 1207 740 1272 D.
763 1223 839 1270 xl11.
862 1207 933 1272 Kal.
957 1207 1034 1291 Apr.

520 1401 594 1467 VII.

125 1511 181 1567 Sor.
200 1511 229 1566 iu
249 1512 341 1567 Gallia
360 1511 547 1584 Transalpina
564 1531 659 1570 mense
677 1515 779 1570 Martio
798 1529 823 1569 a.
842 1532 869 1568 u.
889 1531 910 1568 c.
933 1521 992 1568 711.

375 1638 540 1694 PLANCUS
559 1638 737 1694 CICERONI.

145 1739 243 1803 Plura
264 1741 325 1805 tibi
348 1740 386 1803 de
409 1741 489 1803 meis
513 1739 655 1803 consiliis
675 1740 846 1803 scriberem
863 1737 1034 1802 rationem·
1056 1753 1069 1798 1

80 1850 140 1910 que
165 1829 309 1892 omnium
331 1850 438 1891 rerum
460 1827 626 1891 redderem
648 1826 824 1909 verbosius,
847 1846 910 1908 quo
932 1825 1036 1907 magis

79 1916 236 1979 iudicares
261 1917 369 1980 omnia
391 1936 442 1978 me
465 1914 512 1977 rei
539 1914 686 1998 publicae
714 1913 927 1998 praestitisse,
955 1933 1036 1994 quae

81 2007 113 2066 et
135 2007 193 2066 tua
215 2003 438 2066 exhortatione
461 2003 570 2085 excepi
594 2005 626 2065 et
648 2023 720 2065 mea
738 2001 953 2065 affirmatione
976 1999 1037 2063 tibi

80 2091 186 2174 recepi
200 2127 242 2136 -
257 2112 325 2154 non
347 2091 453 2153 minus
476 2090 562 2153 enim
586 2093 655 2153 ate
674 2090 803 2173 probari
827 2111 923 2172 quam
946 2088 1036 2172 diligi

81 2183 218 2262 semper
234 2179 336 2256 volui,
369 2199 427 2242 nec
450 2182 482 2242 te
514 2179 618 2263 magis
645 2178 681 2242 in
713 2178 807 2262 culpa
835 2178 1036 2241 defensorem

80 2268 161 2332 mihi
183 2267 308 2351 paravi,
337 2289 433 2350 quam
460 2267 713 2351 praedicatorem
740 2266 928 2330 meritorum
950 2288 1035 2330 meo·

80 2379 151 2420 rum
176 2378 245 2420 esse
268 2356 356 2420 volui
380 2379 435 2438 -3
458 2355 513 2419 sed
536 2355 714 2420 breviorem
736 2377 787 2418 me
811 2354 892 2419 duae
915 2375 966 2419 res
988 2354 1035 2418 fa-

81 2445 182 2509 ciunt:
210 2465 288 2528 rma,
316 2444 401 2528 quod
429 2443 566 2527 publicis
592 2443 707 2507 litteris
736 2443 845 2508 omnia
872 2465 944 2508 sum
966 2465 1036 2526 per-

81 2537 222 2616 secutus,
245 2534 359 2614 altera,
388 2533 473 2617 quod
500 2531 543 2595 M.
567 2529 778 2616 Varisidium,
805 2533 945 2616 equitem
972 2531 1035 2594 Ro-

81 2644 226 2704 manum,
255 2621 447 2685 familiarem
479 2642 598 2706 meum,
625 2621 732 2705 ipsum
760 2621 801 2684 ad
832 2626 865 2685 te
897 2619 1035 2683 transire

80 2711 173 2793 iussi,
201 2732 240 2774 ex
262 2732 325 2793 quo
350 2710 459 2773 omnia
486 2731 680 2795 cognoscere
707 2730 828 2793 posses.
872 2707 949 2772 Non
972 2721 1071 2771 mea

82 2799 152 2866 dius
184 2797 279 2862 fidius
311 2798 462 2862 mediocri
495 2799 604 2862 dolore
637 2797 813 2880 afficiebar,
850 2819 950 2880 quum
982 2796 1036 2860 alii

82 2908 238 2969 occupare
261 2886 499 2970 possessionem
520 2884 626 2949 laudis
645 2886 838 2969 viderentur,
862 2885 916 2949 sed
935 2907 1036 2968 usque

81 2975 161 3039 mihi
174 2975 359 3058 temperavi,
377 2974 454 3037 dum
472 2973 678 3058 perducerem
697 2994 734 3037 eo
752 2995 830 3058 rem,
847 2979 885 3038 ut
902 2973 1037 3057 dignum

82 3062 203 3147 aliquid
235 3067 268 3127 et
300 3063 469 3127 consulatu
501 3083 573 3126 meo
606 3064 638 3125 et
664 3064 771 3126 vestra
798 3060 1036 3146 exspectatione

82 3152 254 3234 efficerem3
278 3152 363 3234 quod
387 3172 489 3234 spero,
513 3150 539 3214 si
562 3171 613 3214 me
636 3150 768 3214 fortuna
787 3172 855 3214 non
877 3148 1036 3229 fefellerit,

81 3262 133 3304 me
156 3244 412 3323 consecuturum,
435 3243 472 3302 ut
489 3239 628 3303 maximo
647 3238 806 3322 praesidio
825 3238 871 3301 rei
889 3236 1036 3320 publicae

81 3349 142 3395 nos
164 3329 264 3394 fuisse
288 3332 321 3393 et
338 3349 425 3393 nunc
444 3328 586 3392 sentiant
602 3327 749 3392 homines
769 3329 801 3389 et
819 3326 853 3388 in
872 3327 1036 3408 posterum

151 3522 203 3590 Ep
225 3528 285 3587 63
316 3466 456 3590 postremo
474 3526 506 3577 ut
518 3523 581 3592 p(
571 3521 631 3592 (.,M
650 3520 819 3591 uulffigol
823 3515 1011 3589 &lulli
