2370 3878
126 178 170 241 40
410 177 448 230 Μ.
468 175 591 231 TULLII
610 175 799 231 CICERONIS

127 328 216 389 rator
230 322 361 406 quidam
375 325 408 385 et
422 322 514 405 quasi
533 321 739 407 gubernator,
759 322 813 405 qui
833 322 860 385 si
879 343 918 386 ex
936 323 1087 388 omnibus

126 434 211 476 unus
236 410 398 494 optandus
421 414 518 494 esset,
547 414 775 493 quem‘tecum
803 410 948 475 conferre
977 433 1087 494 posse-

126 523 208 584 mus²
230 521 299 564 non
320 499 525 563 haberemus:
548 499 765 582 quamobrem,
789 499 816 564 si
834 521 885 562 me
904 521 1088 583 memorem,

128 590 155 653 si
178 592 322 674 gratum,
350 588 378 651 si
400 588 522 654 bonnm
544 588 649 651 virum
671 588 722 652 vel
746 609 784 651 ex
806 587 868 652 hoo
891 587 977 673 ipso,
999 589 1087 672 quod

126 681 195 743 tam
209 677 415 743 vehementer
428 676 468 741 dc
481 675 604 741 Milone
617 676 770 761 laborem,
789 676 971 740 existimare
984 681 1087 761 potes,

128 767 155 830 si
179 765 314 851 dignum
337 764 474 853 denique
496 765 562 829 tuis
584 764 749 829 beneficiis
771 764 903 847 iudicas,
925 764 988 829 hoo
1012 787 1031 828 a
1054 769 1088 829 te

127 858 217 940 peto,
245 858 283 919 ut
305 854 476 918 subvenias
503 853 579 917 huic
601 874 692 917 meae
720 853 928 918 sollicitudini
956 857 989 917 et
1011 854 1087 918 huic

127 964 217 1009 meae
239 943 327 1008 laudi
350 944 410 1028 vel,
432 946 470 1006 ut
493 942 598 1007 verius
623 941 735 1026 dicam,
756 963 858 1026 prope
879 942 975 1006 saluti
992 945 1087 1005 tuum

128 1031 270 1096 studium
293 1031 388 1097 dices.
425 1030 475 1096 De
497 1031 568 1114 ipso
593 1035 626 1094 Τ.
650 1028 759 1095 Annio
783 1033 911 1094 tantum
933 1029 994 1093 tibi
1017 1031 1087 1113 pol-

126 1121 233 1204 liceor,
250 1124 284 1184 te
302 1120 433 1185 maioris
447 1119 556 1204 animi,
574 1119 751 1204 gravitatis,
770 1119 971 1184 constantiae
990 1119 1086 1182 bene-

127 1209 351 1293 volentiaeque
369 1229 447 1294 erga
464 1211 507 1292 te,
526 1208 553 1271 si
567 1208 737 1291 complecti
754 1207 919 1272 hominem
936 1207 1087 1292 volueris,

126 1298 314 1363 habiturum
332 1319 401 1362 esse
419 1297 594 1377 neminem3
612 1296 692 1359 mibi
709 1317 785 1359 vero
804 1299 932 1359 tontum
953 1295 1087 1380 decoris,

126 1390 255 1455 tantum
282 1385 450 1472 dignitatis
473 1384 669 1467 adiunxeris
698 1387 750 1447 nt.
763 1384 900 1448 eundem
931 1387 965 1447 te
991 1383 1086 1448 facile

128 1496 303 1561 agnoscam
324 1475 424 1538 fuisse
445 1473 481 1536 in
503 1472 597 1536 laude
621 1493 701 1555 mec,
724 1473 779 1555 qui
797 1472 898 1536 fueris
915 1473 951 1534 in
973 1473 1086 1536 salute.

92 1575 109 1622 5
128 1564 200 1650 Ego
223 1565 258 1628 ni
281 1567 313 1627 te
336 1562 443 1627 videre
466 1561 595 1643 scirem,
608 1582 721 1644 ..quum
744 1560 785 1624 ad
811 1564 844 1624 tc
866 1560 946 1624 liaeo
970 1561 1086 1624 scribe·

128 1675 208 1736 rem,
241 1655 398 1737 quantum
429 1671 511 1715 onus
543 1648 642 1713 officii
676 1649 866 1713 sustinerem
901 1651 1087 1732 quantoque

129 1763 224 1825 opere
239 1793 240 1797 ,
255 1739 335 1804 mihi
368 1741 452 1803 esset
482 1738 518 1802 in
548 1736 610 1801 hec
641 1735 798 1820 petitione
829 1736 962 1801 Milonis
997 1737 1086 1801 omni

128 1850 197 1892 non
224 1827 320 1892 modo
344 1826 565 1909 contentione,
595 1824 771 1890 sedetiam
794 1825 1000 1890 dimicatione
1023 1826 1086 1888 ela·

128 1917 322 1999 horandum,
345 1917 439 2000 plura
462 1915 647 1979 scriberem:
673 1935 761 1979 nunc
783 1914 844 1979 tibi
867 1930 1000 1978 omnem
1018 1935 1087 1977 rem

130 2010 225 2088 atque
249 2026 379 2068 causam
401 2025 516 2087 meque
534 2005 641 2068 totum
658 2002 847 2068 commendo
867 2005 963 2086 atque
983 2001 1086 2066 trado.

129 2092 240 2158 Unum
261 2091 324 2156 hoc
342 2093 388 2156 sic
406 2091 539 2157 habeto:
563 2092 590 2156 si
613 2114 633 2156 a
655 2094 687 2155 te
705 2091 790 2156 lianc
812 2111 880 2154 rem
902 2090 1087 2173 impetrare,

129 2203 180 2245 me
212 2202 314 2265 paene
345 2181 418 2265 plus
446 2180 506 2244 tibi
533 2203 631 2264 quam
657 2179 720 2262 ipsi
746 2178 864 2243 Miloni
891 2176 1086 2260 debiturum3

129 2291 198 2335 non
225 2269 310 2333 enim
337 2269 417 2334 mihi
447 2272 516 2333 tam
541 2291 615 2333 mea
637 2268 724 2331 salus
747 2287 822 2330 cara
849 2263 925 2347 fuit,
955 2264 991 2328 in
1023 2287 1086 2348 qua

130 2358 300 2442 praecipue
324 2380 395 2423 sum
417 2358 458 2423 ab
481 2358 538 2423 illo
562 2356 700 2439 adiutus,
722 2375 820 2438 quam
841 2352 945 2436 pietas
968 2354 1029 2417 erit
1050 2353 1087 2416 in

130 2447 298 2511 referenda
321 2447 426 2532 gratia
438 2445 588 2530 iucunda,
609 2465 682 2508 eam
695 2445 804 2508 autem
821 2441 918 2506 unius
939 2444 996 2507 tuo
1018 2443 1085 2506 stu-

131 2535 184 2599 dio
207 2557 258 2599 me
282 2537 409 2621 assequi
431 2556 527 2621 posse
549 2531 686 2598 confido.

200 2799 252 2868 Ep.
274 2804 337 2865 o,4.
374 2797 503 2852 tocote
515 2792 653 2863 cotom,
672 2792 703 2846 Β.
739 2790 999 2860 noscuntur.
1037 2791 1087 2847 too

131 2871 179 2924 otc
202 2875 227 2923 te
244 2885 275 2936 p.
301 2867 385 2934 (W.)?
436 2871 461 2920 5.
484 2869 617 2935 questum
639 2879 709 2918 onas
733 2863 819 2932 officii
842 2859 1085 2932 (Martyui-ch.).

130 2944 251 3009 quantoe
269 2939 314 3005 off.
334 2937 393 2990 Ml.
430 2941 564 3006 quantum
582 2938 627 3002 off.
646 2935 706 3002 Ma,
724 2934 755 2989 B.
780 2964 813 2975 -
838 2937 991 3004 quantoque
1008 2947 1087 3002 opere

132 3013 239 3134 (maffio
259 3007 353 3133 egat).
399 3013 502 3077 quanto
524 3022 602 3075 opere
619 3006 684 3060 ΜΒ.
708 3035 742 3047 -
765 3007 850 3061 ocios
866 3008 914 3059 troo
938 3003 977 3071 (M
986 3005 1020 3072 1).
1056 3019 1085 3056 c.

130 3082 174 3135 tui
225 3086 251 3149 2,
293 3118 300 3133 .
