2370 3878
164 130 227 194 184
443 130 480 184 Μ.
500 129 624 184 TULLII
642 128 833 185 CICERONIS

162 275 355 359 complexus,
379 275 551 360 singularis
570 275 674 357 pietas
693 295 845 358 amorque
867 275 1032 341 fraternus
1050 279 1121 343 nul·

162 366 229 427 lum
251 383 303 425 me
325 363 449 446 patitur
472 363 570 427 officii
593 383 671 447 erga
692 366 725 426 te
744 363 904 446 studiique
922 386 1041 432 munus
1065 372 1122 431 aut

161 456 290 535 tempus
313 451 577 534 praetermittere.
624 449 699 534 sed,
727 472 808 533 quae
831 451 948 516 faciam
974 453 1120 519 fecerim·

163 561 223 621 que
255 560 314 622 pro
346 543 394 623 te,
426 560 464 602 ex
486 540 615 604 illorum
646 542 679 602 te
706 539 822 603 fitteris
850 562 947 623 quam
975 562 1014 605 ex
1040 544 1120 608 meis

161 627 247 690 malo
271 647 478 711 cognoscere,
501 626 578 711 quid
601 630 710 691 autem
733 648 858 710 sperem
881 632 939 692 aut
959 630 1120 697 confidam

163 719 195 779 et
219 715 420 798 exploratum
441 716 580 779 habeam
603 715 641 779 de
666 716 769 779 salute
791 718 864 799 tua,
886 715 920 779 id
942 716 1002 781 tibi
1026 740 1046 782 a
1069 739 1119 783 me

163 802 317 867 declarari
348 805 435 868 volo:
467 826 556 888 nam,
588 803 615 867 si
647 803 816 886 quisquam
849 807 899 868 est
924 804 1057 870 timidus
1084 808 1120 871 in
1170 822 1176 829 ’

163 892 290 976 magnis
317 893 567 976 periculosisque
596 892 690 955 rebus
721 912 908 975 semperque
936 894 1041 977 magis
1066 895 1119 959 ad-

162 1001 273 1046 versos
295 1002 402 1044 rerum
426 981 528 1045 exitus
551 983 697 1044 metuens
725 1001 821 1062 quam
844 1001 978 1062 sperans
1007 1003 1119 1046 secun-

163 1068 229 1151 dos,
252 1069 280 1132 is
304 1090 363 1153 ego
388 1092 459 1133 sum
482 1072 527 1153 et,
556 1069 583 1132 si
604 1069 666 1133 hoc
688 1068 802 1132 vitium
826 1071 887 1151 est,
915 1090 953 1133 eo
976 1090 1028 1134 me
1051 1091 1120 1136 non

127 1174 269 1221 scatere
298 1157 465 1240 confiteor3
497 1178 557 1241 ego
580 1156 666 1220 idem
687 1160 811 1239 tamen,
843 1178 942 1240 quum
969 1178 997 1221 a.
1025 1158 1055 1222 d.
1078 1157 1119 1223 V.

161 1245 233 1309 Kal.
256 1245 462 1309 intercalares
485 1245 608 1328 priores
626 1248 743 1328 rogatu
760 1244 898 1308 fratrum
915 1247 1047 1309 tuorum
1066 1267 1119 1310 ve·

161 1333 281 1397 nissem
308 1354 403 1396 mane
431 1332 472 1396 ad
500 1329 669 1396 Caesarem
697 1336 793 1415 atque
822 1353 950 1396 omnem
979 1332 1119 1398 adcundi

162 1424 195 1484 et
213 1421 424 1484 conveniendi
442 1421 528 1484 illius
551 1421 778 1505 indignitatem
797 1424 830 1484 et
847 1420 1030 1485 molestiam
1047 1442 1119 1505 per·

162 1509 316 1592 tulissem,
339 1530 438 1591 quum
459 1507 576 1572 fratres
600 1512 632 1572 et
654 1508 826 1592 propinqui
849 1508 898 1573 tui
915 1509 1059 1574 iacerent
1077 1509 1118 1573 ad

161 1596 258 1679 pedes
282 1599 314 1660 et
333 1617 393 1681 ego
415 1618 518 1661 essem
535 1598 672 1680 locutus,
695 1617 777 1680 quae
795 1616 901 1680 causa,
924 1618 1006 1680 quae
1024 1600 1119 1662 tuum

162 1690 289 1769 tempus
311 1685 506 1769 postulabat,
528 1707 596 1749 non
615 1686 719 1749 solum
738 1684 941 1749 exoratione
961 1682 1119 1770 Caesaris,

162 1795 244 1856 quae
277 1794 353 1838 sane
385 1774 490 1839 mollis
524 1778 557 1837 et
587 1773 728 1837 liberalis
760 1772 836 1855 fuit,
869 1772 925 1837 sed
953 1774 1052 1838 etiam
1079 1794 1119 1838 ex

162 1863 262 1926 oculis
286 1866 318 1927 et
340 1863 441 1947 vultu,
465 1884 503 1926 ex
520 1863 630 1927 multis
651 1864 817 1944 praeterea
836 1860 946 1945 signis,
969 1882 1052 1944 quae
1069 1861 1118 1925 fa-

162 1951 252 2016 cilius
276 1952 455 2036 perspicere
478 1951 569 2035 potui
593 1971 689 2034 quam
712 1949 858 2032 scribere,
880 1948 942 2012 hac
964 1949 1118 2033 opinione

126 2055 142 2100 a
162 2039 302 2123 discessi,
323 2044 361 2104 ut
382 2040 463 2104 mihi
484 2043 542 2103 tua
565 2040 650 2103 salus
669 2037 767 2101 dubia
785 2058 852 2101 non
871 2040 962 2101 esset.
1000 2035 1118 2113 Quam·

13 2127 17 2149 ²
163 2127 273 2191 obrem
294 2127 347 2191 fac
370 2128 477 2193 animo
506 2147 625 2211 magno
652 2126 792 2208 fortique
820 2125 864 2188 sis
888 2128 933 2208 et,
961 2125 990 2189 si
1016 2125 1116 2190 turbi-

163 2215 294 2278 dissima
317 2216 479 2297 sapienter
501 2215 641 2298 ferebas,
667 2213 892 2297 tranquilliora
914 2213 998 2277 laete
1021 2213 1117 2279 feras.

161 2301 234 2387 Ego
257 2305 368 2367 tamen
390 2302 455 2367 tuis
473 2303 569 2366 rebus
589 2303 634 2366 sio
653 2301 758 2385 adero,
780 2305 817 2366 ut
836 2300 1043 2385 difficillimis,
1061 2322 1116 2367 ne-

163 2411 223 2473 que
243 2388 372 2455 Caesari
395 2392 508 2474 solum,
531 2390 586 2454 sed
610 2390 707 2454 etiam
730 2390 841 2453 amicis
865 2388 933 2453 eius
957 2389 1118 2473 omnibus,

163 2501 242 2562 quos
265 2479 346 2543 mihi
369 2479 579 2544 amicissimos
602 2498 671 2543 esse
695 2479 845 2562 cognovi,
872 2499 931 2560 pro
959 2479 1007 2563 te,
1034 2478 1119 2543 sicut

161 2567 266 2633 adhuc
288 2568 360 2652 feci,
382 2567 593 2632 libentissime
618 2566 814 2650 supplicabo.
859 2564 950 2631 Vale.

602 2741 675 2807 XV.

296 2855 352 2910 Scr.
371 2855 468 2924 paullo
487 2856 552 2924 post
570 2854 635 2908 Idus
653 2853 770 2908 Martias
789 2869 814 2908 a.
832 2871 859 2907 u.
879 2870 901 2907 c.
923 2857 981 2906 710.

453 2976 581 3033 cronno
600 2976 729 3032 aasno
749 2950 824 3032 'san

229 3079 302 3145 Tibi
317 3078 470 3164 gratulor,
479 3078 559 3142 mihi
574 3077 712 3161 gaude03
726 3080 758 3140 te
773 3079 921 3160 amo,tua
934 3079 1041 3159 tueor3
1056 3078 1119 3140 ate

162 3169 263 3234 amari
278 3172 319 3253 et,
337 3166 414 3253 quid
427 3187 506 3250 agas
521 3165 659 3249 quidque
675 3168 799 3249 agatur,
817 3163 933 3228 certior
950 3163 1019 3227 fieri
1033 3163 1119 3228 volo.

232 3325 284 3395 Ep.
301 3331 342 3391 14,
359 3329 382 3378 1.
419 3322 561 3389 οοπῇῑεοη
583 3337 629 3391 epo
648 3321 723 3389 (Ν).
770 3321 903 3387 confiteor.
939 3318 1003 3389 Epo
1022 3319 1118 3389 vulgo.

161 3395 213 3466 Ep.
234 3403 275 3450 15.
310 3395 375 3451 Tibi
391 3410 443 3464 yn,
459 3393 529 3447 milri
545 3408 587 3461 9.;
604 3398 629 3447 te
647 3409 682 3458 a,
700 3396 751 3447 tua
768 3397 803 3457 t.;
822 3408 840 3446 a
857 3397 882 3445 te
896 3390 971 3459 (W.).
1010 3388 1043 3443 T.
1062 3405 1121 3459 pm

163 3463 603 3536 ru.y.,·tea.;tuat.;uteB.
