<?xml version="1.0" encoding="UTF-8"?>
<!DOCTYPE html PUBLIC "-//W3C//DTD XHTML 1.0 Transitional//EN"
    "http://www.w3.org/TR/xhtml1/DTD/xhtml1-transitional.dtd">
<html xmlns="http://www.w3.org/1999/xhtml" xml:lang="en" lang="en">
 <head>
  <title>
</title>
<meta http-equiv="Content-Type" content="text/html;charset=utf-8" />
  <meta name='ocr-system' content='tesseract 3.04.00' />
  <meta name='ocr-capabilities' content='ocr_page ocr_carea ocr_par ocr_line ocrx_word'/>
</head>
<body>
  <div class='ocr_page' id='page_1' title='image "./epistolae00cicegoog_0013.png"; bbox 0 0 2370 3878; ppageno 0'>
   <div class='ocr_carea' id='block_1_1' title="bbox 124 185 797 247">
    <p class='ocr_par' dir='ltr' id='par_1_1' title="bbox 124 185 797 247">
     <span class='ocr_line' id='line_1_1' title="bbox 124 185 797 247; baseline 0.016 -13"><span class='ocrx_word' id='word_1_1' title='bbox 124 185 146 247; x_wconf 77' lang='lat'>2</span> <span class='ocrx_word' id='word_1_2' title='bbox 412 185 797 244; x_wconf 67' lang='lat' dir='ltr'><strong>arcanissimus</strong></span> 
     </span>
    </p>
   </div>
   <div class='ocr_carea' id='block_1_2' title="bbox 125 329 1082 420">
    <p class='ocr_par' dir='ltr' id='par_1_2' title="bbox 125 329 1082 420">
     <span class='ocr_line' id='line_1_2' title="bbox 125 329 1082 420; baseline 0.007 -26"><span class='ocrx_word' id='word_1_3' title='bbox 125 333 159 394; x_wconf 90' lang='lat' dir='ltr'><strong>et</strong></span> <span class='ocrx_word' id='word_1_4' title='bbox 185 351 276 394; x_wconf 89' lang='lat' dir='ltr'><strong>orare</strong></span> <span class='ocrx_word' id='word_1_5' title='bbox 304 333 337 393; x_wconf 99' lang='grc' dir='ltr'><strong>εὴ</strong></span> <span class='ocrx_word' id='word_1_6' title='bbox 367 329 433 393; x_wconf 92' lang='lat' dir='ltr'><strong>iam</strong></span> <span class='ocrx_word' id='word_1_7' title='bbox 464 329 595 395; x_wconf 89' lang='lat' dir='ltr'><strong>liberius</strong></span> <span class='ocrx_word' id='word_1_8' title='bbox 628 353 778 396; x_wconf 89' lang='lat' dir='ltr'><strong>accusare</strong></span> <span class='ocrx_word' id='word_1_9' title='bbox 811 337 843 398; x_wconf 93' lang='lat' dir='ltr'><strong>et</strong></span> <span class='ocrx_word' id='word_1_10' title='bbox 870 356 1013 420; x_wconf 90' lang='lat' dir='ltr'><strong>monere,</strong></span> <span class='ocrx_word' id='word_1_11' title='bbox 1045 342 1082 401; x_wconf 90' lang='lat' dir='ltr'><strong>ut</strong></span> 
     </span>
    </p>
   </div>
   <div class='ocr_carea' id='block_1_3' title="bbox 90 417 1147 3348">
    <p class='ocr_par' dir='ltr' id='par_1_3' title="bbox 124 417 1083 944">
     <span class='ocr_line' id='line_1_3' title="bbox 124 417 1083 508; baseline 0.007 -26"><span class='ocrx_word' id='word_1_12' title='bbox 124 438 277 502; x_wconf 79' lang='lat' dir='ltr'><strong>magnam</strong></span> <span class='ocrx_word' id='word_1_13' title='bbox 291 417 459 481; x_wconf 81' lang='lat' dir='ltr'><strong>infamiam</strong></span> <span class='ocrx_word' id='word_1_14' title='bbox 473 418 588 503; x_wconf 83' lang='lat' dir='ltr'><strong>fugiat,</strong></span> <span class='ocrx_word' id='word_1_15' title='bbox 610 441 678 485; x_wconf 94' lang='lat' dir='ltr'><strong>non</strong></span> <span class='ocrx_word' id='word_1_16' title='bbox 692 419 888 505; x_wconf 81' lang='lat' dir='ltr'><strong>desistimus3</strong></span> <span class='ocrx_word' id='word_1_17' title='bbox 911 425 966 488; x_wconf 89' lang='lat' dir='ltr'><strong>sed</strong></span> <span class='ocrx_word' id='word_1_18' title='bbox 984 424 1083 508; x_wconf 92' lang='lat' dir='ltr'><strong>plane</strong></span> 
     </span>
     <span class='ocr_line' id='line_1_4' title="bbox 124 505 1081 596; baseline 0.009 -28"><span class='ocrx_word' id='word_1_19' title='bbox 124 527 184 569; x_wconf 86' lang='lat' dir='ltr'><strong>neo</strong></span> <span class='ocrx_word' id='word_1_20' title='bbox 210 505 359 588; x_wconf 80' lang='lat' dir='ltr'><strong>precibus</strong></span> <span class='ocrx_word' id='word_1_21' title='bbox 386 507 507 570; x_wconf 85' lang='lat' dir='ltr'><strong>nostris</strong></span> <span class='ocrx_word' id='word_1_22' title='bbox 538 528 599 571; x_wconf 89' lang='lat' dir='ltr'><strong>nee</strong></span> <span class='ocrx_word' id='word_1_23' title='bbox 627 508 900 575; x_wconf 74' lang='lat' dir='ltr'><strong>admonitionibus</strong></span> <span class='ocrx_word' id='word_1_24' title='bbox 928 513 1081 596; x_wconf 75' lang='lat' dir='ltr'><strong>relinquit</strong></span> 
     </span>
     <span class='ocr_line' id='line_1_5' title="bbox 124 593 1079 683; baseline 0.008 -26"><span class='ocrx_word' id='word_1_25' title='bbox 124 595 245 677; x_wconf 89' lang='lat' dir='ltr'><strong>laeum,</strong></span> <span class='ocrx_word' id='word_1_26' title='bbox 271 615 349 657; x_wconf 90' lang='lat' dir='ltr'><strong>nam</strong></span> <span class='ocrx_word' id='word_1_27' title='bbox 371 615 471 677; x_wconf 93' lang='lat' dir='ltr'><strong>quum</strong></span> <span class='ocrx_word' id='word_1_28' title='bbox 492 593 528 658; x_wconf 92' lang='lat' dir='ltr'><strong>in</strong></span> <span class='ocrx_word' id='word_1_29' title='bbox 551 615 697 660; x_wconf 79' lang='lat' dir='ltr'><strong>sermone</strong></span> <span class='ocrx_word' id='word_1_30' title='bbox 725 598 927 683; x_wconf 88' lang='lat' dir='ltr'><strong>quotidiano,</strong></span> <span class='ocrx_word' id='word_1_31' title='bbox 953 603 1024 664; x_wconf 91' lang='lat' dir='ltr'><strong>tum</strong></span> <span class='ocrx_word' id='word_1_32' title='bbox 1046 602 1079 664; x_wconf 91' lang='lat' dir='ltr'><strong>in</strong></span> 
     </span>
     <span class='ocr_line' id='line_1_6' title="bbox 126 682 1080 771; baseline 0.008 -25"><span class='ocrx_word' id='word_1_33' title='bbox 126 685 239 746; x_wconf 89' lang='lat' dir='ltr'><strong>senatu</strong></span> <span class='ocrx_word' id='word_1_34' title='bbox 262 682 371 766; x_wconf 90' lang='lat' dir='ltr'><strong>palam</strong></span> <span class='ocrx_word' id='word_1_35' title='bbox 394 682 439 746; x_wconf 92' lang='lat' dir='ltr'><strong>sic</strong></span> <span class='ocrx_word' id='word_1_36' title='bbox 462 682 530 767; x_wconf 83' lang='lat' dir='ltr'><strong>egit</strong></span> <span class='ocrx_word' id='word_1_37' title='bbox 552 704 682 747; x_wconf 87' lang='lat' dir='ltr'><strong>oausam</strong></span> <span class='ocrx_word' id='word_1_38' title='bbox 704 688 808 770; x_wconf 90' lang='lat' dir='ltr'><strong>tuam,</strong></span> <span class='ocrx_word' id='word_1_39' title='bbox 830 690 868 751; x_wconf 93' lang='lat' dir='ltr'><strong>ut</strong></span> <span class='ocrx_word' id='word_1_40' title='bbox 889 708 993 771; x_wconf 90' lang='lat' dir='ltr'><strong>neque</strong></span> <span class='ocrx_word' id='word_1_41' title='bbox 1017 690 1080 754; x_wconf 91' lang='lat' dir='ltr'><strong>elo-</strong></span> 
     </span>
     <span class='ocr_line' id='line_1_7' title="bbox 125 770 1080 857; baseline 0.007 -23"><span class='ocrx_word' id='word_1_42' title='bbox 125 771 257 854; x_wconf 88' lang='lat' dir='ltr'><strong>quentia</strong></span> <span class='ocrx_word' id='word_1_43' title='bbox 283 770 404 834; x_wconf 88' lang='lat' dir='ltr'><strong>maiore</strong></span> <span class='ocrx_word' id='word_1_44' title='bbox 428 771 597 854; x_wconf 88' lang='lat' dir='ltr'><strong>quisquam</strong></span> <span class='ocrx_word' id='word_1_45' title='bbox 619 793 678 836; x_wconf 90' lang='lat' dir='ltr'><strong>nec</strong></span> <span class='ocrx_word' id='word_1_46' title='bbox 706 774 864 857; x_wconf 82' lang='lat' dir='ltr'><strong>gravitate</strong></span> <span class='ocrx_word' id='word_1_47' title='bbox 891 797 951 840; x_wconf 92' lang='lat' dir='ltr'><strong>nec</strong></span> <span class='ocrx_word' id='word_1_48' title='bbox 974 777 1080 842; x_wconf 89' lang='lat' dir='ltr'><strong>studio</strong></span> 
     </span>
     <span class='ocr_line' id='line_1_8' title="bbox 124 859 1080 944; baseline 0.007 -22"><span class='ocrx_word' id='word_1_49' title='bbox 124 879 184 922; x_wconf 91' lang='lat' dir='ltr'><strong>nec</strong></span> <span class='ocrx_word' id='word_1_50' title='bbox 211 859 418 924; x_wconf 71' lang='lat' dir='ltr'><strong>contentione</strong></span> <span class='ocrx_word' id='word_1_51' title='bbox 442 879 537 944; x_wconf 78' lang='lat' dir='ltr'><strong>agere</strong></span> <span class='ocrx_word' id='word_1_52' title='bbox 564 860 718 944; x_wconf 88' lang='lat' dir='ltr'><strong>potuerit,</strong></span> <span class='ocrx_word' id='word_1_53' title='bbox 749 883 822 926; x_wconf 93' lang='lat' dir='ltr'><strong>cum</strong></span> <span class='ocrx_word' id='word_1_54' title='bbox 844 884 970 928; x_wconf 89' lang='lat' dir='ltr'><strong>summa</strong></span> <span class='ocrx_word' id='word_1_55' title='bbox 991 865 1080 929; x_wconf 91' lang='lat' dir='ltr'><strong>testi-</strong></span> 
     </span>
    </p>

    <p class='ocr_par' dir='ltr' id='par_1_4' title="bbox 90 946 1147 3348">
     <span class='ocr_line' id='line_1_9' title="bbox 123 946 1147 1038; baseline 0.007 -28"><span class='ocrx_word' id='word_1_56' title='bbox 123 946 274 1012; x_wconf 88' lang='lat' dir='ltr'><strong>ficatione</strong></span> <span class='ocrx_word' id='word_1_57' title='bbox 296 950 426 1011; x_wconf 88' lang='lat' dir='ltr'><strong>tuorum</strong></span> <span class='ocrx_word' id='word_1_58' title='bbox 448 947 484 1010; x_wconf 93' lang='lat' dir='ltr'><strong>in</strong></span> <span class='ocrx_word' id='word_1_59' title='bbox 507 969 540 1010; x_wconf 90' lang='lat' dir='ltr'><strong>se</strong></span> <span class='ocrx_word' id='word_1_60' title='bbox 554 947 734 1012; x_wconf 90' lang='lat' dir='ltr'><strong>officiorum</strong></span> <span class='ocrx_word' id='word_1_61' title='bbox 757 953 789 1013; x_wconf 89' lang='lat' dir='ltr'><strong>et</strong></span> <span class='ocrx_word' id='word_1_62' title='bbox 807 952 925 1015; x_wconf 89' lang='lat' dir='ltr'><strong>amoris</strong></span> <span class='ocrx_word' id='word_1_63' title='bbox 948 973 1026 1038; x_wconf 82' lang='lat' dir='ltr'><strong>erga</strong></span> <span class='ocrx_word' id='word_1_64' title='bbox 1047 956 1080 1016; x_wconf 90' lang='lat' dir='ltr'><strong>te</strong></span> <span class='ocrx_word' id='word_1_65' title='bbox 1144 955 1147 958; x_wconf 72' lang='grc'>’</span> 
     </span>
     <span class='ocr_line' id='line_1_10' title="bbox 125 1034 1079 1125; baseline 0.006 -27"><span class='ocrx_word' id='word_1_66' title='bbox 125 1036 183 1099; x_wconf 91' lang='lat' dir='ltr'><strong>sui.</strong></span> <span class='ocrx_word' id='word_1_67' title='bbox 219 1034 444 1099; x_wconf 89' lang='lat' dir='ltr'><strong>Marcellinum</strong></span> <span class='ocrx_word' id='word_1_68' title='bbox 465 1035 526 1099; x_wconf 93' lang='lat' dir='ltr'><strong>tibi</strong></span> <span class='ocrx_word' id='word_1_69' title='bbox 549 1056 618 1100; x_wconf 91' lang='lat' dir='ltr'><strong>esse</strong></span> <span class='ocrx_word' id='word_1_70' title='bbox 640 1036 759 1101; x_wconf 89' lang='lat' dir='ltr'><strong>iratum</strong></span> <span class='ocrx_word' id='word_1_71' title='bbox 777 1038 852 1102; x_wconf 87' lang='lat' dir='ltr'><strong>seis:</strong></span> <span class='ocrx_word' id='word_1_72' title='bbox 874 1039 902 1102; x_wconf 91' lang='lat' dir='ltr'><strong>is</strong></span> <span class='ocrx_word' id='word_1_73' title='bbox 916 1040 977 1103; x_wconf 87' lang='lat' dir='ltr'><strong>hac</strong></span> <span class='ocrx_word' id='word_1_74' title='bbox 991 1042 1079 1125; x_wconf 81' lang='lat' dir='ltr'><strong>regia</strong></span> 
     </span>
     <span class='ocr_line' id='line_1_11' title="bbox 125 1124 1080 1207; baseline 0.003 -19"><span class='ocrx_word' id='word_1_75' title='bbox 125 1145 222 1188; x_wconf 88' lang='lat' dir='ltr'><strong>eausa</strong></span> <span class='ocrx_word' id='word_1_76' title='bbox 245 1126 377 1207; x_wconf 85' lang='lat' dir='ltr'><strong>excepta</strong></span> <span class='ocrx_word' id='word_1_77' title='bbox 399 1124 512 1187; x_wconf 87' lang='lat' dir='ltr'><strong>ceteris</strong></span> <span class='ocrx_word' id='word_1_78' title='bbox 526 1124 562 1187; x_wconf 89' lang='lat' dir='ltr'><strong>in</strong></span> <span class='ocrx_word' id='word_1_79' title='bbox 574 1125 670 1190; x_wconf 89' lang='lat' dir='ltr'><strong>rebus</strong></span> <span class='ocrx_word' id='word_1_80' title='bbox 694 1147 727 1189; x_wconf 89' lang='lat' dir='ltr'><strong>se</strong></span> <span class='ocrx_word' id='word_1_81' title='bbox 744 1125 933 1190; x_wconf 84' lang='lat' dir='ltr'><strong>acerrimum</strong></span> <span class='ocrx_word' id='word_1_82' title='bbox 956 1129 1005 1191; x_wconf 92' lang='lat' dir='ltr'><strong>tui</strong></span> <span class='ocrx_word' id='word_1_83' title='bbox 1028 1129 1080 1191; x_wconf 88' lang='lat' dir='ltr'><strong>de-</strong></span> 
     </span>
     <span class='ocr_line' id='line_1_12' title="bbox 97 1210 1080 1298; baseline 0.003 -23"><span class='ocrx_word' id='word_1_84' title='bbox 97 1212 285 1277; x_wconf 87' lang='lat' dir='ltr'><strong>&#39;fensorem</strong></span> <span class='ocrx_word' id='word_1_85' title='bbox 307 1212 377 1276; x_wconf 87' lang='lat' dir='ltr'><strong>fore</strong></span> <span class='ocrx_word' id='word_1_86' title='bbox 401 1211 549 1276; x_wconf 89' lang='lat' dir='ltr'><strong>ostendit.</strong></span> <span class='ocrx_word' id='word_1_87' title='bbox 587 1210 679 1288; x_wconf 86' lang='lat' dir='ltr'><strong>Quod</strong></span> <span class='ocrx_word' id='word_1_88' title='bbox 693 1213 758 1297; x_wconf 89' lang='lat' dir='ltr'><strong>dat,</strong></span> <span class='ocrx_word' id='word_1_89' title='bbox 781 1214 965 1297; x_wconf 83' lang='lat' dir='ltr'><strong>accipimus:</strong></span> <span class='ocrx_word' id='word_1_90' title='bbox 994 1217 1080 1298; x_wconf 91' lang='lat' dir='ltr'><strong>quod</strong></span> 
     </span>
     <span class='ocr_line' id='line_1_13' title="bbox 124 1300 1080 1388; baseline 0.003 -24"><span class='ocrx_word' id='word_1_91' title='bbox 124 1301 266 1364; x_wconf 90' lang='lat' dir='ltr'><strong>instituit</strong></span> <span class='ocrx_word' id='word_1_92' title='bbox 292 1300 410 1363; x_wconf 90' lang='lat' dir='ltr'><strong>referre</strong></span> <span class='ocrx_word' id='word_1_93' title='bbox 439 1300 478 1364; x_wconf 92' lang='lat' dir='ltr'><strong>de</strong></span> <span class='ocrx_word' id='word_1_94' title='bbox 504 1300 659 1384; x_wconf 82' lang='lat' dir='ltr'><strong>religione</strong></span> <span class='ocrx_word' id='word_1_95' title='bbox 687 1304 720 1364; x_wconf 93' lang='lat' dir='ltr'><strong>et</strong></span> <span class='ocrx_word' id='word_1_96' title='bbox 747 1323 841 1385; x_wconf 88' lang='lat' dir='ltr'><strong>saepe</strong></span> <span class='ocrx_word' id='word_1_97' title='bbox 868 1302 934 1365; x_wconf 90' lang='lat' dir='ltr'><strong>iam</strong></span> <span class='ocrx_word' id='word_1_98' title='bbox 959 1304 1080 1388; x_wconf 89' lang='lat' dir='ltr'><strong>retulit,</strong></span> 
     </span>
     <span class='ocr_line' id='line_1_14' title="bbox 90 1387 1081 1470; baseline 0.001 -16"><span class='ocrx_word' id='word_1_99' title='bbox 90 1389 167 1454; x_wconf 85' lang='lat' dir='ltr'><strong>aab</strong></span> <span class='ocrx_word' id='word_1_100' title='bbox 190 1410 227 1452; x_wconf 93' lang='lat' dir='ltr'><strong>eo</strong></span> <span class='ocrx_word' id='word_1_101' title='bbox 251 1387 364 1452; x_wconf 91' lang='lat' dir='ltr'><strong>deduci</strong></span> <span class='ocrx_word' id='word_1_102' title='bbox 391 1409 458 1451; x_wconf 92' lang='lat' dir='ltr'><strong>non</strong></span> <span class='ocrx_word' id='word_1_103' title='bbox 480 1389 597 1470; x_wconf 91' lang='lat' dir='ltr'><strong>potest.</strong></span> <span class='ocrx_word' id='word_1_104' title='bbox 642 1387 706 1453; x_wconf 85' lang='lat' dir='ltr'><strong>Res</strong></span> <span class='ocrx_word' id='word_1_105' title='bbox 735 1392 809 1452; x_wconf 88' lang='lat' dir='ltr'><strong>ante</strong></span> <span class='ocrx_word' id='word_1_106' title='bbox 832 1389 909 1454; x_wconf 92' lang='lat' dir='ltr'><strong>Idus</strong></span> <span class='ocrx_word' id='word_1_107' title='bbox 939 1394 1012 1455; x_wconf 90' lang='lat' dir='ltr'><strong>acta</strong></span> <span class='ocrx_word' id='word_1_108' title='bbox 1035 1392 1081 1455; x_wconf 89' lang='lat' dir='ltr'><strong>sic</strong></span> 
     </span>
     <span class='ocr_line' id='line_1_15' title="bbox 126 1475 1079 1560; baseline 0.001 -19"><span class='ocrx_word' id='word_1_109' title='bbox 126 1479 231 1541; x_wconf 82' lang='lat' dir='ltr'><strong>est-</strong></span> <span class='ocrx_word' id='word_1_110' title='bbox 246 1498 323 1540; x_wconf 88' lang='lat' dir='ltr'><strong>narn</strong></span> <span class='ocrx_word' id='word_1_111' title='bbox 344 1476 425 1539; x_wconf 88' lang='lat' dir='ltr'><strong>haec</strong></span> <span class='ocrx_word' id='word_1_112' title='bbox 446 1475 557 1539; x_wconf 93' lang='lat' dir='ltr'><strong>Idibus</strong></span> <span class='ocrx_word' id='word_1_113' title='bbox 580 1497 675 1540; x_wconf 93' lang='lat' dir='ltr'><strong>mane</strong></span> <span class='ocrx_word' id='word_1_114' title='bbox 698 1477 812 1560; x_wconf 87' lang='lat' dir='ltr'><strong>scripsi</strong></span> <span class='ocrx_word' id='word_1_115' title='bbox 834 1501 890 1540; x_wconf 77' lang='grc' dir='ltr'><strong>-ε</strong></span> <span class='ocrx_word' id='word_1_116' title='bbox 912 1478 1079 1542; x_wconf 88' lang='lat' dir='ltr'><strong>Hortensii</strong></span> 
     </span>
     <span class='ocr_line' id='line_1_16' title="bbox 109 1563 1079 1648; baseline 0.001 -20"><span class='ocrx_word' id='word_1_117' title='bbox 109 1567 157 1639; x_wconf 59' lang='lat' dir='ltr'><strong>,et</strong></span> <span class='ocrx_word' id='word_1_118' title='bbox 179 1585 251 1628; x_wconf 93' lang='lat' dir='ltr'><strong>mea</strong></span> <span class='ocrx_word' id='word_1_119' title='bbox 274 1567 307 1628; x_wconf 91' lang='lat' dir='ltr'><strong>et</strong></span> <span class='ocrx_word' id='word_1_120' title='bbox 321 1563 447 1628; x_wconf 88' lang='lat' dir='ltr'><strong>Luculli</strong></span> <span class='ocrx_word' id='word_1_121' title='bbox 470 1564 631 1627; x_wconf 91' lang='lat' dir='ltr'><strong>sententia</strong></span> <span class='ocrx_word' id='word_1_122' title='bbox 652 1564 736 1627; x_wconf 88' lang='lat' dir='ltr'><strong>cedit</strong></span> <span class='ocrx_word' id='word_1_123' title='bbox 758 1565 908 1648; x_wconf 84' lang='lat' dir='ltr'><strong>religioni</strong></span> <span class='ocrx_word' id='word_1_124' title='bbox 932 1566 970 1628; x_wconf 91' lang='lat' dir='ltr'><strong>de</strong></span> <span class='ocrx_word' id='word_1_125' title='bbox 993 1587 1079 1630; x_wconf 85' lang='lat' dir='ltr'><strong>exer-</strong></span> 
     </span>
     <span class='ocr_line' id='line_1_17' title="bbox 126 1651 1077 1737; baseline 0.001 -21"><span class='ocrx_word' id='word_1_126' title='bbox 126 1654 191 1717; x_wconf 89' lang='lat' dir='ltr'><strong>citu</strong></span> <span class='ocrx_word' id='word_1_127' title='bbox 214 1689 256 1699; x_wconf 88' lang='lat'>-</span> <span class='ocrx_word' id='word_1_128' title='bbox 279 1652 383 1717; x_wconf 89' lang='lat' dir='ltr'><strong>teneri</strong></span> <span class='ocrx_word' id='word_1_129' title='bbox 411 1651 496 1715; x_wconf 89' lang='lat' dir='ltr'><strong>enim</strong></span> <span class='ocrx_word' id='word_1_130' title='bbox 523 1673 574 1715; x_wconf 89' lang='lat' dir='ltr'><strong>res</strong></span> <span class='ocrx_word' id='word_1_131' title='bbox 603 1652 695 1715; x_wconf 90' lang='lat' dir='ltr'><strong>aliter</strong></span> <span class='ocrx_word' id='word_1_132' title='bbox 718 1673 785 1716; x_wconf 91' lang='lat' dir='ltr'><strong>non</strong></span> <span class='ocrx_word' id='word_1_133' title='bbox 814 1655 922 1735; x_wconf 90' lang='lat' dir='ltr'><strong>potest</strong></span> <span class='ocrx_word' id='word_1_134' title='bbox 944 1689 1001 1737; x_wconf 89' lang='lat'><strong>—,</strong></span> <span class='ocrx_word' id='word_1_135' title='bbox 1024 1655 1077 1718; x_wconf 89' lang='lat' dir='ltr'><strong>sed</strong></span> 
     </span>
     <span class='ocr_line' id='line_1_18' title="bbox 126 1739 1078 1831; baseline 0.002 -27"><span class='ocrx_word' id='word_1_136' title='bbox 126 1763 164 1804; x_wconf 87' lang='lat' dir='ltr'><strong>ex</strong></span> <span class='ocrx_word' id='word_1_137' title='bbox 185 1742 241 1805; x_wconf 92' lang='lat' dir='ltr'><strong>illo</strong></span> <span class='ocrx_word' id='word_1_138' title='bbox 265 1743 396 1805; x_wconf 90' lang='lat' dir='ltr'><strong>senatus</strong></span> <span class='ocrx_word' id='word_1_139' title='bbox 419 1740 580 1831; x_wconf 79' lang='lat' dir='ltr'><strong>consulto,</strong></span> <span class='ocrx_word' id='word_1_140' title='bbox 607 1739 692 1823; x_wconf 89' lang='lat' dir='ltr'><strong>quod</strong></span> <span class='ocrx_word' id='word_1_141' title='bbox 718 1742 751 1804; x_wconf 93' lang='lat' dir='ltr'><strong>te</strong></span> <span class='ocrx_word' id='word_1_142' title='bbox 773 1740 932 1804; x_wconf 87' lang='lat' dir='ltr'><strong>referente</strong></span> <span class='ocrx_word' id='word_1_143' title='bbox 954 1741 1078 1806; x_wconf 90' lang='lat' dir='ltr'><strong>factum</strong></span> 
     </span>
     <span class='ocr_line' id='line_1_19' title="bbox 125 1827 1078 1913; baseline 0.001 -20"><span class='ocrx_word' id='word_1_144' title='bbox 125 1832 183 1913; x_wconf 90' lang='lat' dir='ltr'><strong>est,</strong></span> <span class='ocrx_word' id='word_1_145' title='bbox 205 1829 265 1893; x_wconf 90' lang='lat' dir='ltr'><strong>tibi</strong></span> <span class='ocrx_word' id='word_1_146' title='bbox 288 1829 438 1911; x_wconf 85' lang='lat' dir='ltr'><strong>decernit,</strong></span> <span class='ocrx_word' id='word_1_147' title='bbox 461 1831 498 1891; x_wconf 90' lang='lat' dir='ltr'><strong>ut</strong></span> <span class='ocrx_word' id='word_1_148' title='bbox 520 1827 785 1912; x_wconf 89' lang='lat' dir='ltr'><strong>regemredueas,</strong></span> <span class='ocrx_word' id='word_1_149' title='bbox 808 1828 895 1911; x_wconf 93' lang='lat' dir='ltr'><strong>quod</strong></span> <span class='ocrx_word' id='word_1_150' title='bbox 911 1830 1078 1894; x_wconf 90' lang='lat' dir='ltr'><strong>commodo</strong></span> 
     </span>
     <span class='ocr_line' id='line_1_20' title="bbox 125 1916 1080 2002; baseline 0.001 -22"><span class='ocrx_word' id='word_1_151' title='bbox 125 1918 172 1981; x_wconf 91' lang='lat' dir='ltr'><strong>rei</strong></span> <span class='ocrx_word' id='word_1_152' title='bbox 185 1918 332 2002; x_wconf 86' lang='lat' dir='ltr'><strong>publicae</strong></span> <span class='ocrx_word' id='word_1_153' title='bbox 346 1917 451 1981; x_wconf 88' lang='lat' dir='ltr'><strong>facere</strong></span> <span class='ocrx_word' id='word_1_154' title='bbox 465 1917 579 2000; x_wconf 90' lang='lat' dir='ltr'><strong>possis,</strong></span> <span class='ocrx_word' id='word_1_155' title='bbox 602 1919 639 1980; x_wconf 93' lang='lat' dir='ltr'><strong>ut</strong></span> <span class='ocrx_word' id='word_1_156' title='bbox 652 1916 826 1981; x_wconf 87' lang='lat' dir='ltr'><strong>exercitum</strong></span> <span class='ocrx_word' id='word_1_157' title='bbox 839 1916 953 2002; x_wconf 84' lang='lat' dir='ltr'><strong>religio</strong></span> <span class='ocrx_word' id='word_1_158' title='bbox 976 1918 1080 2000; x_wconf 91' lang='lat' dir='ltr'><strong>tollat,</strong></span> 
     </span>
     <span class='ocr_line' id='line_1_21' title="bbox 124 2002 1080 2090; baseline -0.001 -21"><span class='ocrx_word' id='word_1_159' title='bbox 124 2010 157 2069; x_wconf 92' lang='lat' dir='ltr'><strong>te</strong></span> <span class='ocrx_word' id='word_1_160' title='bbox 181 2009 344 2070; x_wconf 86' lang='lat' dir='ltr'><strong>auctorem</strong></span> <span class='ocrx_word' id='word_1_161' title='bbox 367 2008 498 2070; x_wconf 90' lang='lat' dir='ltr'><strong>senatus</strong></span> <span class='ocrx_word' id='word_1_162' title='bbox 518 2005 664 2069; x_wconf 87' lang='lat' dir='ltr'><strong>retineat.</strong></span> <span class='ocrx_word' id='word_1_163' title='bbox 709 2002 844 2069; x_wconf 79' lang='lat' dir='ltr'><strong>Crassus</strong></span> <span class='ocrx_word' id='word_1_164' title='bbox 866 2008 932 2070; x_wconf 92' lang='lat' dir='ltr'><strong>tres</strong></span> <span class='ocrx_word' id='word_1_165' title='bbox 954 2006 1080 2090; x_wconf 87' lang='lat' dir='ltr'><strong>legatos</strong></span> 
     </span>
     <span class='ocr_line' id='line_1_22' title="bbox 126 2093 1080 2177; baseline 0 -20"><span class='ocrx_word' id='word_1_166' title='bbox 126 2093 276 2177; x_wconf 89' lang='lat' dir='ltr'><strong>decernit,</strong></span> <span class='ocrx_word' id='word_1_167' title='bbox 298 2115 358 2158; x_wconf 88' lang='lat' dir='ltr'><strong>nec</strong></span> <span class='ocrx_word' id='word_1_168' title='bbox 372 2094 511 2157; x_wconf 88' lang='lat' dir='ltr'><strong>excludit</strong></span> <span class='ocrx_word' id='word_1_169' title='bbox 523 2093 720 2177; x_wconf 89' lang='lat' dir='ltr'><strong>Pompeium,</strong></span> <span class='ocrx_word' id='word_1_170' title='bbox 743 2097 852 2158; x_wconf 89' lang='lat' dir='ltr'><strong>censet</strong></span> <span class='ocrx_word' id='word_1_171' title='bbox 874 2095 960 2157; x_wconf 88' lang='lat' dir='ltr'><strong>enim</strong></span> <span class='ocrx_word' id='word_1_172' title='bbox 983 2095 1080 2157; x_wconf 91' lang='lat' dir='ltr'><strong>etiam</strong></span> 
     </span>
     <span class='ocr_line' id='line_1_23' title="bbox 126 2180 1080 2266; baseline -0.003 -20"><span class='ocrx_word' id='word_1_173' title='bbox 126 2182 239 2266; x_wconf 85' lang='lat' dir='ltr'><strong>exiis,</strong></span> <span class='ocrx_word' id='word_1_174' title='bbox 267 2182 418 2265; x_wconf 89' lang='lat' dir='ltr'><strong>quicum</strong></span> <span class='ocrx_word' id='word_1_175' title='bbox 440 2181 573 2264; x_wconf 89' lang='lat' dir='ltr'><strong>imperio</strong></span> <span class='ocrx_word' id='word_1_176' title='bbox 597 2183 676 2263; x_wconf 70' lang='lat' dir='ltr'><strong>sint,</strong></span> <span class='ocrx_word' id='word_1_177' title='bbox 702 2180 838 2246; x_wconf 90' lang='lat' dir='ltr'><strong>Bibulus</strong></span> <span class='ocrx_word' id='word_1_178' title='bbox 865 2184 931 2244; x_wconf 88' lang='lat' dir='ltr'><strong>tres</strong></span> <span class='ocrx_word' id='word_1_179' title='bbox 953 2182 1080 2264; x_wconf 80' lang='lat' dir='ltr'><strong>legatos</strong></span> 
     </span>
     <span class='ocr_line' id='line_1_24' title="bbox 126 2268 1080 2354; baseline -0.005 -19"><span class='ocrx_word' id='word_1_180' title='bbox 126 2292 165 2335; x_wconf 84' lang='lat' dir='ltr'><strong>ex</strong></span> <span class='ocrx_word' id='word_1_181' title='bbox 186 2271 239 2354; x_wconf 84' lang='lat' dir='ltr'><strong>iis,</strong></span> <span class='ocrx_word' id='word_1_182' title='bbox 266 2270 322 2353; x_wconf 93' lang='lat' dir='ltr'><strong>qui</strong></span> <span class='ocrx_word' id='word_1_183' title='bbox 343 2269 462 2353; x_wconf 85' lang='lat' dir='ltr'><strong>privati</strong></span> <span class='ocrx_word' id='word_1_184' title='bbox 489 2268 562 2332; x_wconf 92' lang='lat' dir='ltr'><strong>sint.</strong></span> <span class='ocrx_word' id='word_1_185' title='bbox 606 2268 691 2332; x_wconf 90' lang='lat' dir='ltr'><strong>Huic</strong></span> <span class='ocrx_word' id='word_1_186' title='bbox 718 2268 939 2331; x_wconf 88' lang='lat' dir='ltr'><strong>assentiuntur</strong></span> <span class='ocrx_word' id='word_1_187' title='bbox 965 2268 1080 2351; x_wconf 89' lang='lat' dir='ltr'><strong>reliqui</strong></span> 
     </span>
     <span class='ocr_line' id='line_1_25' title="bbox 125 2354 1079 2441; baseline -0.005 -18"><span class='ocrx_word' id='word_1_188' title='bbox 125 2359 310 2425; x_wconf 89' lang='lat' dir='ltr'><strong>consulares</strong></span> <span class='ocrx_word' id='word_1_189' title='bbox 328 2359 456 2441; x_wconf 87' lang='lat' dir='ltr'><strong>praeter</strong></span> <span class='ocrx_word' id='word_1_190' title='bbox 470 2354 648 2440; x_wconf 83' lang='lat' dir='ltr'><strong>Servilium,</strong></span> <span class='ocrx_word' id='word_1_191' title='bbox 670 2355 726 2439; x_wconf 91' lang='lat' dir='ltr'><strong>qui</strong></span> <span class='ocrx_word' id='word_1_192' title='bbox 749 2355 880 2421; x_wconf 91' lang='lat' dir='ltr'><strong>omnino</strong></span> <span class='ocrx_word' id='word_1_193' title='bbox 894 2355 1004 2419; x_wconf 89' lang='lat' dir='ltr'><strong>reduci</strong></span> <span class='ocrx_word' id='word_1_194' title='bbox 1026 2377 1079 2418; x_wconf 87' lang='lat' dir='ltr'><strong>ne-</strong></span> 
     </span>
     <span class='ocr_line' id='line_1_26' title="bbox 126 2442 1080 2534; baseline -0.006 -21"><span class='ocrx_word' id='word_1_195' title='bbox 126 2453 183 2534; x_wconf 81' lang='lat' dir='ltr'><strong>gat</strong></span> <span class='ocrx_word' id='word_1_196' title='bbox 197 2449 354 2531; x_wconf 86' lang='lat' dir='ltr'><strong>oportere,</strong></span> <span class='ocrx_word' id='word_1_197' title='bbox 377 2449 409 2509; x_wconf 93' lang='lat' dir='ltr'><strong>et</strong></span> <span class='ocrx_word' id='word_1_198' title='bbox 422 2443 616 2528; x_wconf 85' lang='lat' dir='ltr'><strong>Volcatium,</strong></span> <span class='ocrx_word' id='word_1_199' title='bbox 639 2443 694 2527; x_wconf 91' lang='lat' dir='ltr'><strong>qui</strong></span> <span class='ocrx_word' id='word_1_200' title='bbox 707 2442 800 2527; x_wconf 88' lang='lat' dir='ltr'><strong>Lupo</strong></span> <span class='ocrx_word' id='word_1_201' title='bbox 813 2443 972 2507; x_wconf 85' lang='lat' dir='ltr'><strong>referente</strong></span> <span class='ocrx_word' id='word_1_202' title='bbox 986 2442 1080 2508; x_wconf 91' lang='lat' dir='ltr'><strong>Pom-</strong></span> 
     </span>
     <span class='ocr_line' id='line_1_27' title="bbox 102 2528 1080 2621; baseline -0.006 -20"><span class='ocrx_word' id='word_1_203' title='bbox 102 2536 197 2621; x_wconf 86' lang='lat' dir='ltr'><strong>¹peio</strong></span> <span class='ocrx_word' id='word_1_204' title='bbox 222 2534 373 2619; x_wconf 88' lang='lat' dir='ltr'><strong>decernit,</strong></span> <span class='ocrx_word' id='word_1_205' title='bbox 396 2537 428 2598; x_wconf 91' lang='lat' dir='ltr'><strong>ct</strong></span> <span class='ocrx_word' id='word_1_206' title='bbox 450 2531 631 2616; x_wconf 83' lang='lat' dir='ltr'><strong>Afranium,</strong></span> <span class='ocrx_word' id='word_1_207' title='bbox 654 2532 709 2615; x_wconf 88' lang='lat' dir='ltr'><strong>qui</strong></span> <span class='ocrx_word' id='word_1_208' title='bbox 729 2531 904 2596; x_wconf 87' lang='lat' dir='ltr'><strong>assentitur</strong></span> <span class='ocrx_word' id='word_1_209' title='bbox 917 2528 1080 2614; x_wconf 79' lang='lat' dir='ltr'><strong>VolcatiO,</strong></span> 
     </span>
     <span class='ocr_line' id='line_1_28' title="bbox 125 2624 1078 2714; baseline -0.004 -20"><span class='ocrx_word' id='word_1_210' title='bbox 125 2652 206 2714; x_wconf 90' lang='lat' dir='ltr'><strong>quae</strong></span> <span class='ocrx_word' id='word_1_211' title='bbox 224 2651 274 2693; x_wconf 90' lang='lat' dir='ltr'><strong>res</strong></span> <span class='ocrx_word' id='word_1_212' title='bbox 290 2630 386 2712; x_wconf 85' lang='lat' dir='ltr'><strong>auget</strong></span> <span class='ocrx_word' id='word_1_213' title='bbox 404 2627 616 2709; x_wconf 88' lang='lat' dir='ltr'><strong>suspicionem</strong></span> <span class='ocrx_word' id='word_1_214' title='bbox 629 2624 774 2708; x_wconf 90' lang='lat' dir='ltr'><strong>Pompeii</strong></span> <span class='ocrx_word' id='word_1_215' title='bbox 786 2625 962 2690; x_wconf 87' lang='lat' dir='ltr'><strong>voluntatis</strong></span> <span class='ocrx_word' id='word_1_216' title='bbox 977 2628 1078 2708; x_wconf 68' lang='lat' dir='ltr'><strong>[mam</strong></span> 
     </span>
     <span class='ocr_line' id='line_1_29' title="bbox 126 2712 1079 2797; baseline -0.006 -14"><span class='ocrx_word' id='word_1_217' title='bbox 126 2717 349 2782; x_wconf 82' lang='lat' dir='ltr'><strong>advertebatur</strong></span> <span class='ocrx_word' id='word_1_218' title='bbox 383 2713 527 2797; x_wconf 90' lang='lat' dir='ltr'><strong>Pompeii</strong></span> <span class='ocrx_word' id='word_1_219' title='bbox 566 2712 740 2777; x_wconf 88' lang='lat' dir='ltr'><strong>familiares</strong></span> <span class='ocrx_word' id='word_1_220' title='bbox 781 2713 930 2778; x_wconf 87' lang='lat' dir='ltr'><strong>assentiri</strong></span> <span class='ocrx_word' id='word_1_221' title='bbox 964 2712 1079 2777; x_wconf 85' lang='lat' dir='ltr'><strong>Volca-</strong></span> 
     </span>
     <span class='ocr_line' id='line_1_30' title="bbox 124 2799 1079 2886; baseline -0.006 -16"><span class='ocrx_word' id='word_1_222' title='bbox 124 2806 194 2886; x_wconf 78' lang='lat' dir='ltr'><strong>tiol.</strong></span> <span class='ocrx_word' id='word_1_223' title='bbox 230 2803 409 2869; x_wconf 87' lang='lat' dir='ltr'><strong>Laboratur</strong></span> <span class='ocrx_word' id='word_1_224' title='bbox 431 2802 646 2885; x_wconf 68' lang='lat' dir='ltr'><strong>vehementer,</strong></span> <span class='ocrx_word' id='word_1_225' title='bbox 668 2800 822 2865; x_wconf 86' lang='lat' dir='ltr'><strong>inclinata</strong></span> <span class='ocrx_word' id='word_1_226' title='bbox 835 2822 886 2865; x_wconf 90' lang='lat' dir='ltr'><strong>res</strong></span> <span class='ocrx_word' id='word_1_227' title='bbox 901 2804 961 2865; x_wconf 91' lang='lat' dir='ltr'><strong>est:</strong></span> <span class='ocrx_word' id='word_1_228' title='bbox 984 2799 1079 2864; x_wconf 88' lang='lat' dir='ltr'><strong>Libo·</strong></span> 
     </span>
     <span class='ocr_line' id='line_1_31' title="bbox 125 2888 1080 2979; baseline -0.009 -18"><span class='ocrx_word' id='word_1_229' title='bbox 125 2897 176 2961; x_wconf 92' lang='lat' dir='ltr'><strong>nis</strong></span> <span class='ocrx_word' id='word_1_230' title='bbox 201 2899 233 2961; x_wconf 90' lang='lat' dir='ltr'><strong>et</strong></span> <span class='ocrx_word' id='word_1_231' title='bbox 246 2893 390 2979; x_wconf 88' lang='lat' dir='ltr'><strong>Hypsaei</strong></span> <span class='ocrx_word' id='word_1_232' title='bbox 411 2913 480 2956; x_wconf 92' lang='lat' dir='ltr'><strong>non</strong></span> <span class='ocrx_word' id='word_1_233' title='bbox 494 2891 631 2955; x_wconf 87' lang='lat' dir='ltr'><strong>obscura</strong></span> <span class='ocrx_word' id='word_1_234' title='bbox 653 2889 855 2953; x_wconf 87' lang='lat' dir='ltr'><strong>concursatio</strong></span> <span class='ocrx_word' id='word_1_235' title='bbox 870 2892 902 2952; x_wconf 93' lang='lat' dir='ltr'><strong>et</strong></span> <span class='ocrx_word' id='word_1_236' title='bbox 916 2888 1080 2953; x_wconf 88' lang='lat' dir='ltr'><strong>contentio</strong></span> 
     </span>
     <span class='ocr_line' id='line_1_32' title="bbox 127 2977 1079 3067; baseline -0.011 -18"><span class='ocrx_word' id='word_1_237' title='bbox 127 2984 333 3067; x_wconf 88' lang='lat' dir='ltr'><strong>omniumque</strong></span> <span class='ocrx_word' id='word_1_238' title='bbox 359 2979 505 3064; x_wconf 92' lang='lat' dir='ltr'><strong>Pompeii</strong></span> <span class='ocrx_word' id='word_1_239' title='bbox 532 2978 739 3042; x_wconf 85' lang='lat' dir='ltr'><strong>familiarium</strong></span> <span class='ocrx_word' id='word_1_240' title='bbox 771 2977 913 3042; x_wconf 90' lang='lat' dir='ltr'><strong>studium</strong></span> <span class='ocrx_word' id='word_1_241' title='bbox 943 2977 979 3041; x_wconf 92' lang='lat' dir='ltr'><strong>in</strong></span> <span class='ocrx_word' id='word_1_242' title='bbox 1010 2997 1079 3040; x_wconf 90' lang='lat' dir='ltr'><strong>eam</strong></span> 
     </span>
     <span class='ocr_line' id='line_1_33' title="bbox 127 3064 1081 3156; baseline -0.012 -18"><span class='ocrx_word' id='word_1_243' title='bbox 127 3072 313 3156; x_wconf 89' lang='lat' dir='ltr'><strong>opinionem</strong></span> <span class='ocrx_word' id='word_1_244' title='bbox 343 3091 411 3133; x_wconf 91' lang='lat' dir='ltr'><strong>rem</strong></span> <span class='ocrx_word' id='word_1_245' title='bbox 444 3068 657 3148; x_wconf 84' lang='lat' dir='ltr'><strong>adduxerunt,</strong></span> <span class='ocrx_word' id='word_1_246' title='bbox 693 3068 731 3129; x_wconf 92' lang='lat' dir='ltr'><strong>ut</strong></span> <span class='ocrx_word' id='word_1_247' title='bbox 761 3064 933 3148; x_wconf 86' lang='lat' dir='ltr'><strong>Pompeius</strong></span> <span class='ocrx_word' id='word_1_248' title='bbox 966 3085 1081 3148; x_wconf 89' lang='lat' dir='ltr'><strong>cupere</strong></span> 
     </span>
     <span class='ocr_line' id='line_1_34' title="bbox 126 3152 1082 3242; baseline -0.013 -15"><span class='ocrx_word' id='word_1_249' title='bbox 126 3160 287 3242; x_wconf 82' lang='lat' dir='ltr'><strong>videatur,</strong></span> <span class='ocrx_word' id='word_1_250' title='bbox 309 3158 361 3222; x_wconf 89' lang='lat' dir='ltr'><strong>cui</strong></span> <span class='ocrx_word' id='word_1_251' title='bbox 384 3157 439 3242; x_wconf 91' lang='lat' dir='ltr'><strong>qui</strong></span> <span class='ocrx_word' id='word_1_252' title='bbox 460 3156 591 3239; x_wconf 90' lang='lat' dir='ltr'><strong>nolunt,</strong></span> <span class='ocrx_word' id='word_1_253' title='bbox 613 3154 709 3219; x_wconf 91' lang='lat' dir='ltr'><strong>iidem</strong></span> <span class='ocrx_word' id='word_1_254' title='bbox 731 3152 805 3237; x_wconf 91' lang='lat' dir='ltr'><strong>tibi,</strong></span> <span class='ocrx_word' id='word_1_255' title='bbox 828 3153 914 3236; x_wconf 90' lang='lat' dir='ltr'><strong>quod</strong></span> <span class='ocrx_word' id='word_1_256' title='bbox 936 3172 1009 3217; x_wconf 92' lang='lat' dir='ltr'><strong>eum</strong></span> <span class='ocrx_word' id='word_1_257' title='bbox 1032 3174 1082 3217; x_wconf 90' lang='lat' dir='ltr'><strong>or·</strong></span> 
     </span>
     <span class='ocr_line' id='line_1_35' title="bbox 201 3265 1082 3348; baseline -0.014 -15"><span class='ocrx_word' id='word_1_258' title='bbox 201 3280 251 3348; x_wconf 80' lang='lat' dir='ltr'><strong>Ep.</strong></span> <span class='ocrx_word' id='word_1_259' title='bbox 273 3285 296 3346; x_wconf 86' lang='lat'><strong>1,</strong></span> <span class='ocrx_word' id='word_1_260' title='bbox 315 3283 341 3330; x_wconf 79' lang='lat'><strong>2.</strong></span> <span class='ocrx_word' id='word_1_261' title='bbox 377 3291 456 3330; x_wconf 86' lang='lat' dir='ltr'><strong>crare</strong></span> <span class='ocrx_word' id='word_1_262' title='bbox 473 3279 498 3329; x_wconf 89' lang='lat' dir='ltr'><strong>et</strong></span> <span class='ocrx_word' id='word_1_263' title='bbox 519 3275 577 3328; x_wconf 77' lang='lat' dir='ltr'><strong>iam</strong></span> <span class='ocrx_word' id='word_1_264' title='bbox 595 3272 650 3341; x_wconf 80' lang='lat' dir='ltr'><strong>(M,</strong></span> <span class='ocrx_word' id='word_1_265' title='bbox 669 3270 774 3338; x_wconf 83' lang='lat' dir='ltr'><strong>vulgo).</strong></span> <span class='ocrx_word' id='word_1_266' title='bbox 811 3284 901 3336; x_wconf 83' lang='lat' dir='ltr'><strong>crare,</strong></span> <span class='ocrx_word' id='word_1_267' title='bbox 925 3267 1006 3321; x_wconf 78' lang='lat' dir='ltr'><strong>etiam</strong></span> <span class='ocrx_word' id='word_1_268' title='bbox 1024 3265 1082 3320; x_wconf 76' lang='lat' dir='ltr'><strong>LB.</strong></span> 
     </span>
    </p>
   </div>
   <div class='ocr_carea' id='block_1_4' title="bbox 130 3338 1083 3418">
    <p class='ocr_par' dir='ltr' id='par_1_5' title="bbox 130 3338 1083 3418">
     <span class='ocr_line' id='line_1_36' title="bbox 130 3338 1083 3418; baseline -0.018 -13"><span class='ocrx_word' id='word_1_269' title='bbox 130 3356 156 3406; x_wconf 77' lang='grc'><strong>8.</strong></span> <span class='ocrx_word' id='word_1_270' title='bbox 183 3350 293 3418; x_wconf 80' lang='lat' dir='ltr'><strong>prtoatt</strong></span> <span class='ocrx_word' id='word_1_271' title='bbox 316 3349 372 3401; x_wconf 82' lang='lat' dir='ltr'><strong>etat</strong></span> <span class='ocrx_word' id='word_1_272' title='bbox 395 3345 488 3414; x_wconf 79' lang='lat' dir='ltr'><strong>(Em).</strong></span> <span class='ocrx_word' id='word_1_273' title='bbox 516 3361 563 3412; x_wconf 85' lang='lat' dir='ltr'><strong>pr.</strong></span> <span class='ocrx_word' id='word_1_274' title='bbox 586 3347 650 3396; x_wconf 75' lang='lat' dir='ltr'><strong>aaut</strong></span> <span class='ocrx_word' id='word_1_275' title='bbox 667 3341 732 3394; x_wconf 89' lang='grc' dir='ltr'><strong>ΜΒ.</strong></span> <span class='ocrx_word' id='word_1_276' title='bbox 752 3371 785 3379; x_wconf 91' lang='grc'>-</span> <span class='ocrx_word' id='word_1_277' title='bbox 814 3338 950 3404; x_wconf 78' lang='lat' dir='ltr'><strong>Volcatio,</strong></span> <span class='ocrx_word' id='word_1_278' title='bbox 972 3351 1041 3406; x_wconf 78' lang='lat' dir='ltr'><strong>qaae</strong></span> <span class='ocrx_word' id='word_1_279' title='bbox 1055 3373 1083 3386; x_wconf 89' lang='lat'><strong>..</strong></span> 
     </span>
    </p>
   </div>
   <div class='ocr_carea' id='block_1_5' title="bbox 130 3403 1084 3560">
    <p class='ocr_par' dir='ltr' id='par_1_6' title="bbox 130 3403 1084 3560">
     <span class='ocr_line' id='line_1_37' title="bbox 130 3403 1084 3534; baseline -0.019 -60"><span class='ocrx_word' id='word_1_280' title='bbox 130 3419 282 3501; x_wconf 70' lang='lat' dir='ltr'><strong>uoluntatis</strong></span> <span class='ocrx_word' id='word_1_281' title='bbox 308 3417 406 3489; x_wconf 63' lang='lat' dir='ltr'><strong>Luam</strong></span> <span class='ocrx_word' id='word_1_282' title='bbox 433 3415 622 3470; x_wconf 78' lang='lat' dir='ltr'><strong>advertebatur</strong></span> <span class='ocrx_word' id='word_1_283' title='bbox 732 3409 831 3534; x_wconf 54' lang='lat' dir='ltr'><strong>Volcp.</strong></span> <span class='ocrx_word' id='word_1_284' title='bbox 868 3409 937 3492; x_wconf 75' lang='lat' dir='ltr'><strong>Lab.</strong></span> <span class='ocrx_word' id='word_1_285' title='bbox 965 3403 1084 3476; x_wconf 82' lang='lat' dir='ltr'><strong>(Kreusii</strong></span> 
     </span>
     <span class='ocr_line' id='line_1_38' title="bbox 130 3477 1065 3560; baseline -0.018 -15"><span class='ocrx_word' id='word_1_286' title='bbox 130 3506 212 3560; x_wconf 70' lang='lat' dir='ltr'><strong>conp,</strong></span> <span class='ocrx_word' id='word_1_287' title='bbox 230 3489 295 3556; x_wconf 84' lang='lat' dir='ltr'><strong>W.).</strong></span> <span class='ocrx_word' id='word_1_288' title='bbox 329 3487 361 3541; x_wconf 87' lang='lat' dir='ltr'><strong>V.</strong></span> <span class='ocrx_word' id='word_1_289' title='bbox 377 3528 383 3540; x_wconf 89' lang='lat'>.</span> <span class='ocrx_word' id='word_1_290' title='bbox 399 3527 405 3540; x_wconf 88' lang='lat'><strong>.</strong></span> <span class='ocrx_word' id='word_1_291' title='bbox 421 3527 426 3539; x_wconf 89' lang='lat'>.</span> <span class='ocrx_word' id='word_1_292' title='bbox 445 3502 511 3541; x_wconf 81' lang='lat' dir='ltr'><strong>nam</strong></span> <span class='ocrx_word' id='word_1_293' title='bbox 529 3483 717 3539; x_wconf 77' lang='lat' dir='ltr'><strong>advertebatur</strong></span> <span class='ocrx_word' id='word_1_294' title='bbox 730 3480 768 3534; x_wconf 89' lang='lat' dir='ltr'><strong>M.</strong></span> <span class='ocrx_word' id='word_1_295' title='bbox 822 3481 929 3535; x_wconf 81' lang='lat' dir='ltr'><strong>olcateo.</strong></span> <span class='ocrx_word' id='word_1_296' title='bbox 956 3477 1031 3546; x_wconf 76' lang='lat' dir='ltr'><strong>Quae</strong></span> <span class='ocrx_word' id='word_1_297' title='bbox 1060 3514 1065 3525; x_wconf 88' lang='lat'>.</span> 
     </span>
    </p>
   </div>
   <div class='ocr_carea' id='block_1_6' title="bbox 125 3555 628 3625">
    <p class='ocr_par' dir='ltr' id='par_1_7' title="bbox 125 3555 628 3625">
     <span class='ocr_line' id='line_1_39' title="bbox 125 3555 628 3625; baseline -0.006 -15"><span class='ocrx_word' id='word_1_298' title='bbox 125 3560 291 3625; x_wconf 67' lang='lat' dir='ltr'><strong>voluntatis,</strong></span> <span class='ocrx_word' id='word_1_299' title='bbox 312 3556 580 3613; x_wconf 73' lang='lat' dir='ltr'><strong>animadvertebatur</strong></span> <span class='ocrx_word' id='word_1_300' title='bbox 597 3555 628 3608; x_wconf 93' lang='lat' dir='ltr'><strong>B.</strong></span> 
     </span>
    </p>
   </div>
   <div class='ocr_carea' id='block_1_7' title="bbox 0 0 1190 3878">
    <p class='ocr_par' dir='ltr' id='par_1_8' title="bbox 0 0 1190 3878">
     <span class='ocr_line' id='line_1_40' title="bbox 0 0 1190 3878; baseline 0 0"><span class='ocrx_word' id='word_1_301' title='bbox 0 0 1190 3878; x_wconf 95' lang='lat' dir='ltr'><strong> </strong></span> 
     </span>
    </p>
   </div>
  </div>
 </body>
</html>
