2370 3878
341 168 676 244 nrrsromannxv.
699 175 801 225 1111.
984 167 1049 233 519

94 315 274 399 perspicere
296 337 416 399 posses.
457 313 505 379 Ac
528 316 693 398 petitionis
717 315 845 397 quidem
867 317 942 378 tuae
965 315 1049 378 ratio

96 405 175 468 mihi
198 425 322 487 semper
343 404 407 468 fuit
431 405 604 486 explorata,
627 404 682 466 sed
700 407 810 466 tamen
833 424 952 466 navare
975 425 1048 486 ope-

95 514 165 556 ram
186 493 346 574 volebam3
375 492 410 555 in
439 492 608 555 consulatu
630 512 705 554 vero
730 492 822 575 cupio
847 492 994 574 equidem
1016 495 1049 554 te

94 581 201 644 minus
223 580 343 644 habere
366 580 501 663 negotii,
531 579 586 643 sed
609 580 741 642 moleste
764 581 833 643 fero
861 602 912 643 me
935 602 1049 644 consu-

95 669 159 732 lem
171 672 264 732 tuum
279 668 420 731 studium
435 666 646 730 adolescentis
661 669 868 750 perspexisse,
887 671 919 732 te
933 689 1049 750 meum,

95 777 193 838 quum
221 756 253 818 id
282 756 396 819 aetatis
425 755 498 836 sim,
527 756 705 837 perspicere
733 777 800 818 non
831 778 934 838 posse.
986 755 1083 820 seda

93 843 141 907 ita
163 845 232 907 fato
257 843 364 906 nescio
389 864 452 926 quo
481 842 654 926 contigisse
684 843 834 926 arbitror,
862 848 899 906 ut
925 845 984 908 tibi
1008 845 1048 907 ad

94 952 145 995 me
173 931 354 996 ornandum
383 953 507 1014 semper
539 931 631 994 detur
662 931 813 1013 facultas,
842 931 921 994 mihi
949 933 989 995 ad
1019 935 1046 994 te

94 1019 364 1083 remunerandum
392 1019 474 1082 nihil
507 1021 657 1102 suppetat
683 1022 810 1101 praeter
837 1020 1048 1083 voluntatem:

95 1108 219 1171 ornasti
242 1108 458 1190 consulatum,
482 1107 605 1170 ornasti
627 1106 765 1170 reditum
788 1128 907 1189 meum3
936 1107 1049 1170 incidit

31 1273 34 1280 Ι
96 1209 202 1259 meum
224 1199 352 1278 tempus
374 1216 480 1258 rerum
504 1194 716 1278 gerendarum
744 1195 780 1258 in
807 1195 913 1277 ipsum
936 1217 1048 1258 consu-

95 1284 198 1346 latum
220 1287 321 1347 tuum.
366 1282 493 1366 Itaque,
521 1304 619 1365 quum
647 1286 679 1347 et
705 1287 762 1347 tua
790 1305 914 1347 summa
937 1284 1048 1366 ampli-

95 1371 173 1434 tudo
198 1374 231 1434 et
253 1371 394 1456 dignitas
418 1374 450 1434 et
472 1392 562 1435 meus
580 1392 717 1456 magnus
739 1371 844 1436 honos
868 1393 1048 1456 magnaque

96 1458 289 1522 existimatio
313 1460 475 1543 postulare
498 1459 652 1542 videatur,
675 1463 712 1523 ut
730 1482 749 1522 a
767 1465 798 1524 te
817 1461 962 1543 pluribus
980 1482 1048 1524 ver-

96 1547 145 1610 bis
169 1547 362 1612 contendam
385 1569 421 1610 ac
444 1551 561 1631 petam,
584 1551 739 1631 utquam
766 1548 1048 1612 honorificentissi-

97 1657 184 1699 mum
203 1640 333 1700 senatus
352 1637 535 1700 consultum
553 1636 592 1700 de
610 1637 689 1700 meis
703 1637 798 1700 rebus
813 1637 912 1720 gestis
929 1637 1048 1700 facien·

96 1723 173 1799 dum
196 1745 295 1807 cures,
317 1746 384 1790 non
408 1725 509 1788 audeo
528 1725 734 1788 vehementer
757 1747 776 1786 a
793 1728 826 1788 te
848 1725 1048 1807 contendere,

96 1833 136 1874 ne
161 1814 217 1874 aut
239 1813 307 1894 ipse
329 1816 404 1875 tuae
432 1815 604 1894 perpetuae
636 1812 875 1874 consuetudinis
899 1833 975 1895 erga
998 1834 1048 1876 me

97 1898 215 1962 oblitus
239 1920 307 1962 esse
335 1899 444 1962 videar
467 1901 524 1962 aut
549 1902 583 1962 te
610 1899 746 1962 oblitum
772 1903 890 1980 putem.
936 1898 1049 1982 Quare,
1068 1915 1090 1962 3¹

97 1989 134 2050 ut
156 1990 188 2049 te
211 1987 292 2049 velle
316 1987 463 2068 arbitror,
485 1986 533 2049 ita
554 1986 680 2068 faciam,
703 1989 798 2070 atque
822 1986 931 2068 abeo,
954 2007 1049 2068 quem

96 2095 207 2138 omnes
232 2078 345 2157 gentes
377 2074 483 2137 sciunt
511 2074 549 2137 de
576 2095 627 2137 me
650 2074 769 2157 optime
793 2074 950 2156 meritum,
979 2074 1048 2136 bre-

97 2162 178 2225 viter
200 2165 317 2244 petam.
360 2160 393 2225 Si
417 2162 471 2225 alii
495 2162 641 2226 consules
665 2165 781 2243 essent,
804 2161 844 2225 ad
866 2165 898 2224 te
921 2161 1048 2244 potissi-

96 2272 198 2332 mum,
220 2248 345 2332 Paulle,
367 2251 541 2333 mitterem,
567 2253 605 2312 ut
627 2271 681 2313 eos
704 2212 783 2313 mihi
806 2271 903 2333 quam
925 2249 1048 2314 amicis·

97 2337 194 2402 simos
221 2337 382 2401 redderes:
414 2359 513 2421 nunc,
541 2359 640 2489 quum
666 2340 723 2401 tua
755 2359 879 2401 summa
904 2341 1048 2437 potestas

96 2447 284 2509 summaque
313 2427 487 2490 auctoritas
514 2429 655 2509 notaque
684 2427 830 2490 omnlb'u's
860 2416 1001 2490 nostra
994 2448 1051 2492 ne·

97 2514 256 2579 cessitudo
292 2515 347 2597 sit,
383 2515 588 2579 vehementer
624 2518 656 2578 te
687 2535 781 2599 rogo,
817 2517 853 2578 ut
889 2518 921 2578 et
953 2537 1050 2598 quam

95 2601 319 2667 honorificent
296 2603 418 2667 tissime
437 2625 527 2668 cures
546 2602 781 2686 decernendum
800 2602 837 2666 de
856 2603 935 2666 meis
954 2603 1048 2666 rebus

96 2692 196 2775 gestis
224 2695 257 2755 et
284 2714 381 2775 quam
409 2692 583 2756 celerrime:
612 2691 726 2776 dignas
756 2712 807 2754 res
834 2711 903 2754 esse
926 2690 1048 2755 honore

96 2782 128 2842 et
156 2781 373 2863 gratulatione
405 2800 579 2864 cognosces
607 2800 646 2842 ex
673 2780 712 2842 iis
738 2779 870 2862 litteris,
899 2800 978 2862 quas
1009 2779 1049 2842 ad

96 2869 128 2928 te
153 2869 185 2929 et
207 2867 364 2951 collegam
388 2870 420 2931 et
443 2870 590 2930 senatum
613 2866 739 2949 publice
762 2867 843 2930 misi.
884 2865 1048 2931 Omnium-

97 2974 158 3035 que
177 2975 320 3016 mearum
338 2954 533 3036 reliquarum
551 2974 658 3018 rerum
677 2955 876 3039 maximeque
890 2955 1049 3020 existima-

95 3041 194 3105 tionis
217 3062 307 3105 meae
329 3041 589 3125 procurationem
608 3045 789 3126 susceptam
806 3044 902 3107 velim
920 3043 1049 3126 habeas,

166 3214 218 3284 Ep.
240 3221 321 3281 13,.1
353 3215 1050 3286 111111.11111111).1,·111Β.-11ῐ11111;

95 3285 128 3337 111
147 3284 273 3351 (..ch
275 3287 341 3340 Ia
354 3286 448 3355 vulgo.
485 3292 509 3339 2.
537 3287 575 3341 cd
592 3257 858 3341 teremnndrandnm
877 3286 938 3355 (L)
975 3257 1050 3342 111ιῖ

39 3422 44 3426 ²
95 3354 132 3407 M
136 3355 312 3424 vulgo-
331 3357 462 3425 pluribus
480 3358 567 3412 cabis
589 3357 654 3425 (Ν),
687 3358 867 3426 plcclmc'cc.
893 3356 987 3427 vulgo.
1024 3363 1050 3412 3.

95 3426 155 3549 celi:
180 3426 332 3496 dipnac..
348 3428 448 3482 miei.
494 3427 672 3496 Omninoque
697 3427 771 3496 (W).
818 3427 921 3482 c...D
934 3445 1007 3494 ,11
1025 3443 1050 3482 o.

95 3515 131 3551 vu
144 3513 189 3566 go
