2370 3878
129 139 191 203 160
407 138 444 191 M.
465 136 588 191 TULLII
607 135 798 193 CICERONIS

127 283 358 364 communibus,
382 304 419 345 ea
442 286 491 363 tu,
519 281 709 364 quicumque
737 285 841 344 status
870 284 920 345 est
947 280 1083 365 futurus,
1127 288 1129 321 ³

93 384 107 431 o
128 392 233 435 carere
252 391 320 434 uon
339 370 443 433 debes.
483 366 591 451 Atque
609 369 689 432 haec
707 368 787 431 mihi
805 368 963 433 scribenti
980 369 1081 433 venie-

126 459 184 522 bat
206 459 241 521 in
263 462 404 521 mentem
426 479 477 520 me
501 478 569 520 esse
593 478 679 539 eum,
706 456 796 520 cuius
823 459 860 519 tu
889 456 1082 541 desperatio·

127 568 202 609 nem
225 566 373 609 accusare
397 545 510 608 solitus
534 565 619 608 esses
639 564 795 626 quemque
815 544 1011 609 auctoritate
1030 548 1083 609 tua

128 636 334 697 cunctantem
357 636 389 696 et
413 631 612 695 diffidentem
640 632 777 695 excitare
800 668 842 678 -
867 654 932 716 quo
957 633 1084 716 quidem

127 725 271 804 tempore
298 742 366 784 non
394 740 454 804 ego
483 741 612 784 causam
635 723 794 803 nostram,
825 720 880 783 sed
913 720 1083 785 consilium

128 809 364 892 improbabam,
388 830 458 873 sero
482 808 568 871 enirn
590 829 650 872 nos
673 808 713 871 iis
736 808 833 871 armis
852 807 1020 873 adversari
1041 808 1084 872 vi·

130 897 259 981 debam,
292 918 373 981 quae
405 896 506 960 multo
540 899 615 960 ante
647 895 836 959 confirmata
867 916 926 979 per
958 899 1085 961 nosmet

129 986 216 1069 ipsos
240 988 345 1069 erant,
373 984 582 1067 dolebamque
609 983 683 1067 pilis
707 987 740 1047 et
762 984 892 1068 gladiis,
917 1004 988 1049 non
1012 1004 1083 1049 con·

130 1075 209 1138 siliis
236 1096 339 1157 neque
368 1072 613 1137 auctoritatibus
640 1072 760 1135 nostris
792 1071 831 1135 de
857 1072 927 1136 iure
955 1072 1083 1156 publico

130 1162 314 1246 disceptari,
346 1183 449 1245 neque
482 1181 556 1245 ege,
584 1181 634 1242 ea,
667 1181 748 1242 quae
779 1158 867 1223 facta
894 1163 986 1243 sunt,
1016 1160 1084 1224 fore

131 1272 230 1332 quum
248 1250 406 1329 dicebam,
429 1248 612 1312 divinabam
630 1247 748 1330 futura,
772 1248 836 1330 sed,
859 1247 945 1330 quod
967 1250 1000 1311 et
1017 1246 1085 1311 fieri

131 1359 226 1420 posse
254 1342 286 1401 et
313 1337 482 1400 exitiosum
509 1336 591 1418 fore,
619 1336 646 1398 si
669 1336 840 1418 evenisset,
867 1335 1031 1419 videbam,
1053 1334 1084 1399 id

131 1445 172 1487 ne
195 1426 353 1488 accideret
374 1424 536 1506 timebam,
559 1424 747 1507 praesertim
766 1444 873 1508 quum,
896 1424 924 1487 si
941 1424 1024 1487 mihi
1043 1424 1084 1488 al·

131 1516 236 1575 terum
258 1516 366 1575 utrum
390 1512 428 1575 de
451 1516 567 1575 eventu
591 1516 686 1594 atque
710 1511 795 1575 exitu
818 1533 926 1575 rerum
953 1511 1084 1595 promit·

132 1600 265 1663 tendum
288 1604 380 1682 esset,
402 1600 435 1663 id
457 1600 615 1681 futurum,
638 1599 724 1682 quod
747 1600 865 1683 evenit,
889 1600 1084 1683 exploratius

132 1709 260 1771 possem
287 1688 487 1771 promittere,
519 1689 558 1750 iis
589 1688 674 1751 enim
706 1687 801 1751 rebus
832 1688 1085 1771 praestabamns,

133 1798 214 1859 quae
236 1798 304 1841 non
326 1776 487 1860 prodeunt
508 1776 544 1838 in
566 1775 679 1858 aciem,
707 1798 767 1838 usu
790 1778 900 1839 autem
922 1796 1085 1841 armorum

133 1869 165 1929 et
197 1866 335 1929 militum
366 1865 481 1930 robore
517 1863 684 1927 inferiores
716 1884 842 1928 eramus
869 1887 926 1947 -3
963 1863 1020 1927 sed
1049 1866 1085 1926 tu

132 1954 224 2018 illum
251 1955 393 2018 animum
421 1974 507 2017 nunc
535 1952 664 2034 adhibe,
691 1972 824 2034 quaeso,
851 1973 914 2034 quo
943 1954 1086 2016 metum

100 2062 203 2108 aesse
226 2046 373 2125 oportere
397 2041 557 2105 censebas
593 2038 682 2103 Haec
701 2061 738 2103 eo
758 2040 880 2124 scripsi,
902 2040 990 2122 quod
1008 2038 1086 2103 miln'

133 2130 342 2213 Philargyrus
364 2133 440 2192 tuus
464 2129 572 2192 omnia
595 2128 633 2191 dc
656 2131 688 2190 te
707 2127 882 2210 requirenti
899 2126 1085 2191 fidelissImo

135 2217 252 2298 anImo,
274 2220 311 2279 ut
333 2216 412 2278 mihi
436 2216 563 2299 quidem
586 2215 673 2279 visus
697 2219 753 2298 est,
776 2216 920 2279 narravit
937 2219 971 2278 te
989 2216 1086 2279 inter-

135 2305 211 2368 dum
235 2304 406 2368 sollicitum
434 2303 536 2367 solere
566 2323 633 2366 esse
661 2303 894 2367 vehementius:
927 2303 1014 2387 quod
1040 2301 1087 2366 fa-

136 2414 205 2456 cere
237 2413 304 2457 non
336 2392 432 2455 debes
464 2412 524 2455 nee
547 2391 706 2474 dubitare,
734 2392 812 2474 quin
839 2394 895 2455 aut
922 2391 1032 2474 eliqua
1053 2411 1088 2455 re

135 2481 264 2566 publica
286 2480 329 2544 sis
352 2480 488 2562 futurus,
511 2479 654 2563 quiesse
673 2479 777 2563 debes,
800 2483 857 2544 aut
873 2479 1001 2563 perdite
1021 2499 1089 2544 non

136 2570 303 2634 afflictiore
327 2568 513 2633 condicione
537 2589 633 2651 quam
656 2568 762 2632 ceteri.
810 2566 882 2632 Hoc
909 2588 985 2633 vero
1008 2571 1088 2631 tem-

136 2680 210 2741 puS,
237 2679 300 2740 quo
324 2657 497 2721 exanimati
520 2678 631 2720 omnes
654 2660 687 2719 et
710 2656 857 2739 suspensi
880 2676 1004 2739 sumus,
1027 2654 1090 2719 hoe

136 2746 349 2809 moderatiore
382 2745 489 2808 animo
517 2744 600 2807 ferre
628 2743 736 2827 debes,
769 2743 854 2826 quod
884 2746 917 2806 et
946 2742 982 2807 in
1009 2744 1090 2807 urbe

137 2854 175 2896 ea
198 2855 241 2915 es,
263 2833 319 2896 ubi
336 2836 415 2896 nata
433 2836 466 2896 et
484 2833 550 2896 alta
568 2835 617 2896 est
635 2832 717 2896 ratio
737 2853 774 2896 ac
794 2831 971 2896 moderatio
994 2830 1091 2912 vitae,

138 2922 171 2984 et
198 2920 298 2984 habes
335 2919 400 2984 Ser.
433 2919 609 3005 Sulpicium
636 2956 678 2965 -
707 2941 802 3003 quern
838 2941 963 3003 semper
995 2920 1092 2984 unice

138 3008 276 3072 dilexisti
299 3044 354 3090 -—,
377 3009 431 3092 qui
454 3012 486 3072 te
509 3008 654 3092 profecto
682 3010 715 3071 et
737 3008 962 3073 benevolentia
985 3010 1020 3072 et
1042 3029 1092 3073 sa·

138 3097 260 3181 pientia
283 3097 476 3178 consolatur,
499 3097 589 3160 cuius
608 3096 635 3160 si
653 3117 794 3161 essemus
813 3096 1092 3161 etauctoritatem

139 3190 171 3250 et
193 3185 362 3250 consilium
385 3186 498 3268 secuti,
525 3185 629 3270 togati
655 3185 763 3268 potius
791 3185 970 3268 potentiam
993 3206 1094 3268 quam

105 3276 254 3341 varmati
280 3274 448 3339 victoriam
480 3274 682 3338 subisscmus.
737 3271 799 3337 Sed
830 3274 910 3337 haec
941 3273 1094 3357 longiora

209 3465 260 3537 Ep.
281 3473 305 3535 1,
324 3473 349 3521 6.
385 3467 424 3521 rie
440 3466 553 3533 futurus
570 3466 637 3535 (Μ.)Ι
673 3465 712 3520 eie
729 3465 754 3520 ts
771 3465 791 3531 s.
811 3465 911 3534 Klotz,
930 3465 961 3520 B.
