2370 3878
134 188 199 252 24ss
417 188 454 242 u.
474 187 597 242 uuum
615 188 804 244 oiouaoms

134 335 260 399 litterae
283 353 350 398 non
373 336 543 416 venerunt,
571 337 616 416 et,
645 334 709 397 nisi
731 334 877 400 Deiotari
902 338 1090 404 subsecutae

134 425 254 505 essent,
285 423 320 486 in
350 443 421 485 eam
448 421 633 505 opinionem
666 420 795 488 Cassius
818 425 979 509 tremat,
1008 450 1090 511 quae

134 511 318 594 diripuisset
349 511 432 594 ipse,
470 514 507 574 ut
538 510 723 575 viderentur
755 512 795 575 ab
827 512 921 577 hoste
954 519 1090 600 vastata,

133 601 263 664 finxisse
286 600 406 664 bellum
433 600 466 662 et
488 598 614 663 Arabas
636 600 671 662 in
693 600 892 682 provinciam
919 603 1088 669 immisisse

134 711 251 773 cosque
273 687 412 752 Parthos
435 708 503 752 esse
523 688 648 752 senatui
669 689 883 753 renuntiasse:
908 713 1005 774 quare
1028 694 1089 758 tibi

134 778 262 861 suadeo,
285 777 475 860 quicumque
499 779 548 839 est
566 777 637 841 istic
657 779 760 840 status
779 799 894 860 rerum,
918 780 1090 864 diligenter

133 871 166 930 et
188 869 280 931 caute
302 865 490 949 perscribas,
512 887 553 928 ne
577 869 633 929 aut
655 865 832 929 velificatus
853 867 948 930 alicui
971 869 1088 934 dicaris

98 958 190 1023 aaut
212 954 345 1038 aliquid,
375 953 461 1037 quod
488 953 622 1017 referret
649 955 743 1038 scire,
772 955 946 1019 reticuisse.
991 955 1088 1022 Nune

133 1045 236 1108 exitus
264 1046 312 1107 est
339 1043 429 1125 anni3
461 1063 538 1105 nam
561 1062 629 1127 ego
649 1042 708 1106 has
730 1043 855 1107 litteras
884 1066 911 1107 a.
935 1043 963 1107 d.
994 1059 1085 1107 xr111.

131 1133 204 1196 Kal.
221 1132 414 1196 Decembres
433 1131 554 1214 scripsi,
590 1130 689 1195 Plane
708 1131 791 1194 nihil
808 1131 900 1195 video
920 1136 995 1195 ante
1014 1133 1086 1197 Kal.

131 1220 299 1285 Ianuarias
322 1220 376 1304 agi
398 1241 507 1303 posse:
529 1220 618 1283 nosti
636 1219 832 1303 Marcellum,
855 1241 952 1303 quam
974 1221 1085 1284 tardus

132 1314 164 1373 et
187 1330 301 1393 parum
324 1307 437 1371 efficax
461 1307 511 1391 sit,
533 1308 673 1391 itemque
693 1306 821 1372 Servius
841 1329 936 1391 quam
956 1313 1085 1372 cuncta-

131 1401 195 1479 tor3
225 1395 403 1460 cuiusmodi
425 1398 520 1479 putas
543 1395 603 1460 hos
626 1417 696 1459 esse
719 1400 775 1459 aut
803 1418 899 1480 quam
925 1396 971 1478 id,
999 1399 1085 1480 quod

131 1485 249 1567 nolint,
282 1483 437 1548 conficere
468 1504 576 1567 posse,
609 1485 676 1567 qui,
699 1505 780 1566 quae
804 1485 953 1568 cupiunt,
975 1488 1085 1549 tamen

129 1574 177 1636 ita
208 1571 325 1656 frigide
357 1574 472 1656 agunt,
503 1575 541 1634 ut
571 1572 657 1636 nolle
690 1572 932 1636 existimentur?
982 1571 1084 1638 Novis

130 1659 374 1745 magistratibus
393 1662 509 1742 autem,
532 1659 560 1723 si
577 1658 764 1723 Parthicum
783 1660 903 1724 bellum
917 1661 986 1745 crit,
1004 1662 1084 1726 hacc

130 1771 226 1814 causa
248 1748 370 1833 primos
396 1768 522 1811 menses
550 1746 734 1831 occupabit,
763 1747 813 1810 sin
835 1749 856 1826 t
875 1752 932 1812 aut
963 1750 1005 1814 sit
1028 1755 1084 1814 aut

129 1856 200 1904 non·
220 1838 281 1902 erit
303 1836 376 1901 istic
399 1836 519 1900 bellum
547 1839 603 1900 aut
624 1839 753 1900 tantum
776 1837 850 1918 erit,
880 1840 917 1901 ut
939 1859 996 1903 vos
1027 1844 1084 1903 aut

130 1947 327 1992 successores
354 1924 461 2009 parvis
490 1924 606 1989 additis
634 1925 734 2008 copiis
762 1925 918 1989 sustinere
948 1928 1082 2010 possint,

129 2013 301 2080 Curionem
327 2012 420 2078 video
449 2034 482 2077 se
506 2013 675 2097 dupliciter
697 2011 906 2078 iactaturum:
934 2015 1082 2097 primum,

128 2107 165 2167 ut
188 2101 308 2186 aliquid
322 2099 452 2166 Caesari
470 2101 603 2184 adimat3
626 2102 709 2184 inde,
731 2105 767 2166 ut
790 2102 910 2185 aliquid
927 2101 1081 2185 Pompeio

128 2191 258 2274 tribuat,
272 2190 407 2275 quodvis
421 2190 598 2274 quamlibet
610 2193 707 2253 tenue
721 2191 954 2254 munusculum.
986 2189 1081 2252 Paul·

128 2281 179 2344 lus
201 2301 297 2364 porro
320 2301 388 2344 non
409 2279 550 2343 humane
570 2278 608 2342 de
627 2279 791 2362 provincia
809 2277 961 2360 loquitur:
985 2275 1080 2338 huius

129 2367 296 2453 cupiditati
328 2389 517 2432 occursurus
555 2370 604 2430 est
639 2365 778 2431 Furnius
814 2368 935 2445 noster3
972 2363 1080 2446 plures

93 2476 110 2524 4
129 2456 285 2542 suspicari
306 2477 375 2520 non
396 2477 536 2539 possum.
581 2454 670 2519 Haec
693 2453 781 2519 novi:
804 2452 879 2534 alia,
903 2472 984 2535 quae
1007 2474 1081 2535 pos-

129 2550 206 2611 sunt
228 2544 378 2627 accidere,
401 2565 469 2609 non
492 2565 596 2608 cerno.
637 2542 742 2606 Multa
762 2544 889 2623 tempus
913 2539 1026 2603 afferre
1050 2546 1082 2605 ct

127 2637 319 2719 praeparata
341 2636 466 2697 mutare
490 2633 569 2715 scio,
598 2631 653 2696 sed
675 2631 762 2694 intra
783 2629 863 2692 fines
886 2629 962 2712 hos,
986 2650 1080 2712 quae-

128 2743 263 2806 cumque
277 2722 459 2804 acciderint,
473 2723 646 2784 vertentur.
669 2718 767 2783 ‘lllud
781 2717 864 2782 addo
884 2717 923 2781 ad
938 2718 1081 2782 actiones

128 2809 162 2876 C.
177 2807 335 2894 Curionis,
357 2809 395 2873 de
415 2828 494 2894 agro
513 2805 692 2891 Campano,
715 2807 753 2870 de
777 2828 840 2890 quo
863 2808 986 2890 negant
1004 2803 1080 2868 Cae-

128 2918 232 2963 sarem
253 2898 415 2980 laborare,
439 2896 494 2961 sed
516 2895 706 2980 Pompeium
728 2894 820 2958 valde
843 2895 937 2978 velle,
965 2914 1005 2957 ne
1029 2914 1080 2956 va-

92 3004 206 3057 bouus
239 2985 422 3050 advenienti
455 2982 584 3049 Caesari
616 2985 735 3067 pateat.
789 2981 881 3058 Quod
909 2983 954 3046 'ad
990 2986 1080 3046 tuum

128 3077 293 3140 decessum
320 3074 450 3157 attinet,
481 3073 560 3136 illud
587 3072 647 3136 tibi
674 3091 742 3135 non
768 3091 900 3154 possum
930 3072 1081 3154 polliceri,

197 3249 248 3318 Ep.
270 3253 311 3316 10,
326 3252 350 3301 2.
387 3247 510 3313 †oeaiot
528 3247 585 3315 (M,
605 3246 669 3317 W.).
706 3249 816 3300 acuerat
839 3244 910 3312 (edd.
930 3246 1008 3308 vett,
1027 3243 1081 3309 W.)

128 3323 179 3375 aut
200 3320 323 3375 ueniebat
353 3319 458 3386 (Ambr.
484 3323 530 3385 13,
549 3317 591 3386 B).
635 3323 660 3371 3.
688 3315 826 3380 Sunium,
849 3331 931 3383 quam
956 3313 1029 3381 (V.)?
1048 3342 1082 3351 -

120 3392 200 3458 quod
222 3392 321 3445 uoluat
339 3390 424 3458 (Wlt
448 3420 482 3427 —
507 3387 664 3456 occupabit;
686 3387 732 3440 siu
751 3384 826 3454 (W.).
871 3400 893 3439 o.
914 3383 967 3438 Sin
989 3381 1081 3450 vulgo.

109 3461 158 3511 aab
178 3464 266 3524 Μαί
282 3463 323 3518 sat
340 3466 393 3518 aut
409 3475 468 3518 aon
487 3458 596 3530 (ΜΝ).
636 3459 682 3512 sia
699 3461 789 3512 autem
812 3459 861 3510 out
879 3470 935 3508 uon
954 3452 1010 3520 (N.)
1034 3455 1084 3506 aut

95 3527 147 3578 miz
168 3534 225 3583 aut
243 3548 303 3589 non
324 3534 389 3608 (R).
431 3541 456 3591 4.
485 3533 568 3591 ualde
585 3530 652 3588 oete
671 3528 735 3598 (lul.
769 3543 795 3582 u.
811 3522 1051 3591 uodcbmulqd
