2370 3878
180 187 246 253 594
461 186 498 239 Μ.
518 184 640 240 TULLII
659 183 849 240 CICERONIS

153 352 165 391 ³
180 354 274 400 omne
288 328 395 417 'genus
414 353 433 395 a
450 331 545 396 nobis
563 330 721 396 cautionis
740 330 954 395 adhibebitur.
989 328 1042 395 De
1062 353 1138 417 rege

178 421 397 486 Alexandrino
429 418 551 483 factum
584 423 633 483 est
665 423 795 483 senatus
827 419 1027 503 consultum,
1064 441 1138 484 cum

179 509 383 573 multitudine
416 529 489 571 eum
519 507 628 572 reduci
658 508 872 591 periculosum
907 507 954 570 rei
985 507 1137 590 publicae

178 597 291 662 videri:
314 597 437 678 reliqua
456 617 554 678 quum
574 600 659 660 esset
675 596 711 659 in
729 599 842 659 senatu
863 596 1041 679 contentio,
1055 596 1138 660 Len-

178 687 307 749 tulusne
338 706 380 748 an
411 683 584 767 Pompeius
615 683 793 767 reduceret,
826 684 970 747 obtinere
1006 705 1138 748 causam

179 773 336 837 Lentulus
363 772 538 836 videbatur.
583 769 624 836 In
650 793 689 835 ea
715 793 750 836 re
777 793 838 836 nos
861 775 894 836 et
926 771 1036 836 officio
1060 795 1138 857 erga

179 860 352 924 Lentulum
384 861 513 924 mirifice
546 863 579 924 et
605 859 765 924 voluntati
795 858 940 943 Pompeii
971 861 1137 943 praeclare

180 949 402 1031 satisfecimus,
425 948 481 1012 sed
503 969 560 1032 per
579 949 810 1012 obtrectatores
824 947 955 1012 Lentuli
973 950 1138 1013 calumnia

180 1041 322 1102 subacta
343 1056 392 1102 res
414 1040 477 1100 est:
500 1037 664 1101 consecuti
686 1041 763 1100 sunt
780 1036 848 1100 dies
868 1036 1058 1120 comitiales,
1082 1060 1138 1121 per

180 1148 260 1210 quos
288 1129 419 1190 senatus
450 1124 563 1188 haberi
593 1145 661 1189 non
693 1128 828 1208 poterat.
878 1123 961 1200 Quid
989 1125 1137 1190 futurum

181 1215 223 1278 sit
249 1214 418 1278 latrocinio
449 1213 666 1296 tribunorum,
697 1234 764 1278 non
792 1213 914 1295 divino,
942 1213 1000 1276 sed
1026 1217 1139 1278 tamen

181 1303 326 1385 suspicor
348 1322 405 1385 per
428 1301 493 1364 vim
516 1301 718 1386 rogationem
736 1299 907 1366 Caninium
926 1302 1137 1383 perlaturum.

179 1390 219 1453 In
241 1411 280 1453 ea
301 1411 336 1454 re
358 1388 529 1472 Pompeius
552 1389 628 1472 quid
655 1389 744 1472 velit,
772 1410 840 1453 non
863 1389 1012 1472 dispicio:
1045 1391 1138 1454 tami·

179 1479 274 1542 lieres
303 1478 370 1541 eius
397 1478 473 1560 quid
497 1479 642 1561 cupiant,
669 1496 780 1542 omnes
806 1477 931 1550 vident3
961 1479 1139 1543 creditores

180 1587 255 1629 vero
279 1566 363 1650 regis
387 1567 495 1648 aperte
518 1567 670 1648 pecunias
694 1566 902 1649 suppeditant
925 1569 1042 1629 contra
1057 1567 1140 1631 Len·

180 1653 293 1717 tulum.
339 1651 414 1716 Sine
442 1653 539 1718 dubio
568 1675 619 1718 res
647 1676 666 1718 a
693 1652 831 1718 Lentulo
854 1657 978 1717 remota
1010 1655 1141 1731 videtur

181 1764 264 1825 esse,
296 1763 368 1806 cum
399 1762 519 1826 magno
551 1763 622 1806 meo
655 1741 778 1826 dolore,
810 1763 1005 1825 quamquam
1036 1746 1142 1807 multa

180 1831 267 1914 fecit,
290 1851 397 1914 quare,
420 1831 447 1893 si
468 1830 519 1893 tas
542 1833 639 1914 esset,
666 1831 734 1894 iure
762 1831 792 1895 ei
820 1851 1006 1894 suscensere
1030 1854 1141 1915 posse·

155 1941 262 1983 rmus.
308 1918 372 2002 Tu,
404 1919 431 1982 si
450 1918 522 1982 ista
549 1919 718 2003 expedisti,
749 1919 845 1982 velim
873 1940 970 2001 quam
998 1920 1144 2002 primurn

182 2008 269 2071 bona
292 2011 325 2070 et
348 2010 434 2070 certa
456 2009 647 2090 tempestate
670 2007 865 2070 conscendas
889 2006 928 2071 ad
947 2028 1067 2090 meque
1092 2032 1143 2074 ve·

181 2096 265 2178 nias,
296 2095 547 2159 innumerabiles
578 2095 664 2158 enim
690 2115 741 2158 res
774 2098 862 2179 sunt,
892 2095 929 2158 in
956 2096 1079 2178 quibus
1112 2102 1144 2162 te

183 2182 324 2266 quotidie
347 2185 381 2247 in
405 2183 493 2248 omni
515 2178 632 2268 gener'e
655 2183 839 2247 desiderem.
884 2182 946 2246 Tui
969 2186 1145 2271 nostrique

181 2273 300 2335 valent.
344 2288 427 2335 xlm.
449 2271 521 2336 Kal.
544 2270 745 2337 Februarias.

627 2500 687 2565 ΙΙΙ.

342 2618 398 2674 Scr.
417 2618 522 2673 Romae
539 2619 611 2688 pn'd.
630 2620 671 2673 Id.
690 2620 770 2676 Febr.
790 2636 814 2675 s.
834 2639 861 2674 u.
880 2635 902 2674 e.
917 2625 977 2676 698.

318 2759 465 2815 MARCUS
495 2759 633 2826 QUINTO
656 2760 792 2816 FRATRI
821 2761 999 2839 SALUTEM.

156 2895 169 2935 r
249 2866 369 2952 Scripsi
397 2868 438 2932 ad
464 2872 497 2934 te
524 2873 620 2934 antea
652 2871 830 2954 superiora3
856 2892 942 2935 nunc
970 2892 1147 2959 cognosce,

182 2960 296 3041 postea
319 2978 400 3039 quae
424 2957 490 3021 sint
512 2962 593 3023 acta.
638 2957 668 3023 A
690 2959 763 3023 Kal.
785 2958 878 3024 Febr.
900 2960 1087 3043 legationes
1112 2967 1146 3029 in

182 3045 259 3111 Idus
286 3044 379 3109 Febr.
406 3045 645 3130 reiiciebantur3
674 3068 712 3111 eo
741 3047 790 3111 die
818 3069 869 3112 res
897 3047 1047 3113 confecta
1076 3074 1146 3118 non
1184 3047 1185 3084 l

184 3137 240 3196 est.
277 3132 317 3196 A.
340 3133 369 3197 d.
392 3150 450 3196 1111.
473 3132 559 3198 Non.
576 3134 669 3199 Febr.
692 3134 771 3201 Milo
796 3135 900 3218 affuit,
923 3136 952 3198 ei
966 3134 1145 3222 Pompeius

184 3218 358 3286 advocatus
381 3220 482 3304 venit3
505 3220 585 3285 dixit
602 3222 773 3288 Marcellus
797 3245 816 3288 a
838 3245 889 3287 me
912 3226 1063 3310 rogatus3
1088 3230 1146 3294 ho·

248 3445 302 3523 ΕΡ.
323 3453 348 3519 2,
364 3453 389 3505 4.
425 3448 481 3505 ieta
498 3449 631 3518 expedisti
657 3448 725 3519 (Pal.
744 3455 779 3517 4,,
799 3451 840 3504 cd.
860 3449 980 3520 Faerni).
1025 3451 1045 3506 i.
1067 3471 1145 3528 expe.

167 3521 217 3581 dis
234 3530 250 3582 1
276 3522 317 3582 cd.
338 3522 411 3597 Reg.
449 3521 470 3578 t.
489 3522 601 3594 expedit
614 3520 679 3576 lli.
712 3520 757 3574 tto
773 3521 1033 3588 superbiendi,
1048 3523 1084 3580 Β,

187 3732 239 3813 -f
