2370 3878
164 180 228 244 316
445 179 482 232 Μ.
502 177 625 233 TULLII
644 177 832 232 CICERONIS

163 325 248 388 Illud
275 323 335 386 tibi
362 322 530 406 promitto,
558 321 710 404 quidquid
739 323 800 385 erit
827 323 1059 409 amiantum,
1086 326 1119 390 id

165 416 311 476 senatum
339 432 406 475 non
433 409 530 474 modo
558 411 595 473 ut
621 409 770 493 fideliter,
798 410 852 474 sed
881 412 978 475 etiam
1005 416 1042 475 ut
1071 436 1118 476 sa·

163 501 289 583 pienter
310 499 433 562 factum
455 497 747 580 comprobaturum.

588 689 694 755 XVII.

164 803 220 858 Ser.
242 804 271 857 in
295 802 494 872 Allobrogibus
517 819 612 856 mense
634 801 709 855 Maio
734 803 808 871 (post
825 803 901 870 Idus)
924 820 948 856 a.
968 822 993 856 u.
1014 821 1037 858 o.
1058 812 1108 860 711

457 923 623 980 PLANCUS
642 923 820 978 CICERONI.

130 1040 143 1088 1
230 1025 393 1092 Antonius
416 1025 462 1089 Id.
485 1024 583 1103 Maiis
604 1025 644 1088 ad
666 1023 786 1089 Forum
808 1024 883 1088 Iulii
910 1046 983 1088 cum
1005 1028 1117 1109 primis

164 1114 263 1198 copiis
290 1116 391 1196 venit3
423 1112 594 1178 Ventidius
628 1112 718 1177 bidui
745 1113 849 1195 spatio
878 1113 969 1176 abest
997 1115 1038 1177 ab
1066 1138 1117 1198 θος

163 1202 302 1286 Lepidus
325 1203 366 1265 ad
388 1200 508 1266 Forum
530 1200 670 1266 Voconii
692 1204 797 1264 castra
819 1200 926 1284 habet,
950 1202 1004 1284 qui
1027 1203 1116 1268 locus

163 1313 183 1354 a
196 1289 280 1354 Foro
295 1289 369 1353 Iulii
383 1293 536 1373 quattuor
554 1293 587 1352 et
604 1289 720 1373 viginti
738 1288 827 1352 milia
844 1311 998 1372 passuum
1017 1291 1117 1374 abest,

162 1378 269 1460 ibique
292 1399 343 1441 me
362 1380 545 1461 exspectare
563 1377 739 1460 constituit,
762 1376 1030 1459 quemadmodum
1048 1379 1116 1461 ipse

163 1465 242 1529 mihi
265 1465 400 1548 scripsit.
445 1462 538 1540 Quod
561 1464 588 1528 si
611 1464 719 1529 omnia
741 1464 821 1527 mihi
843 1464 970 1550 integra
992 1467 1115 1550 etipse

163 1557 196 1617 et
217 1552 350 1617 fortuna
377 1553 524 1636 servarit,
552 1552 669 1635 recipio
698 1552 789 1616 vobis
816 1552 961 1616 celeriter
987 1575 1037 1616 me
1060 1576 1115 1618 ne-

128 1641 287 1725 agotium
310 1662 348 1705 ex
376 1640 536 1705 sententia
563 1639 792 1704 confecturum.
836 1638 982 1704 Fratrem
1009 1663 1116 1706 meum

164 1729 299 1793 assiduis
335 1729 515 1794 laboribus.
536 1727 896 1811 concursationibusque
934 1729 1115 1793 confectum

163 1818 304 1902 graviter
327 1839 360 1881 se
382 1817 533 1881 habuisse
561 1820 657 1880 antea
678 1816 739 1879 tibi
762 1816 887 1898 scripsi3
920 1817 975 1880 sed
997 1821 1116 1900 tamen,

163 1928 261 1989 quum
283 1906 423 1989 primum
441 1927 535 1988 posse
553 1904 679 1989 ingredi
703 1904 817 1987 coepit,
839 1925 906 1967 non
929 1906 1033 1989 magis
1055 1906 1115 1969 sibi

163 2016 259 2077 quam
294 1994 340 2058 rei
375 1993 522 2077 publicae
559 2014 593 2057 se
625 1993 824 2056 convaluisse
856 1992 1042 2068 existimans
1075 1995 1115 2056 ad

163 2081 271 2145 omnia
298 2083 439 2164 pericula
470 2082 619 2164 princeps
652 2102 720 2143 esse
752 2101 820 2145 non
846 2081 1028 2164 recusabat3
1060 2083 1115 2145 sed

163 2190 223 2253 ego
251 2191 324 2232 eum
351 2190 419 2235 non
446 2170 550 2233 solum
581 2169 729 2232 hortatus
761 2189 845 2250 sum,
876 2189 986 2232 verum
1019 2170 1115 2232 etiam

163 2257 253 2340 coegi
275 2256 338 2321 isto
361 2256 532 2340 proficisci,
559 2256 645 2340 quod
669 2259 701 2320 et
723 2256 779 2319 illa
801 2256 984 2320 valetudine
1011 2259 1114 2342 magis

163 2345 318 2409 conficere
345 2366 380 2409 se
407 2366 504 2428 quam
529 2365 580 2408 me
603 2345 712 2408 iuvare
735 2347 845 2427 posset
870 2344 1055 2427 incastris,
1083 2349 1116 2408 et

162 2432 247 2516 quod
271 2432 476 2498 acerbissimo
503 2432 636 2497 interitu
664 2432 832 2496 consulum
858 2432 1115 2514 rempublicam

161 2521 316 2585 nudatam
338 2521 397 2584 tali
419 2521 487 2585 cive
509 2524 656 2603 praetore
679 2521 713 2584 in
736 2519 869 2583 urbanis
896 2520 1011 2583 officiis
1033 2521 1114 2582 indi-

161 2630 236 2694 gere
265 2609 500 2692 existimabam
527 2608 612 2692 quod
642 2608 669 2672 si
696 2608 751 2691 qui
778 2610 920 2672 vestrum
947 2628 1014 2670 non
1041 2628 1113 2688 pro-

161 2697 264 2779 babit,
291 2698 370 2761 mihi
397 2696 601 2781 prudentiam
628 2697 663 2759 in
695 2695 829 2760 consilio
857 2693 996 2757 defuisse
1025 2694 1114 2774 sciat,

125 2805 141 2853 a
160 2807 228 2849 non
250 2785 297 2849 illi
321 2807 398 2870 erga
420 2786 558 2869 patriam
580 2784 775 2849 fidelitatem.
811 2781 951 2864 Lepidus
973 2781 1115 2864 tandem,

161 2873 248 2956 quod
276 2893 336 2956 ego
368 2872 601 2956 desiderabam,
629 2871 720 2954 fecit,
750 2873 788 2934 ut
814 2868 964 2952 Apellam
995 2869 1035 2932 ad
1063 2891 1114 2932 me

161 2961 316 3044 mitteret,
343 2982 406 3043 quo
434 2960 544 3025 obside
567 2960 642 3024 fidei
670 2958 756 3023 illius
783 2960 817 3021 ct
839 2957 1000 3021 societatis
1023 2959 1059 3021 in
1081 2980 1115 3020 re

161 3049 290 3131 publica
312 3049 567 3112 administranda
589 3051 704 3112 uterer.
749 3043 896 3110 Studium
919 3045 998 3108 mihi
1022 3068 1115 3109 suum

161 3136 197 3200 L.
220 3135 341 3201 Gellius
355 3137 376 3216 †
391 3137 429 3200 de
452 3136 556 3201 tribus
578 3135 732 3200 fratribus
753 3130 935 3219 Segaviano
958 3134 1115 3217 probavit,

231 3291 282 3362 Ep.
299 3298 340 3360 17,
355 3299 379 3346 3.
407 3290 652 3361 Lepidustaudem
709 3288 772 3356 an).
808 3287 842 3341 L.
862 3293 952 3343 taurea
965 3289 1115 3358 M.,vulgo.

161 3393 194 3403 —
214 3364 278 3430 fidei
295 3364 373 3416 illios
392 3363 467 3432 (W.).
503 3362 557 3429 fide
573 3362 593 3414 i.
611 3358 658 3426 M„
697 3390 757 3412 .—
775 3363 873 3413 atuor.
911 3360 951 3413 Iu
969 3376 1001 3413 ea
1018 3365 1116 3413 restu-

153 3434 233 3485 da‘am
253 3433 322 3500 (Pal.
345 3436 401 3503 6.)?
420 3465 453 3472 -
474 3432 587 3499 Gellius,
604 3428 642 3485 1).
661 3430 692 3497 fi,
711 3429 810 3500 [tribu]
829 3429 912 3497 Fau„
930 3428 1046 3499 Sepooia
1060 3429 1116 3496 (vel

137 3500 331 3572 mffwzanm)
341 3522 394 3575 pr.
415 3504 504 3577 (Or.)?
652 3547 655 3552 .
