2370 3878
153 157 217 220 312
434 158 471 212 Μ.
492 157 615 212 TULLII
633 157 822 214 CICERONIS

151 323 288 384 merique
311 304 403 365 tuum
426 302 614 366 commenda
636 303 884 386 immortalitati,
907 308 1002 388 atque
1026 306 1107 370 haec

151 390 273 472 omnia,
301 411 381 472 quae
404 389 527 453 habent
554 391 692 473 speciem
715 391 835 474 gloriae
864 392 1030 456 collectam
1057 395 1106 457 in-

143 477 312 541 anissimis
342 478 520 561 splendoris
547 478 743 563 insignibus,
772 482 954 562 contemne,
986 482 1107 565 brevia,

150 566 288 650 fugacia,
310 566 430 630 caduca
453 566 607 630 existima.
652 565 774 631 Verum
802 567 897 630 decus
924 569 959 631 in
987 569 1107 634 virtute

149 654 291 737 positum
323 657 384 738 est,
419 675 500 738 quae
531 655 668 718 maxime
700 655 879 719 illustratur
910 658 1037 741 magnis
1069 659 1104 720 in

149 764 217 805 rem
239 742 401 825 publicam
423 741 559 806 meritis:
582 763 653 806 eam
671 742 859 806 facultatem
880 744 981 808 habes
1005 747 1103 808 maxi-

149 852 248 912 mam3
278 852 374 914 quam
406 830 558 914 quoniam
582 831 765 914 complexus
789 853 835 914 es,
857 834 945 895 tene:
976 833 1104 916 perfice,

148 922 248 982 utne
272 919 377 982 minus
400 940 451 983 res
474 918 603 1002 publiea
624 918 684 981 tibi
708 940 804 1002 quam
826 923 863 983 tu
885 920 931 983 rei
955 921 1103 1002 publicae

149 1006 272 1070 debeas.
322 1005 375 1070 Me
404 1009 479 1070 tuae
512 1007 679 1091 dignitatis
711 1028 778 1072 non
810 1007 905 1071 modo
933 1008 1103 1092 fautorem,

148 1094 203 1158 sed
236 1094 332 1158 etiam
360 1095 623 1178 amplificatorem
651 1114 837 1178 cognosces:
869 1096 901 1158 id
930 1117 1029 1178 quum
1055 1098 1102 1161 rei

146 1183 302 1266 publicae,
321 1204 402 1265 quae
420 1183 499 1246 mihi
513 1183 580 1247 vita
599 1187 648 1246 est
661 1204 732 1246 mea
751 1183 863 1266 carior,
881 1187 951 1246 tum
970 1187 1103 1248 nostrae

146 1271 375 1334 necessitudini
402 1270 517 1334 debere
544 1292 595 1334 me
621 1270 736 1336 iudico.
781 1269 889 1354 Atque
912 1271 947 1333 in
969 1272 1020 1334 his
1048 1294 1097 1336 ou·

146 1359 199 1441 ris,
222 1380 301 1442 quas
325 1359 447 1422 contuli
470 1358 510 1422 ad
529 1357 721 1442 dignitatem
738 1361 838 1441 tuam,
860 1360 929 1441 cepi
948 1380 1100 1444 magnam

146 1447 358 1530 voluptatem,
386 1446 472 1530 quod
493 1446 575 1509 bene
603 1446 768 1531 cognitam
795 1447 874 1510 mihi
902 1446 938 1510 Τ.
961 1446 1100 1511 Munatii

145 1534 348 1617 prudentiam
372 1537 405 1600 et
426 1534 522 1598 fidem
544 1534 647 1618 magis
675 1535 773 1598 etiam
800 1535 947 1618 perspexi
974 1536 1103 1599 ineius

144 1622 323 1686 incredibili
350 1643 427 1708 erga
453 1625 486 1687 te
512 1622 737 1686 benevolentia
769 1626 802 1686 et
828 1623 1004 1706 diligentia.
1050 1639 1100 1684 111.

145 1709 221 1774 ldus
244 1709 323 1794 Apr.

576 1903 666 1968 XIII.

238 2016 295 2071 Sor.
314 2017 420 2071 Romae
438 2031 533 2070 mense
550 2015 625 2070 Maio
645 2016 721 2083 (ante
739 2015 790 2083 Id.)
810 2031 834 2068 a.
853 2033 880 2069 u.
900 2032 922 2068 c.
943 2021 1001 2068 711.

470 2137 598 2194 CICERO
617 2136 769 2192 PLANCO.

110 2250 123 2299 1
209 2237 256 2303 Ut
278 2239 418 2323 primum
437 2238 516 2302 mihi
534 2241 677 2322 potestas
697 2237 773 2301 data
791 2240 840 2301 est
862 2237 1027 2323 augendae
1051 2238 1097 2300 di·

143 2327 277 2412 gnitatis
300 2331 384 2411 tuae,
405 2327 487 2390 nihil
509 2326 709 2410 praetermisi
727 2326 762 2389 in
781 2329 814 2390 te
833 2327 987 2408 ornando,
1010 2325 1096 2408 quod

142 2416 284 2499 positum
311 2420 394 2480 esset
426 2418 482 2479 aut
513 2415 548 2478 in
574 2415 716 2497 praemio
744 2415 873 2478 virtutis
897 2418 953 2479 aut
981 2413 1016 2476 in
1038 2413 1096 2479 ho-

142 2526 221 2569 nore
244 2504 426 2568 verborum:
449 2503 483 2567 id
506 2525 544 2566 ex
562 2503 632 2586 ipso
652 2506 782 2566 senatus
806 2503 953 2568 consulto
974 2503 1097 2585 poteris

143 2613 349 2678 cognoscere3
375 2593 422 2656 ita
449 2591 535 2656 enim
558 2594 607 2655 est
629 2591 854 2675 perscriptum,
881 2595 919 2654 ut
941 2613 960 2653 a
983 2611 1033 2654 me
1057 2589 1095 2652 de

143 2683 261 2765 scripto
285 2681 371 2746 diota
394 2680 555 2744 sententia
577 2683 639 2763 est,
667 2701 763 2762 quam
791 2682 921 2742 senatus
944 2677 1096 2763 frequens

105 2780 124 2830 2
143 2773 270 2833 secutus
293 2773 343 2833 est
357 2790 481 2833 summo
501 2768 607 2832 studio
622 2788 803 2852 magnoque
819 2787 986 2830 consensu.
1022 2765 1095 2849 Ego

143 2878 336 2940 quamquam
360 2879 398 2921 ex
419 2856 484 2920 tuis
506 2856 636 2939 litteris,
664 2877 743 2939 quas
771 2854 850 2918 mihi
873 2854 1003 2936 misisti,
1025 2875 1095 2936 per-

142 2965 308 3028 spexeram
325 2947 358 3009 te
376 2944 480 3029 magis
493 2944 611 3008 iudicio
625 2944 785 3008 bonorum
799 2964 895 3026 quam
913 2941 1096 3026 insignibus

211 3137 262 3206 Ep.
284 3142 324 3203 12,
345 3142 369 3190 5.
405 3137 509 3206 gloriae
532 3137 667 3190 collectam
690 3137 767 3190 taoa.
792 3133 852 3203 (Ia).
901 3133 937 3202 91.
961 3133 1097 3186 collectam

140 3225 174 3264 ea
192 3209 270 3262 iada.
300 3207 371 3276 (ΒΥ)
407 3208 465 3332 gt,
484 3208 602 3260 conlecto
624 3208 701 3260 irrora
729 3204 794 3258 ΜΒ.
823 3235 856 3242 -
885 3204 1039 3285 coaepleaus
1061 3217 1096 3268 es,

140 3285 212 3334 trae:
226 3280 298 3347 perf.
319 3279 388 3345 (Ma,
429 3280 501 3345 rat).
539 3278 686 3344 conplexus
704 3293 717 3330 e
738 3278 811 3343 (oum
830 3290 935 3340 rasura,
954 3291 1045 3338 unius,
1063 3274 1097 3325 ut

141 3351 252 3418 opinor,
282 3349 405 3417 litterae)
431 3354 489 3402 uae
522 3349 589 3414 (une
610 3347 706 3401 littera
734 3347 799 3416 post
827 3349 886 3399 teae
910 3347 1000 3410 erasa)
1022 3343 1095 3411 perf.

123 3419 188 3470 Ml,
229 3435 250 3472 e.
271 3424 353 3487 tener,
366 3419 443 3490 μή
464 3417 522 3488 Or,
544 3418 574 3473 B.
624 3417 676 3488 Ep.
697 3423 742 3485 13,
759 3422 781 3469 1.
815 3416 938 3484 primum
955 3414 1023 3467 mihi
1040 3417 1095 3482 pot.

110 3484 215 3546 andex
230 3489 291 3559 M).
323 3508 376 3560 pr.
392 3510 424 3564 p.
445 3492 495 3564 M„
515 3491 614 3566 vulgo.
