2370 3878
171 188 236 252 222
453 189 490 243 M.
510 188 633 243 TULLII
652 189 841 244 CICERONIS

584 418 705 486 XXIX.
864 483 865 487 ,

285 532 342 588 Sor.
361 532 454 587 Patris
473 548 498 587 a.
518 533 543 586 d.
563 533 624 587 IIII.
643 533 705 587 Kal.
725 534 795 588 Nor.
816 549 839 587 a.
859 551 886 588 u.
906 552 928 588 c.
950 541 1009 590 709.

355 656 485 712 CURIUS
506 657 565 728 [M.]
585 656 755 711 CICERONI
775 657 842 712 SUO
863 657 938 712 SAL.

136 767 149 814 1
237 755 267 821 S.
281 779 310 821 v.
324 757 354 821 b.
369 779 408 839 a,
431 779 502 821 sum
521 757 607 820 enim
625 753 741 838 χρήσει
762 753 824 836 μὲν
845 761 930 842 tuus,
949 751 1064 838 κτήσει
1088 759 1125 822 δὲ

169 844 270 909 Attici
284 846 401 929 nostrl,
424 865 501 930 ergo
515 845 639 909 fructus
659 847 708 908 est
722 848 806 928 tuuS,
820 847 1015 930 mancipium
1030 849 1125 933 illius,

169 934 254 1017 quod
282 934 409 1018 quidem
438 934 465 997 si
496 934 581 997 inter
609 954 700 998 senes
733 936 983 1018 cotmptionales
1012 939 1124 1001 venale

167 1023 404 1106 proscripserit,
436 1023 539 1108 egerit
569 1043 637 1086 non
668 1023 814 1086 multum.
859 1021 906 1087 At
934 1024 990 1087 illa
1012 1031 1124 1089 nostra

167 1111 362 1194 praedicatio
387 1111 501 1194 quanti
524 1114 585 1195 cst,
612 1131 686 1194 nos,
714 1111 799 1194 quod
823 1110 935 1194 simne,
959 1113 1045 1195 quod
1067 1114 1123 1177 ha·

167 1199 313 1284 beamus,
344 1199 430 1283 quod
456 1199 604 1263 homines
627 1199 857 1281 existimemur,
885 1199 918 1262 id
947 1221 1041 1264 omne
1065 1203 1123 1265 abs

166 1290 199 1351 te
222 1287 353 1352 habere!
396 1286 509 1370 Quare,
532 1285 643 1351 Cicero
666 1288 720 1368 mi,
744 1308 912 1370 persevera
936 1293 1123 1353 constanter

54 1444 65 1453 ,,
166 1397 227 1440 nos
247 1396 435 1440 conservare
454 1379 487 1439 et
505 1373 638 1458 Sulpicii
657 1376 832 1439 successori
854 1397 915 1439 nos
934 1375 972 1440 de
991 1379 1122 1442 meliore

166 1466 245 1528 nota
268 1463 469 1547 commenda,
492 1485 555 1547 quo
578 1462 704 1526 facilius
727 1463 775 1526 tui
797 1464 976 1546 praeceptis
1001 1466 1121 1529 obtem-

165 1573 277 1634 perare
308 1548 491 1637 [possimus]
519 1554 615 1634 teque
644 1551 684 1615 ad
712 1572 768 1615 ver
793 1552 931 1616 libentes
958 1552 1065 1617 videre
1089 1559 1121 1618 et

130 1643 277 1704 anostra
304 1639 437 1723 refigere
470 1639 701 1722 deportareque
728 1642 799 1704 tuto
831 1641 999 1723 possimus.
1050 1641 1120 1725 Sed,

166 1729 266 1793 amice
284 1749 411 1813 magne,
433 1727 605 1793 noli-hanc
626 1727 795 1811 epistolam
809 1728 919 1793 Attico
939 1730 1119 1793 ostendere:

165 1817 233 1882 sine
262 1839 335 1883 eum
363 1838 468 1881 errare
496 1820 529 1880 et
554 1819 669 1900 putare
697 1838 747 1880 me
775 1818 880 1882 virum
907 1818 1027 1881 bonum
1051 1839 1118 1881 esse

165 1927 223 1970 uec
248 1909 349 1973 solere
377 1906 440 1971 duo
463 1905 601 1990 parietes
630 1906 668 1971 de
692 1906 803 1971 eadem
832 1906 939 1969 fidelia
962 1905 1118 1969 dealbare.

164 1993 262 2080 Ergo,
291 1999 427 2080 patrone
460 1995 518 2077 mi,
549 1994 631 2058 bene
663 1995 733 2058 vale
766 1996 980 2077 Tironemque
1012 2017 1118 2060 meum

166 2084 269 2147 saluta
291 2085 411 2149 nostris
435 2083 549 2148 verbis.
594 2081 634 2146 D.
658 2105 685 2145 a.
709 2082 825 2145 d.1111.
848 2081 992 2146 KNov.

587 2255 689 2320 XXX.

249 2365 305 2423 Sor.
324 2367 430 2423 Romae
448 2366 563 2421 ineunte
581 2383 677 2422 mense
695 2366 825 2422 Ianuario
844 2382 868 2419 a.
882 2383 909 2419 u.
929 2383 951 2418 c.
974 2372 1032 2420 710.

460 2488 589 2545 CICERO
608 2488 717 2544 CURIO
737 2488 763 2542 S.
782 2489 815 2541 D.

129 2603 143 2652 1
228 2588 300 2676 Ego
328 2612 403 2656 vero
430 2589 495 2653 iam
522 2592 555 2652 te
582 2608 641 2652 nec
667 2587 782 2652 hortor
803 2608 863 2651 nec
885 2609 980 2672 rogo,
1002 2592 1039 2652 ut
1062 2590 1116 2652 do-

163 2701 250 2743 mum
272 2678 396 2762 redeas3
419 2677 499 2762 quin
515 2677 592 2740 hinc
610 2676 679 2759 ipse
698 2675 823 2739 evolare
843 2677 936 2758 cupio
956 2680 988 2739 et
1009 2677 1115 2759 aliquo

162 2768 341 2852 pervenire,
368 2766 442 2851 „ubi
469 2786 529 2830 nec
551 2764 777 2848 Pelopidarum
798 2785 918 2828 nomen
947 2785 1006 2828 nec
1029 2765 1116 2828 facta

163 2854 317 2925 audiant
361 2853 552 2919 Incredibile
580 2856 642 2936 est,
674 2875 770 2936 quam
796 2852 933 2936 turpiter
963 2853 1042 2916 mihi
1070 2854 1116 2915 f-

163 2965 232 3008 cere
259 2943 381 3026 videar,
409 2943 464 3026 qui
486 2941 537 3007 his
560 2942 655 3006 rebus
682 2941 840 3005 intersim:
868 2962 909 3004 ne
936 2944 973 3004 tu
1000 2941 1115 3005 videris

162 3033 264 3097 multo
288 3035 363 3095 ante
386 3030 573 3115 providisse,
596 3030 672 3114 quid
691 3029 899 3114 impenderet,
922 3032 1000 3112 tum,
1018 3052 1116 3113 quum

162 3120 237 3184 hinc
273 3119 455 3204 profugisti.
518 3119 720 3202 Quamquam
755 3118 835 3183 haec
871 3117 968 3181 etiam
1005 3118 1116 3181 auditu

163 3209 278 3273 acerba
300 3212 385 3292 sunt,
406 3210 517 3272 tamen
536 3207 644 3272 audire
663 3206 862 3271 tolerabilius
886 3209 935 3269 est
958 3228 1053 3289 quam
1072 3206 1115 3267 vi-

163 3297 244 3361 dere.
280 3296 320 3361 In
334 3317 448 3380 campo
463 3297 548 3360 certe
561 3317 629 3360 non
647 3294 746 3378 fuisti,
765 3315 863 3376 quum
882 3293 963 3358 hora
978 3292 1116 3357 secunda

232 3452 284 3521 Ep.
304 3458 347 3521 29,
363 3458 385 3505 1.
424 3452 448 3506 b.
467 3467 488 3506 e.
509 3450 582 3519 (W.).
619 3451 643 3505 b.
662 3449 727 3504 ΜΒ,
768 3449 918 3518 Ep.30,1.
945 3447 1115 3517 imporderet,

162 3525 219 3575 tom
234 3523 308 3592 (Ν).
344 3523 502 3592 inpenderet
520 3527 578 3576 tum
591 3521 685 3591 vulgo.
