2370 3878
130 128 193 192 182
410 127 447 181 M.
467 126 590 182 TULLII
607 125 798 181 CICERONIS

127 271 329 355 mittendum,
351 271 560 355 quamobrem
577 292 698 354 eorum,
719 293 800 355 quos
820 271 942 356 laudas,
963 275 997 338 te
1014 295 1082 339 non

128 361 327 424 simillimum
348 359 512 443 praebeas.
557 357 620 424 Sed
641 359 722 423 haec
744 360 848 424 oratio
870 361 975 445 magis
999 366 1083 427 esset

129 454 205 532 apta
228 447 269 511 ad
288 449 344 512 illa
361 452 518 531 tempora,
540 468 621 531 quae
640 447 705 511 iam
722 448 876 532 effugisti:
899 470 988 514 nunc
1006 471 1081 515 vero

127 540 256 600 tantum
278 540 310 600 te
332 557 412 619 para
435 536 476 599 ad
498 535 578 600 haec
600 535 769 600 nobiscum
790 534 937 620 ferenda,
966 537 1082 621 quibus

128 645 189 709 ego
223 625 250 687 si
281 645 378 707 quam
413 623 606 687 medicinam
636 624 827 706 invenirem,
862 625 923 689 tibi
955 647 1081 709 quoque

128 711 263 776 eandem
280 712 454 794 traderem
476 712 532 777 sed
553 715 602 776 est
618 734 720 777 unum
737 712 922 796 perfugium
936 712 1082 779 doctrina

128 821 166 864 ae
187 800 328 885 litterae,
350 800 466 884 quibus
489 821 614 885 semper
637 801 687 864 usi
710 822 834 883 sumus,
861 822 944 884 quae
970 823 1082 867 secun·

129 888 177 952 dis
208 889 304 953 rebus
336 888 582 954 delectationem
607 889 703 953 modo
735 889 854 952 habere
880 889 1082 974 videbantur,

128 998 214 1041 nunc
237 999 312 1042 vero
336 978 434 1041 etiam
457 977 602 1041 salutem.
647 974 723 1059 Sed,
749 980 787 1040 ut
813 977 855 1041 ad
877 977 1008 1042 initium
1034 1000 1081 1043 re-

128 1069 247 1149 vertar,
275 1086 351 1130 cave
379 1065 519 1148 dubites,
548 1066 627 1150 quin
650 1064 759 1130 omnia
786 1064 824 1129 de
847 1065 950 1130 salute
973 1087 1012 1132 ac
1034 1088 1081 1131 re

129 1153 198 1218 ditu
220 1157 276 1218 tuo
299 1153 443 1238 perfecta
465 1154 539 1217 sint.

558 1343 649 1409 xln

339 1455 396 1512 Ser.
414 1457 518 1512 Romae
536 1459 655 1512 exeunte
674 1472 699 1512 a
717 1475 744 1512 1.
764 1474 786 1512 1.
807 1462 867 1515 ¹108.

449 1578 577 1635 CICERO
596 1574 753 1636 LIGARIO.

94 1695 108 1743 1
194 1677 267 1744 Etsi
296 1680 356 1743 tali
384 1683 441 1744 tuo
473 1682 618 1763 tempore
647 1702 697 1744 me
726 1684 782 1745 aut
809 1632 999 1746 consolandi
1026 1684 1082 1745 ant

128 1767 260 1833 iuvandi
282 1769 332 1833 tui
354 1789 451 1832 causa
474 1767 612 1832 seribere
634 1768 675 1832 ad
697 1772 730 1833 te
749 1769 869 1852 aliquid
891 1791 951 1852 pro
969 1772 1082 1833 nostra

128 1858 269 1923 armcitia
296 1857 479 1941 oportebat,
509 1859 619 1920 tamen
647 1856 750 1921 adhuc
777 1857 810 1921 id
837 1879 905 1921 non
932 1857 1081 1939 feceram,

128 1948 203 2030 quia
235 1968 339 2030 neque
370 1945 470 2010 lenire
502 1944 634 2009 videbar
665 1945 811 2009 oratione
842 1966 946 2029 neque
975 1945 1081 2009 levare

127 2056 221 2118 posse
249 2035 391 2099 dolorem
417 2037 524 2116 tuum3
554 2037 668 2116 postea
698 2055 774 2097 vera
800 2055 898 2116 quam
928 2053 1081 2118 magnam

129 2143 219 2205 spem
240 2122 360 2186 habere
383 2123 474 2204 coepi
495 2121 579 2204 fore,
602 2125 693 2186 otte
715 2121 805 2185 brevi
827 2125 972 2204 tempore
994 2121 1080 2186 ineo·

128 2211 248 2273 lumem
269 2209 473 2291 haberemus,
504 2208 608 2272 facere
635 2230 703 2274 non
729 2209 833 2292 potui,
861 2210 941 2293 quin
966 2209 1028 2274 tibi
1050 2212 1083 2274 11

93 2297 323 2361 asententiam
349 2301 382 2361 et
408 2297 608 2361 voluntatem
636 2296 830 2361 declararem
856 2319 970 2362 meam.
1014 2297 1081 2362 Pri·

128 2407 218 2450 mum
245 2385 344 2470 igitur
376 2385 526 2467 scribam,
558 2384 643 2467 quod
674 2386 820 2470 intelligo
851 2389 884 2449 11
913 2386 1083 2470 perspicio,

128 2495 196 2538 non
217 2473 287 2538 fore
306 2474 391 2539 inte
410 2469 580 2537 Caesarem
598 2472 771 2557 duriorem,
793 2495 870 2538 nam
888 2477 921 2538 et
939 2494 990 2539 res
1009 2494 1084 2539 eum

129 2562 271 2646 quotidie
304 2565 336 2627 11
368 2561 435 2626 dies
466 2564 499 2625 et
526 2561 635 2644 opinio
662 2562 831 2627 hominum
858 2566 903 2647 et,
934 2566 972 2627 ut
1002 2563 1084 2627 miln'

128 2650 268 2734 videtur,
304 2650 401 2716 etiam
433 2671 491 2714 sua
522 2653 638 2714 natura
668 2651 829 2716 mitiorem
859 2651 951 2734 facit,
986 2651 1083 2734 idque

130 2760 229 2821 quum
252 2739 290 2803 de
313 2738 444 2822 reliquis
468 2738 582 2822 sentio,
604 2741 674 2802 tum
697 2739 735 2803 de
758 2743 790 2803 te
814 2739 911 2803 etiam
929 2738 1025 2805 audio
1044 2761 1084 2804 ex

128 2826 386 2891 familiarissimis
410 2827 486 2910 eius,
510 2826 625 2910 quibus
648 2847 708 2912 ego
729 2849 767 2893 ex
786 2848 823 2892 eo
841 2832 996 2912 tempore,
1019 2849 1083 2912 quo

129 2914 269 2998 primum
300 2936 339 2979 ex
369 2914 481 2980 Africa
511 2915 645 2980 nuntius
676 2916 777 3000 venit,
810 2916 989 3000 supplicare
1017 2938 1084 2981 una

130 3002 378 3068 cumfratribus
405 3003 471 3068 tuis
497 3024 565 3069 non
588 3002 709 3088 destiti,
735 3026 872 3088 quorum
899 3004 1029 3088 quidem
1051 3008 1085 3069 11

129 3091 248 3156 virtute
271 3095 304 3157 et
324 3091 444 3176 pietate
467 3095 501 3157 et
523 3112 630 3158 amore
653 3092 688 3156 in
709 3096 742 3157 te
766 3093 922 3178 singulari
949 3096 983 3158 11
1004 3093 1083 3157 assi·

130 3180 194 3244 dua
216 3183 249 3244 11
269 3183 425 3264 perpetua
444 3201 520 3245 cura
538 3181 650 3244 salutis
668 3183 743 3244 tuae
760 3184 889 3245 tantum
907 3181 1084 3265 proficitur,

129 3272 167 3332 ut
188 3268 271 3332 nihil
294 3268 344 3352 sit,
367 3268 452 3352 quod
474 3289 542 3333 non
564 3268 670 3352 ipsum
693 3266 863 3334 Caesarem
885 3269 1085 3334 tributurum

94 3372 111 3420 3
131 3357 320 3440 existimem,
340 3357 404 3440 sed,
423 3357 451 3420 si
468 3356 591 3421 tardius
604 3355 651 3439 fit,
670 3378 765 3439 quam
779 3358 937 3441 volumno,
954 3357 1085 3443 magnis

130 3446 394 3529 occupationibus
417 3445 499 3530 eius,
521 3465 541 3508 1
564 3466 626 3529 quo
650 3446 759 3509 omnia
781 3449 950 3531 petuntur,
975 3445 1086 3511 aditus
