2370 3878
166 163 208 226 74
446 164 483 218 M.
504 161 628 219 TULLII
646 163 837 220 CICERONIS

162 312 208 392 te,
235 308 400 372 hominem
426 330 494 372 non
522 309 627 373 solum
654 308 846 393 sapientem,
874 331 986 374 verum
1014 311 1124 397 etiam,

162 400 200 460 ut
222 417 309 460 nuno
331 397 501 480 loquimur,
524 398 693 481 urbanum,
715 419 784 462 non
803 398 985 462 arbitrabar
1003 419 1122 484 genere

162 485 225 549 isto
252 485 452 569 legationum
480 485 644 567 delectari,
671 485 766 568 idque
793 506 845 550 me
873 486 1012 551 arbitror
1040 485 1122 572 Syn·

161 572 254 636 nadis
277 596 336 657 pro
359 573 515 637 tribunali
536 574 647 638 multis
670 574 776 637 verbis
800 573 1028 658 disputavisse:
1056 577 1121 660 pri·

161 683 249 725 mum
285 660 347 745 Ap.
380 659 549 726 Claudium
586 662 712 725 senatui
748 662 932 745 populoque
969 662 1119 730 Romano

160 770 228 813 non
245 748 480 814 Midaeensium
501 749 745 814 testimonio-
758 750 794 812 in
816 771 854 813 ea
877 750 964 814 enim
988 751 1119 817 civitate

160 838 281 901 mentio
304 838 393 901 faeta
415 841 465 901 est
478 873 535 919 -,
559 837 614 901 sed
638 859 696 901 sua
716 840 830 921 sponte
850 859 919 901 esse
936 837 1119 924 laudatum3

161 925 275 988 deinde
307 946 358 988 me
388 925 436 989 ita
467 925 584 990 vidisse
615 925 757 990 accidere
785 926 910 1010 multis,
941 930 979 990 ut
1007 948 1119 994 eorum

160 1035 257 1077 causa
279 1013 458 1098 legationes
481 1013 619 1079 Romam
647 1014 809 1097 venirent,
837 1013 892 1078 sed
919 1013 1118 1100 1161666116-

159 1103 254 1166 nibus
277 1124 345 1167 non
367 1102 550 1167 meminisse
575 1099 649 1188 [me]
678 1103 780 1166 ullum
806 1104 934 1185 tempus
961 1102 1118 1169 laudandi

159 1195 216 1256 aut
237 1192 345 1256 locum
368 1191 450 1272 dari3
482 1190 589 1254 studia
616 1190 695 1254 1111111
724 1211 834 1255 eorum
861 1191 1002 1274 plaeere,
1030 1193 1117 1275 quod

158 1278 193 1341 in
220 1282 252 1341 te
279 1278 361 1341 bene
393 1279 507 1342 merito
541 1279 626 1362 grati
658 1281 778 1361 essent,
810 1278 980 1343 eonsilium
1008 1281 1117 1345 totum

158 1365 259 1429 videri
290 1365 421 1428 minime
452 1365 681 1448 necessarium3
713 1366 741 1429 si
773 1368 881 1429 autem
912 1360 1034 1430 vellent
1063 1368 1115 1432 de·

158 1454 279 1516 elarare
301 1453 338 1516 in
360 1474 398 1516 eo
418 1452 560 1517 officium
579 1475 681 1537 suum,
702 1453 909 1518 laudaturum
928 1475 988 1538 me,
1012 1455 1114 1540 siqui

158 1563 216 1605 suo
245 1543 374 1625 sumptu
401 1540 531 1605 functus
559 1544 644 1604 esset
671 1541 791 1623 officio,
819 1563 1059 1628 concessurum,
1086 1545 1115 1609 si

156 1629 311 1714 legitimo,
333 1651 402 1694 non
418 1630 657 1712 permissurum,
680 1630 708 1693 si
726 1629 873 1698 infinito„
901 1628 984 1705 Quid
1007 1631 1043 1695 in
1060 1653 1113 1697 me

156 1716 347 1800 reprehendi
365 1717 495 1801 potest?
517 1717 581 1782 nisi
604 1716 689 1800 quud
713 1717 803 1781 addis
822 1717 928 1782 visum
951 1739 1020 1783 6666
1044 1721 1113 1804 qui·

155 1804 292 1870 busdam
314 1804 454 1870 edictum
476 1827 582 1870 meum
611 1805 702 1888 quasi
725 1806 872 1870 consulto
896 1805 936 1869 ad
965 1806 1045 1871 istas
1067 1809 1111 1872 le·

156 1895 303 1979 gationes
339 1894 558 1979 impediendas
595 1915 663 1958 6666
700 1893 985 1958 accommodatum.
1039 1895 1112 1960 Iam

155 1987 312 2047 nontam
334 1984 414 2049 mihi
437 1983 586 2047 videntur
608 1982 759 2047 iniuriam
777 1982 883 2045 faeere
901 1982 934 2064 ii,
957 1983 1012 2065 qui
1029 1982 1111 2049 haee

155 2071 334 2154 disputant,
366 2093 463 2154 quam
490 2072 518 2136 si
545 2071 635 2136 cuius
663 2092 755 2135 aures
787 2069 828 2132 ad
855 2069 939 2133 hano
967 2070 1110 2156 disputa·

119 2158 276 2222 4tionem
307 2162 429 2240 patent.
482 2159 605 2223 Romae
642 2157 807 2241 composui
839 2157 991 2242 edictum3
1026 2159 1111 2225 nihil

154 2245 275 2327 addidi,
306 2245 370 2308 nisi
402 2245 500 2328 quod,
532 2245 696 2329 publicani
724 2266 775 2308 me
807 2248 978 2330 rogarunt,
1009 2268 1111 2329 quum

154 2331 286 2397 Samum
309 2333 348 2397 ad
372 2354 422 2396 me
445 2333 622 2416 venissent,
644 2336 681 2396 ut
704 2332 743 2396 de
765 2335 822 2396 tuo
846 2332 950 2397 edieto
973 2334 1110 2399 totidem

152 2420 258 2484 verbis
285 2420 494 2485 transferrem
525 2421 560 2484 in
591 2441 706 2484 meum.
751 2420 1004 2505 Diligentissime
1032 2423 1109 2487 6611-

152 2513 245 2592 ptum
263 2512 360 2593 oaput
378 2512 435 2592 est,
459 2509 544 2592 quod
566 2509 707 2593 pertinet
726 2508 766 2572 ad
784 2507 976 2573 minuendos
1000 2512 1109 2594 sump-

152 2601 205 2661 tus
233 2597 412 2661 civitatum:
441 2618 504 2680 quo
532 2597 568 2660 in
596 2597 700 2680 eapite
724 2599 801 2660 sunt
828 2595 986 2679 quaedam
1012 2610 1108 2683 nova,

153 2686 307 2748 salutaria
329 2684 527 2768 civitatibus,
554 2685 669 2768 quibus
698 2705 759 2769 ego
786 2704 906 2769 magno
935 2705 1031 2769 opere
1053 2685 1107 2751 de

151 2773 265 2855 laetor3
291 2773 353 2836 1166
376 2793 466 2855 vero,
492 2793 531 2836 ex
554 2793 617 2854 quo
641 2772 779 2856 suspicio
802 2775 881 2835 nata
909 2775 958 2837 est
980 2793 1032 2839 me
1055 2794 1107 2838 ex·

152 2859 287 2943 quisisse
315 2859 449 2943 aliquid,
474 2860 510 2923 in
533 2881 596 2943 quo
619 2863 652 2923 te
676 2860 883 2943 offenderem,
910 2861 1108 2926 tralaticium

152 2951 209 3011 est.
253 2945 365 3030 Neque
389 2947 475 3012 enim
498 2969 586 3012 eram
607 2951 675 3012 tam
698 2947 871 3031 desipiens,
897 2951 935 3012 ut
961 2948 1107 3033 privatae

150 3035 198 3100 rei
220 3055 317 3099 causa
338 3036 441 3120 legari
462 3039 623 3121 putarem,
651 3035 719 3120 qui,
746 3039 780 3099 et
800 3035 862 3099 tibi
889 3056 957 3100 non
978 3037 1106 3120 privato

221 3209 356 3277 E.8,3.
393 3208 559 3279 6611116169.
580 3209 654 3277 (W.).
690 3209 797 3263 66111116
815 3209 832 3262 l.
851 3208 945 3280 vulgo.
963 3239 999 3250 -
1015 3212 1106 3264 merui·

150 3281 222 3334 aisse
253 3279 304 3350 me]
323 3278 410 3333 ullam
429 3278 503 3349 (W.).
540 3280 717 3333 masinissae
734 3295 761 3333 u.
780 3279 817 3332 M.
858 3280 1009 3334 1666161666
1025 3297 1053 3334 u.
1073 3280 1105 3334 B.

150 3380 186 3390 -
205 3350 279 3419 Quid
296 3350 328 3404 iu
345 3365 386 3403 me
403 3364 473 3417 repr.
494 3349 550 3416 (Or.
570 3349 660 3418 conj).
712 3349 743 3419 Q.
762 3351 834 3403 euim
851 3365 922 3418 repr.
945 3350 992 3417 Μ,
1010 3349 1041 3403 Β.
1079 3356 1105 3404 4.

150 3421 207 3473 uisi
224 3419 304 3489 quod,
318 3419 466 3489 publicani
480 3418 554 3489 (W.).
590 3435 618 3474 u.
637 3418 710 3488 quod
722 3435 753 3487 p.
772 3419 866 3490 vulgo.
887 3448 920 3459 -
939 3421 997 3490 qui,
1015 3425 1041 3475 et
1053 3420 1108 3476 ties·

151 3489 226 3557 (W.).
263 3491 312 3559 qui
329 3494 354 3545 et
371 3494 389 3544 t.
410 3488 503 3561 vulgo.
