2370 3878
366 187 626 244 EPISTOLARUM
643 188 689 242 IV.
711 194 734 243 5.
754 195 778 243 6.
987 189 1049 251 103

93 334 238 418 fuerunt,
267 336 437 399 uteorum
460 334 583 397 luctum
605 332 750 416 ipsorum
773 331 913 417 dignitas
938 353 1050 396 conso·

93 424 214 486 latetur
248 442 299 505 ea,
352 443 428 486 uam
460 442 499 485 ex
530 442 564 484 re
596 421 726 504 publica
757 419 1050 503 consequebantur3

94 511 173 574 inihi
196 514 304 574 autem
327 510 455 575 amissis
474 509 673 574 ornamentis
695 508 745 592 iis,
768 530 849 591 quae
871 509 941 592 ipse
965 530 1049 573 com·
1069 525 1085 572 2

94 621 253 664 memoras
277 620 421 682 quaeque
444 619 533 661 eram
550 596 699 662 maximis
716 597 882 662 laboribus
907 596 1051 682 adeptae,

94 710 195 751 unum
227 687 380 751 manebat
410 685 491 750 illud
514 686 678 769 solatium,
706 685 792 769 quod
820 688 966 771 ereptum
989 689 1050 750 est:

95 797 162 839 non
187 776 364 839 amicorum
387 773 541 859 negotiis,
568 795 635 839 uon
658 775 704 838 rei
726 774 874 858 publicae
901 795 1051 858 procura-

94 864 183 928 tione
201 863 460 946 impediebantur
479 862 693 947 cogitationes
711 884 811 944 meae,
830 863 912 927 nihil
931 864 966 927 in
979 862 1050 926 foro

96 972 190 1036 agere
213 952 344 1035 libebat,
368 950 509 1035 aspicere
533 950 655 1014 curiam
677 972 745 1015 non
767 954 923 1034 poteram,
945 951 1051 1015 existi·

95 1041 233 1124 mabam,
256 1039 289 1103 id
308 1039 394 1122 quod
414 1042 492 1122 erat,
515 1060 627 1102 omnes
645 1060 696 1102 me
716 1041 749 1102 et
765 1039 943 1103 industriae
962 1060 1051 1103 meae

95 1128 220 1192 fructus
240 1132 273 1192 et
289 1126 440 1191 fortunae
458 1126 648 1210 perdidisse3
672 1126 737 1210 sed,
760 1149 858 1211 quum
877 1127 1053 1211 cogitarem

95 1217 174 1280 haec
194 1216 273 1280 mihi
291 1219 400 1280 tecum
418 1219 451 1279 et
470 1237 542 1280 curn
562 1215 753 1299 quibusdam
772 1237 841 1280 esse
861 1216 1053 1299 communia,

95 1308 129 1368 et
156 1325 255 1386 quum
281 1304 466 1388 frangerem
498 1304 563 1369 iam
595 1305 665 1388 ipse
692 1309 796 1368 meet
822 1324 970 1389 cogerem
996 1305 1054 1368 illa

95 1391 180 1455 ferre
198 1390 384 1476 toleranter,
402 1392 571 1477 habebam,
586 1414 650 1476 quo
668 1393 886 1478 confugerem,
903 1393 960 1457 ubi
978 1414 1053 1458 ccu-

97 1480 305 1564 quiescerem,
338 1480 427 1544 cuius
454 1481 490 1545 in
518 1503 665 1546 sermone
693 1484 726 1545 et
753 1483 912 1546 suavitate
941 1502 1053 1546 omnes

97 1589 190 1632 curas
213 1568 403 1652 doloresque
426 1568 632 1653 deponerem:
659 1590 747 1635 nunc
769 1573 877 1635 autem
900 1570 963 1635 hoc
985 1574 1053 1634 tam

98 1657 188 1740 gravi
210 1658 342 1721 vulnere
366 1657 464 1721 etiam
481 1657 547 1741 illa,
570 1679 652 1740 quae
670 1659 879 1723 consanuisse
902 1659 1053 1723 videban-
1154 1728 1156 1733 ,

96 1749 163 1829 tur,
198 1745 440 1827 recrudescunt,
475 1767 543 1810 non
576 1746 675 1831 enim,
710 1751 749 1811 ut
779 1751 850 1813 tum
884 1769 936 1811 me
969 1769 988 1811 a
1018 1768 1053 1811 re

96 1834 225 1916 publica
252 1837 412 1897 maestum
444 1833 558 1899 domus
591 1834 783 1918 excipiebat,
815 1857 897 1919 quae
923 1836 1054 1918 levaret,

98 1922 143 1984 sic
161 1941 248 1984 nunc
267 1922 362 1985 domo
382 1942 528 1986 maerens
553 1922 680 1986 adrem
698 1922 862 2006 publicam
880 1923 1054 2008 confugere

98 2030 245 2090 possum,
271 2012 310 2071 ut
335 2009 371 2072 in
398 2009 466 2073 eius
494 2009 588 2073 bonis
621 2011 831 2092 acquiescam.
880 2009 994 2094 Itaque
1022 2015 1055 2074 et

98 2095 195 2159 domo
219 2095 334 2159 absum
357 2099 390 2159 et
406 2096 489 2180 foro,
511 2096 597 2181 quod
615 2118 674 2161 neo
692 2119 766 2162 eum
785 2096 936 2183 dolorem,
959 2121 1054 2185 quem

98 2183 166 2261 †ad
188 2203 222 2246 re
245 2184 375 2266 publica
398 2185 503 2270 capio,
531 2185 645 2251 domus
670 2186 737 2250 iam
765 2188 925 2252 consolari
946 2191 1056 2272 potest

97 2292 158 2336 nec
190 2271 402 2337 domesticum
433 2294 484 2338 res
516 2275 654 2358 publica.
698 2274 769 2351 Quo
801 2277 906 2361 magis
937 2279 970 2340 te
1003 2291 1091 2341 eir-3

98 2364 208 2443 specto
231 2363 326 2444 teque
349 2361 456 2427 videre
480 2384 578 2446 quam
604 2363 744 2447 primum
767 2365 861 2449 cupio
885 2401 930 2411 -
951 2364 1055 2430 maior

97 2449 184 2512 enim
210 2449 329 2515 levatio
357 2450 437 2515 mihi
465 2450 571 2516 afferri
598 2452 688 2516 nulla
719 2456 828 2537 potest
855 2475 952 2536 quam
980 2475 1054 2518 con·

85 2537 218 2607 ,iunctio
243 2539 486 2604 consuetudinis
514 2561 761 2624 sermonumque
789 2544 975 2607 nostorum
998 2565 1055 2623 —3

98 2646 293 2709 quamquam
317 2628 488 2711 sperabam
514 2632 608 2693 tuum
635 2629 809 2694 adventum
832 2631 945 2694 -sic
969 2630 1055 2694 enim

98 2712 267 2779 audiebam
298 2752 343 2762 -
375 2717 644 2801 appropinquare.
702 2716 775 2803 Ego
810 2721 919 2783 autem
955 2740 1055 2802 quum

96 2801 207 2866 multis
236 2803 275 2866 de
302 2804 407 2869 causis
435 2808 467 2869 te
495 2810 612 2890 exopto
645 2827 742 2890 quam
769 2807 909 2891 primum
938 2807 1056 2889 videre,

97 2893 167 2953 tum
190 2891 301 2976 etiam,
329 2897 366 2957 ut
393 2896 470 2957 ante
497 2897 750 2960 commentemur
776 2897 862 2961 inter
888 2918 963 2981 nos,
991 2918 1055 2981 qua
1090 2935 1093 2941 -

97 2979 222 3043 ratione
253 2981 349 3045 nobis
380 2981 614 3048 traducendum
642 2983 768 3048 sithoc
795 2988 936 3070 tempus,
969 2984 1055 3069 quod

133 3237 149 3249 ..
168 3167 219 3237 Ep.
241 3175 264 3238 6,
280 3176 305 3224 2.
337 3173 410 3242 qood
426 3189 502 3228 nanc
520 3179 640 3243 ereptam
657 3179 696 3230 eet
719 3175 804 3245 (W.)?
829 3208 862 3216 -
890 3176 1056 3246 quibasdam

96 3237 235 3293 marsnae
257 3240 329 3311 (L.)?
353 3272 386 3282 ·-
410 3248 571 3313 quemad
592 3263 671 3316 rep.
692 3246 850 3317 (M1,W.).
900 3262 1052 3316 φανεῖ).

96 3308 154 3392 Ma,
191 3326 269 3379 quem
286 3327 360 3382 rep.
380 3314 446 3384 (W.)
466 3317 517 3371 aut
534 3333 558 3386 q.
578 3332 592 3371 e
609 3333 637 3372 re
650 3335 681 3387 p.
701 3317 752 3386 (L,
771 3317 821 3387 B.).
868 3323 892 3371 3.
924 3318 1054 3386 capio-

95 3387 420 3439 uiator...ncatrorurn
439 3407 489 3452 -;
511 3388 630 3457 q.(W.).
685 3405 900 3454 c.:m⁴...u.;
925 3388 1053 3457 au.-

94 3452 184 3506 mce'or
206 3453 278 3507 enim
301 3454 400 3510 levatio
424 3457 492 3512 mihi
515 3459 612 3525 afferri
636 3459 689 3525 (W.
715 3460 744 3514 ct
766 3458 877 3528 Klete).
928 3476 962 3514 m.
985 3460 1056 3516 milei

93 3523 168 3577 catio
185 3523 254 3579 melei
271 3524 381 3594 adferre
397 3526 435 3581 Μ.
473 3545 507 3583 m.
525 3530 594 3584 miti
612 3530 660 3584 leo.
679 3530 788 3598 adferri
804 3529 902 3602 RB.
