2370 3878
175 180 238 244 106
427 144 491 234 'm
512 180 636 235 runnu
654 179 845 237 oroaaoms
955 228 962 239 .

135 324 352 389 cmultitudo.
396 321 562 389 Habemus
585 325 682 389 etiam
703 325 863 390 rationem
885 326 933 390 rei
959 327 1132 394 familiaris

170 417 255 496 tuae,
287 434 383 495 quam
416 412 564 496 dissipari
594 413 758 496 nolumus3
790 436 880 498 nam,
912 414 974 479 etsi
1004 400 1133 483 nullain

170 504 278 585 potest
301 500 443 584 accipere
466 501 631 585 iniuriam,
659 522 741 585 quae
763 502 874 566 futura
896 507 1055 587 perpetua
1078 506 1132 591 sit,

169 593 340 674 propterea
364 589 449 672 quod
472 611 576 673 neque
599 590 641 674 is,
671 591 725 673 qui
747 594 838 655 tenet
864 612 932 654 rem
954 592 1131 679 publicam,

169 679 310 762 patietur
341 699 445 761 neque
477 678 548 761 ipsa
578 699 629 742 res
657 678 800 762 publica,
831 682 942 743 tamen
970 680 1131 765 impetum

168 766 369 850 praedonum
395 767 431 829 in
452 769 526 830 tuas
557 766 706 830 fortunas
737 766 807 831 fieri
834 768 925 851 nolo,
956 768 992 832 hi
1018 773 1130 836 autem

170 855 225 937 qui
244 858 359 937 essent,
382 853 532 918 auderem
552 855 698 938 scribere,
717 855 780 919 nisi
798 859 831 920 te
850 855 1032 941 intelligere
1051 879 1129 923 con·

135 942 309 1006 ofiderem.
354 941 417 1006 Hic
448 946 480 1006 te
513 943 609 1007 unius
633 943 877 1028 sollicitudines,
904 944 1000 1010 unius
1028 946 1130 1012 etiarn

168 1031 289 1095 multae
322 1035 355 1095 et
386 1031 532 1096 assiduae
564 1032 727 1116 lacrimae,
759 1029 793 1097 O.
824 1031 984 1118 Marcelli,
1014 1033 1128 1101 fratris

169 1121 296 1204 optimi,
324 1120 550 1203 deprecantur:
582 1140 643 1185 nos
675 1142 752 1185 cura
784 1123 817 1184 et
845 1120 954 1186 dolore
986 1123 1129 1206 proximi

169 1229 287 1292 sumus,
309 1209 457 1292 precibus
479 1208 645 1292 tardiores,
668 1209 754 1292 quod
776 1209 827 1273 ius
850 1208 1002 1294 adeundi,
1025 1232 1128 1294 quum

167 1297 230 1379 ipsi
258 1296 481 1379 deprecatione
509 1297 704 1380 eguerimus,
730 1318 798 1361 non
820 1297 990 1381 habemus,
1018 1301 1128 1384 gratia

167 1386 296 1447 tantum
317 1405 502 1467 possumus,
530 1388 686 1467 quantum
714 1385 803 1468 victi3
832 1384 887 1450 sed
909 1389 1020 1451 tamen
1050 1409 1126 1453 con·

168 1472 249 1556 silio,
272 1472 378 1535 studio
397 1471 550 1536 Marcello
569 1493 637 1537 non
660 1472 818 1538 desumus.
854 1472 885 1537 A
904 1474 968 1538 tuis
991 1475 1125 1560 reliquis

166 1581 235 1624 non
258 1560 460 1643 adhibemur3
484 1561 524 1624 ad
548 1561 656 1625 omnia
679 1562 785 1645 parati
808 1578 927 1626 sumus.

598 1753 688 1820 VIII.

263 1865 319 1923 Sor.
339 1865 445 1922 Romae
464 1867 539 1937 (post
556 1865 617 1921 VII.
636 1866 699 1921 Kal.
719 1866 804 1935 Sext.)
825 1881 849 1920 a.
868 1884 894 1920 u.
914 1883 937 1921 c.
957 1873 1017 1923 708.

358 1991 396 2045 Μ.
416 1989 545 2046 CICERO
565 1989 592 2045 S.
610 1989 643 2045 D.
662 1989 699 2044 M.
718 1988 924 2045 MARCELLO.

131 2101 145 2148 1
230 2089 343 2174 Neque
374 2112 505 2155 monere
536 2094 569 2154 te
601 2090 703 2155 audeo
734 2089 913 2172 praestanti
948 2088 1123 2174 prudentia

95 2187 100 2197 '
165 2178 270 2243 virum
283 2199 342 2242 nec
357 2179 546 2243 confirmare
560 2178 689 2242 maximi
709 2178 808 2240 animi
825 2177 990 2242 hominem
1004 2198 1120 2245 unum·

165 2288 226 2350 que
249 2266 474 2348 fortissimum,
502 2266 662 2330 consolari
684 2287 759 2330 vero
782 2267 872 2331 nullo
896 2266 1006 2349 m0d03
1033 2287 1120 2352 nam,

75 2415 78 2421 .
165 2356 192 2418 si
211 2358 261 2438 ea,
285 2376 365 2438 quae
389 2354 583 2437 acciderunt,
604 2354 651 2417 ita
673 2353 752 2437 fers,
774 2357 812 2417 ut
834 2353 939 2438 audio,
962 2356 1121 2440 gratrrlcri

163 2444 268 2527 magis
290 2443 403 2508 virtuti
425 2442 525 2506 debeo
550 2463 646 2525 quam
669 2442 829 2507 consolari
852 2442 995 2508 dolorem
1017 2445 1120 2528 tuum,

164 2531 269 2596 sinte
297 2534 390 2596 tanta
416 2532 502 2595 mala
528 2531 575 2594 rei
600 2530 748 2614 publicae
774 2531 945 2616 frangunt,
976 2552 1045 2596 non
1071 2532 1120 2596 ita

163 2620 292 2685 abundo
316 2620 457 2704 ingenio,
479 2622 516 2683 ut
533 2621 566 2683 te
585 2620 741 2703 consoler,
764 2641 862 2703 quum
884 2619 952 2702 ipse
976 2639 1119 2685 menon

162 2709 292 2792 possim.
337 2709 509 2792 Reliquum
532 2710 581 2770 est
602 2708 714 2792 igitur,
741 2711 778 2771 ut
804 2707 864 2771 tibi
892 2728 943 2771 me
970 2708 1005 2770 in
1028 2709 1120 2772 omni

162 2817 196 2860 re
220 2817 293 2859 eum
314 2797 486 2880 praebeam
513 2800 735 2880 praestemque
763 2799 795 2859 et
822 2794 1008 2880 adomnia,
1035 2816 1118 2879 quae

162 2883 211 2947 tui
233 2884 343 2968 velint,
365 2886 411 2948 ita
434 2886 494 2949 sim
511 2887 650 2968 praesto,
672 2888 710 2948 ut
726 2905 777 2948 me
795 2906 864 2949 non
884 2884 989 2948 solum
1008 2884 1119 2948 omnia

162 2971 277 3036 debere
300 2974 357 3036 tua
380 2995 485 3057 causa,
508 2994 589 3056 quae
607 2973 737 3057 possim,
760 2973 815 3036 sed
833 2972 931 3036 etiam
949 2992 1031 3056 quae
1049 2992 1118 3043 non

127 3061 297 3145 apossim,
325 3065 444 3144 putem.
493 3060 578 3125 Illud
604 3064 715 3125 tamen
743 3061 794 3124 vel
821 3063 858 3124 tu
880 3081 930 3124 me
953 3059 1117 3125 monuisse

161 3151 213 3213 vel
236 3150 396 3214 censuisse
418 3154 499 3235 puta
521 3150 571 3214 vel
585 3153 717 3234 propter
729 3148 989 3214 benevolentiam
1010 3151 1118 3213 taome

232 3377 283 3446 Ep.
305 3383 329 3446 7,
345 3382 369 3432 5.
399 3381 476 3446 potes
495 3377 615 3445 accipere
633 3375 687 3446 (V.)
724 3406 760 3415 —
777 3376 802 3430 a·
819 3380 917 3441 cutem,
935 3374 984 3444 qut
1002 3373 1118 3443 (Orat.)?

162 3453 187 3501 6.
205 3448 340 3514 habemus,
358 3449 452 3518 prata
471 3448 545 3517 (W).
595 3448 730 3501 tutemus.
768 3445 817 3503 Gr.
836 3446 931 3516 vulgo,
950 3474 984 3485 -
1003 3445 1119 3501 rosario

161 3533 194 3572 cc
212 3520 303 3573 studio
322 3519 389 3588 (W.)
409 3520 458 3574 aut
476 3534 497 3574 c.
516 3523 542 3574 ct
559 3522 592 3572 ct.
613 3517 758 3587 (Kayser)?
