2370 3878
128 170 172 234 54
411 169 448 222 Μ.
469 168 592 222 TULLII
580 166 800 222 [CICERONIS

128 337 225 400 quam
248 335 338 379 arma
360 313 478 378 civilia:
500 313 596 378 huius
619 334 670 376 me
690 313 889 377 constantiae
912 316 992 415 puto
1014 312 1083 379 iore

127 406 165 468 ut
196 424 372 486 numquam
403 402 576 485 poeniteat
630 399 761 465 Etenim
792 401 924 465 memini
955 403 991 466 in
1021 403 1083 468 hoc

128 513 245 576 genere
269 490 401 576 gloriari
423 491 554 555 solitum
577 510 646 554 esse
668 489 861 553 familiarem
883 490 1083 567 nostrqu.

127 579 347 663 Hortensium,
366 579 451 663 quod
470 599 645 662 numquam
664 578 748 642 bello
768 578 853 642 civili
871 578 1083 645 interfuisset.

126 668 189 733 hoe
211 671 324 733 nostra
346 669 416 731 laus
440 668 501 731 erit
523 667 686 750 illustrior,
710 666 795 751 quod
817 666 864 730 illi
881 667 1083 733 tribuebatur

126 757 285 842 ignaviae,
308 756 346 819 de
369 755 464 820 nobis
487 755 520 819 id
542 754 718 819 existimari
735 776 830 839 posse
848 776 917 819 non
936 755 1083 821 arbitror.

92 843 196 909 4Nec
223 866 273 908 me
301 845 365 907 ista
391 846 527 926 terrent,
558 864 638 926 quae
666 843 745 907 mihi
773 865 793 906 a
814 846 847 907 te
871 844 911 907 ad
933 843 1083 911 timorem

126 933 279 997 fidissime
303 935 399 1015 atque
423 931 642 997 amantissime
660 935 898 1016 proponuntur,
920 933 1011 996 nulla
1034 937 1083 998 est

127 1022 213 1086 enim
237 1021 408 1105 acerbitas,
436 1043 517 1106 quae
544 1043 613 1086 non
640 1021 789 1086 omnibus
816 1019 878 1084 hac
906 1021 993 1085 orbis
1019 1025 1081 1086 ter·

126 1133 235 1175 rarum
252 1111 493 1194 perturbatione
512 1110 696 1194 impendere
716 1109 870 1192 videatur,
894 1129 991 1192 quarn
1014 1110 1082 1194 qui·

127 1199 199 1262 dem
222 1220 282 1284 ego
311 1220 330 1262 a
352 1220 387 1262 re
414 1199 543 1283 publica
569 1199 649 1263 meis
676 1198 810 1282 privatis
838 1200 871 1261 et
899 1196 1081 1263 domesticis

126 1285 338 1351 incommodis
360 1286 570 1350 libentissime
593 1286 645 1349 vel
667 1285 737 1350 istis
760 1285 848 1369 ipsis,
871 1307 952 1368 quae
974 1289 1013 1351 tu
1030 1308 1082 1353 me

91 1395 238 1444 smones
266 1377 303 1438 ut
330 1395 468 1458 caveam,
497 1373 709 1437 redemissem.
763 1373 845 1437 Filio
873 1394 959 1457 meo,
987 1396 1083 1458 quem

126 1463 187 1526 tibi
219 1483 328 1526 carum
360 1484 428 1527 esse
459 1462 597 1547 gaudeo,
629 1462 657 1525 si
684 1461 745 1526 erit
771 1463 838 1526 ulla
864 1483 915 1526 res
942 1463 1082 1548 publica,

127 1551 205 1614 satis
239 1551 381 1634 amplum
413 1550 643 1634 patrimonium
679 1550 858 1634 relinquam
894 1552 1083 1616 memoriam
1121 1582 1125 1593 ¹

126 1639 266 1704 nominis
289 1639 365 1723 mei,
389 1639 439 1702 sin
463 1641 570 1704 autem
592 1639 683 1708 nulla
706 1638 779 1721 erit,
801 1638 883 1702 nihil
907 1638 1030 1704 accidet
1053 1641 1083 1705 ei

127 1727 301 1811 separatim
323 1749 343 1792 a
364 1727 495 1811 reliquis
519 1727 649 1791 civibus.
690 1724 785 1810 Nam,
808 1727 894 1810 quod
916 1748 1022 1812 rogas,
1045 1732 1083 1793 ut

125 1817 295 1901 respiciam
322 1837 477 1902 generum
504 1837 623 1898 meum,
655 1815 891 1880 adolescentem
923 1815 1083 1899 optimum

125 1905 267 1989 mihique
291 1906 500 1989 carissimum,
522 1905 591 1983 †an
614 1904 751 1987 dubitas,
775 1904 828 1988 qui
853 1903 943 1986 seiae,
967 1906 1082 1987 quanti

126 2015 225 2076 quum
247 1995 346 2078 illum,
368 1999 439 2059 tum
460 2015 536 2058 vero
560 1993 699 2058 Tulliam
721 2013 826 2057 meam
848 1991 978 2075 faciam,
1002 1993 1082 2077 quin

109 2101 164 2157 ea
187 2102 237 2143 me
261 2102 336 2145 eura
358 2082 636 2146 vehementissime
660 2081 823 2161 sollicitet,
851 2083 883 2144 et
906 2101 943 2144 eo
967 2081 1083 2165 magis,

127 2169 212 2253 quod
235 2169 270 2231 in
293 2169 515 2233 communibus
533 2169 670 2233 miseriis
687 2169 748 2233 hac
766 2173 877 2232 tamen
895 2168 1084 2234 oblectabar

127 2257 265 2340 specula,
287 2256 490 2321 Dolabellam
511 2277 619 2321 meum
641 2256 692 2320 vel
714 2256 822 2339 potius
841 2259 989 2321 nostrum
1011 2256 1083 2322 fore

126 2345 167 2408 ab
196 2345 234 2409 iis
263 2344 432 2428 molestiis,
460 2365 539 2428 quas
566 2344 759 2408 liberalitate
787 2367 845 2409 sua
868 2348 1084 2429 contraxerat,

126 2431 284 2496 liberum?
320 2431 427 2496 Velim
446 2452 590 2517 quaeras,
613 2454 693 2516 quos
715 2433 769 2497 ille
793 2433 860 2498 dies
884 2432 1084 2519 sustinuerit,

125 2522 160 2585 in
183 2522 262 2586 urbe
290 2522 366 2586 dum
393 2521 470 2605 fuit,
498 2542 594 2605 quam
622 2521 753 2586 acerbos
781 2522 855 2605 sibi,
883 2543 980 2606 quam
1001 2521 1084 2587 mihi

93 2622 108 2669 6
128 2610 190 2693 ipsi
214 2632 324 2676 socero
347 2630 415 2675 non
437 2609 601 2674 honestos.
646 2609 759 2694 Itaque
782 2631 887 2693 neque
910 2630 971 2695 ego
993 2609 1083 2675 hunc

125 2697 375 2782 Hispaniensem
398 2719 508 2763 casum
529 2700 693 2782 exspecto,
723 2699 761 2762 de
785 2719 848 2782 quo
872 2698 952 2762 mihi
974 2699 1082 2782 explo-

126 2787 233 2849 ratum
261 2791 310 2850 est
332 2787 378 2850 ita
401 2807 483 2866 esse,
506 2789 543 2850 ut
565 2789 602 2850 tu
626 2787 751 2870 scribiS,
778 2808 883 2870 neque
907 2786 1084 2871 quidquam

127 2876 232 2937 astute
256 2874 376 2958 cogito:
407 2875 435 2938 si
462 2874 590 2959 quando
615 2875 675 2939 erit
698 2874 825 2959 civitas,
853 2875 914 2939 erit
935 2875 1083 2958 profecto

38 2998 41 3003 ·
126 2960 220 3026 nobis
243 2961 346 3045 locus3
376 2963 426 3027 sin
450 2966 558 3028 autem
580 2984 648 3028 non
671 2963 740 3048 erit,
762 2962 798 3027 in
820 2963 948 3028 easdem
971 2962 1083 3028 solitu-

127 3050 217 3114 dines
244 3053 280 3114 tu
307 3051 389 3135 ipse,
417 3055 454 3116 ut
481 3052 632 3137 arbitror,
663 3051 771 3116 venies
816 3051 852 3117 in
879 3050 995 3134 quibus
1021 3071 1084 3117 nos

197 3295 250 3364 Ep.
269 3301 350 3362 163.
396 3296 532 3366 ignaviae,
551 3296 676 3363 de(W..)
713 3295 752 3359 ις
768 3295 913 3367 devulgo
962 3300 987 3348 4.
1019 3294 1086 3360 fide·

127 3365 280 3432 lissimebl
282 3368 319 3434 )?
366 3371 390 3420 5.
417 3370 480 3433 †an
497 3367 608 3422 dubitus
627 3366 702 3434 (W.)
741 3334 858 3421 burred.
869 3313 939 3434 (vel
962 3364 1085 3434 dubitas)

127 3436 178 3488 aut
195 3436 316 3504 equidem
338 3437 428 3502 facim
450 3438 531 3492 oud.
553 3437 627 3504 (W.).
669 3454 707 3491 ou
687 3437 744 3491 ud
770 3437 922 3507 vulgo-
946 3436 995 3505 qui
1011 3436 1087 3490 erius

127 3503 192 3569 (Or.
212 3505 263 3572 Β..)
301 3508 409 3576 quies
430 3508 466 3563 M.
504 3523 626 3580 quares.
605 3507 692 3578 sdle
693 3507 719 3563 d.
737 3510 835 3576 vetti?
