2370 3878
268 789 328 876 Μ.
362 787 612 874 TULLII
644 788 1032 879 CICERONIS

450 927 850 1004 EPISTOLARUM

384 1065 446 1132 AD
470 1063 674 1141 QUINTUM
697 1064 909 1131 FRATREM

527 1193 636 1253 LIBRI
659 1192 767 1254 TRES.

594 1367 700 1375 ..υ-...-

491 1499 620 1556 amau
645 1500 804 1558 paruos

632 1660 659 1730 L

446 1781 504 1840 Sor.
523 1783 628 1839 Romae
647 1799 672 1840 a.
690 1801 719 1839 u.
737 1800 761 1838 e,
780 1789 841 1840 694.

368 1923 515 1980 MARCUS
536 1924 673 1990 QUINTO
692 1923 828 1978 FRATRI
847 1923 923 1978 SAL.

134 2023 146 2129 ᾖ
235 2031 309 2099 Etsi
330 2055 398 2099 non
417 2034 614 2116 dubitabam,
637 2033 716 2116 quin
732 2033 818 2097 hano
837 2032 1008 2117 epistolam
1030 2033 1127 2098 muIti

168 2123 283 2205 nuntii,
305 2122 393 2185 fama
415 2122 552 2207 denique
575 2124 659 2186 esset
680 2122 751 2205 ipsa
770 2143 828 2185 sua
845 2121 1008 2185 eeleritate
1032 2143 1125 2205 supe·

167 2214 278 2274 ratura
303 2213 403 2291 tuque
431 2214 507 2274 ante
534 2210 574 2274 ab
603 2210 675 2274 aliis
702 2209 868 2274 auditurus
892 2230 978 2273 esses
1001 2230 1125 2274 annum

166 2298 299 2361 tertium
330 2299 501 2363 accessisse
533 2298 690 2363 desiderio
721 2301 834 2363 nostro
866 2300 899 2361 et
924 2297 1029 2362 labori
1057 2302 1124 2382 tuo,

166 2389 277 2449 tamen
299 2384 479 2449 existimavi
502 2407 521 2447 a
544 2407 595 2448 me
618 2407 745 2469 quoque
763 2386 823 2449 tibi
840 2386 937 2450 huius
955 2386 1123 2450 molestiae

167 2474 318 2538 nuntium
335 2472 470 2557 perferri
489 2476 649 2554 oportere:
670 2495 747 2538 nam
765 2473 983 2558 superioribus
996 2474 1123 2557 litteris,

166 2583 233 2626 non
256 2563 343 2645 unia,
371 2561 426 2625 sed
448 2560 607 2644 pluribus,
638 2582 736 2643 quum
758 2562 824 2626 iarn
850 2562 892 2627 ab
915 2561 987 2625 aliis
1011 2562 1121 2646 despe-

165 2655 237 2713 rata
263 2671 314 2712 res
342 2653 439 2732 esset,
464 2652 575 2712 tamen
600 2648 661 2713 tibi
688 2669 749 2734 ego
778 2671 868 2734 spem
894 2653 1039 2714 maturae
1069 2651 1121 2714 de·

166 2737 319 2801 cessionis
342 2736 523 2820 afferebam,
544 2758 613 2802 nou
635 2737 740 2802 solum
761 2742 798 2803 ut
821 2759 918 2821 quam
941 2737 1121 2802 diutissime

164 2829 197 2889 te
229 2823 368 2888 iucunda
399 2825 551 2908 opinione
584 2825 791 2911 oblectarem,
827 2825 883 2891 sed
914 2826 1012 2890 etiam
1044 2827 1121 2910 quia

164 2917 257 2977 tauta
280 2912 492 2977 adhibebatur
515 2917 548 2978 et
571 2935 590 2979 a
612 2914 706 2978 nobis
729 2918 762 2978 et
785 2913 1023 2997 apraetoribus
1045 2935 1120 2978 oon·

139 3003 281 3085 rteutio,
307 3004 434 3065 utrem
460 3023 556 3084 posse
578 3002 692 3067 ooufiei
714 3023 781 3068 nou
804 3002 996 3086 diffiderem
1022 3023 1120 3086 nuno,

165 3090 317 3174 quoniam
339 3089 386 3154 ita
408 3089 532 3173 accidit,
554 3092 592 3154 ut
612 3111 717 3175 neque
734 3093 899 3174 praetores
918 3090 984 3155 suis
1002 3090 1119 3174 opibus

232 3315 284 3384 Ep.
306 3321 368 3382 1,1.
405 3320 538 3383 oportere:
554 3330 621 3369 nam
700 3316 778 3384 dr'ff.;
795 3332 870 3372 uuae
883 3316 958 3386 (W.)
995 3330 1019 3372 o.
1041 3315 1120 3371 Num

223 3386 249 3441 d.
276 3385 362 3440 Nune
379 3386 473 3457 vulgo.
